2474 4182
2378 45 2405 71 Q

273 159 338 199 391
676 141 797 184 ΑΡ
865 142 901 180 O
1780 140 1915 181 AP
1983 123 2020 182 O
2355 110 2429 202 392>

268 235 361 271 findis
378 237 479 267 aetatis,
494 233 539 270 scu
552 233 664 260 liberatio
678 241 687 260 ;
715 230 815 256 pithoeo
828 229 949 265 Apocba;
981 229 1124 261 Wouzuerio
1141 239 1171 257 ex
1186 229 1264 257 Gloss'.
1280 229 1325 257 Li·
1379 227 1495 255 rationes
1512 228 1695 264 apologorum.
1753 229 1884 265 QiinGtil.
1906 233 1933 263 6,
1947 240 1970 264 3,
1990 238 2023 264 45
2031 230 2131 259 Similis
2142 233 2172 261 in
2185 234 2312 270 Apologis
2325 240 2428 272 quoque
2454 252 2460 258 μ

277 271 372 303 bellus,
394 280 448 305 quo
461 270 574 296 ostendit
588 267 717 302 quispiam
731 267 757 292 se
771 265 926 292 defunctum
940 266 1003 293 effe:
1022 264 1184 294 Defunctum
1191 274 1327 293 autemnon
1381 277 1426 283 —
1438 264 1600 297 exponendis
1613 266 1697 300 gratia
1710 267 1835 301 consequi
1850 267 1923 293 solet.
1972 267 2027 303 Ipse
2041 267 2097 294 Cic.
2117 268 2150 295 de
2163 270 2210 297 Or.
2224 280 2250 303 2,
2264 273 2317 303 264
2330 271 2370 298 Ad
2381 272 2430 301 hoe
2455 295 2458 301 .

277 310 342 339 vita,
357 307 421 342 quod
434 306 574 334 ridiculum,
583 302 631 338 fid
645 301 770 328 laboribus
776 301 851 337 forte
871 303 977 328 militiae
998 308 1041 329 etc.
1084 304 1174 329 Verum
1192 304 1327 329 luculenter
1382 308 1462 334 genus
1476 299 1627 327 adscribunt
1640 302 1720 329 etiam
1734 303 1899 329 narrationes
1913 303 2099 337 apologorum.
2143 305 2174 330 Et
2190 305 2221 332 de
2243 308 2302 332 inu.
2317 315 2338 339 i,
2351 315 2381 338 25
2393 308 2432 337 Ab
2455 303 2458 311 ²

278 341 383 376 ostendit
398 344 502 368 Grouou.
525 339 623 374 Obstru.
639 346 667 369 4,
681 345 705 369 13
722 336 870 374 significari
887 338 996 365 hocloco
1015 339 1065 364 leue
1083 345 1180 364 tantum
1195 338 1329 374 specimen,
1382 335 1473 369 aliqua
1487 343 1517 361 re
1533 335 1665 370 incipere,
1687 347 1753 372 quae
1767 339 1903 366 contineat
1925 338 1968 365 vel
1981 338 2135 373 apologum,
2156 341 2200 366 vel
2213 341 2342 368 fabulam.
2394 344 2433 372 Aa

278 380 346 404 velut
360 379 506 403 cerimoniae
522 373 594 408 causi
606 372 707 400 editum.
768 374 803 399 Vt
821 373 879 400 adeo
886 373 1002 410 formula
1014 377 1041 399 in
1055 383 1082 400 re
1095 374 1238 410 nequiffima
1255 384 1270 400 a
1284 375 1328 401 Pe·
1349 372 1362 399 5
1384 372 1502 398 Herenn.
1517 380 1535 402 i,
1549 380 1577 398 10
1594 373 1770 401 Exordiemur
1783 375 1815 401 ab
1830 375 1954 410 apologo,
1975 383 1991 402 a
2004 374 2094 401 fabula
2107 374 2255 403 verisimili.
2290 378 2333 405 Sic
2350 378 2433 414 Agere

276 417 360 441 tronio
373 413 486 438 adhibita
498 409 532 435 ad
543 411 594 434 alia
613 409 693 434 multa
705 406 801 442 honeste
818 409 961 446 transferri
976 409 1061 444 poffi't.
1385 407 1530 442 apologum
1541 407 1635 447 *Plane
1653 408 1733 436 Stich.
1746 420 1775 444 4,
1789 419 1810 443 1,
1825 419 1872 443 32..

315 456 336 475 A
346 456 359 474 1·
369 456 388 472 (ι
399 455 415 473 ι)
427 454 433 471 1
443 453 458 472 C
468 452 489 471 Τ
500 444 509 470 Ῑ
519 451 535 470 C
547 451 566 468 V
577 451 601 476 s,
620 453 644 477 a,
659 453 714 470 um.
735 442 929 480 [ἀποδεικτικὴ]
947 443 1172 478 Demonstratiuus.
1194 445 1248 472 vid.
1259 445 1331 472 Gen.
1422 450 1444 469 A
1456 450 1470 468 P
1480 449 1580 469 OLOG
1592 450 1627 476 ο,
1645 447 1697 470 ἦτε.
1718 444 1878 479 [oiri-mysos]
1905 446 2010 472 Verbum
2026 445 2144 481 iifialens,
2166 446 2231 481 quod
2235 453 2316 473 tamen
2329 447 2436 481 corfian.
2454 450 2457 454 ⁸

280 492 318 518 ¹7⁷
334 492 354 516 3'
374 489 397 507 H
414 482 492 507 Mart.
508 479 608 514 (japen,
624 488 637 512 5
656 489 681 515 p,
698 488 749 512 ¹52,
1384 485 1424 504 ter
1438 480 1539 516 legitur.
1574 478 1632 505 Sen.
1647 479 1726 514 Epist.
1740 488 1776 515 47
1801 482 1857 516 Ipse
1875 481 1952 508 illuni
1969 482 2086 508 inuicem
2101 481 2272 516 apologauit,
2292 488 2318 509 et
2331 491 2384 510 non
2395 485 2436 512 iu.

315 527 334 545 A
348 526 360 543 1·
370 524 389 542 0
400 523 417 542 D
428 514 447 542 ὁ
457 523 469 542 s
479 523 487 542 1
497 523 509 542 s
520 536 527 547 ,
548 516 578 542 is.
604 515 623 542 f.
645 514 793 550 [indiam]
813 516 941 543 Redditio.
988 517 1108 542 Donatus
1127 515 1162 542 ad
1179 515 1242 542 illud
1260 516 1329 542 Ter.
1385 515 1486 541 dicauit
1500 514 1582 540 domo
1610 515 1654 541 sua
1667 515 1786 550 dignum.
1807 518 1836 544 de
1850 515 1951 551 Callisto
1966 517 2066 544 Claudii
2079 517 2178 550 liberto,
2201 520 2244 553 qui
2257 518 2377 546 dominum
2394 530 2436 549 ‹m-
2452 514 2467 552 ,.’

279 553 358 579 Andr.
375 561 401 583 1,
423 559 455 584 5,
475 560 508 583 43
535 551 637 579 Adeon⁷
657 560 700 578 ine
723 552 850 586 ignauum
869 558 954 587 putas,
974 552 1068 578 adeon'
1089 560 1172 586 porro
1186 552 1330 586 ingratum,
1346 554 1374 572 10
1384 558 1407 576 tc
1417 550 1498 587 suum,
1519 553 1569 576 iam
1584 557 1641 576 ante
1653 552 1726 577 limen
1733 552 1805 588 suum
1817 550 1927 586 stantem
1941 553 2048 588 exclusit.
2086 553 2173 580 Fuerit
2192 556 2229 579 ita
2248 563 2283 585 uc,
2304 553 2386 590 Lipsto
2401 558 2436 585 ι.-
2451 558 2474 587 [ς

276 595 321 615 aut
334 587 509 613 inhumanum
518 607 526 619 ,
545 593 590 615 aut
604 587 691 615 ferum
701 607 709 620 ,
735 594 763 614 vt
777 597 863 623 neque
882 596 924 614 nie
938 587 1117 619 consuetudo,
1139 596 1224 622 neque
1245 596 1331 620 amor,
1387 586 1449 617 dice,
1463 585 1589 618 οἷπολέγειν
1601 589 1711 618 reiis-ere,
1726 588 1863 622 repudiare.
1901 590 2014 616 Eiusdem
2021 589 2081 625 fere
2094 595 2203 615 monetae
2217 562 2250 623 ὦ
2449 591 2472 620 ,1

276 632 363 658 neque
380 623 467 658 pudor
480 629 657 656 commoueat,
670 632 757 658 neque
769 630 946 656 commoueat,
955 624 1092 651 vtscrueni
1107 623 1186 649 tidem
1197 625 1205 650 3
1224 623 1330 658 Apodo-
1423 629 1445 648 A
1455 629 1470 648 1‘
1479 629 1498 648 O
1507 629 1522 648 L
1532 628 1551 648 O
1560 628 1580 648 G
1591 628 1611 648 Α
1621 629 1642 648 Τ
1652 629 1689 648 10
1698 642 1706 655 ,
1732 623 1800 649 onis.
1827 624 1847 650 f.
1874 625 2061 660 [οἷπολόφησις]
2089 624 2222 658 Qinffil.
2237 632 2266 657 5,
2285 633 2317 657 ιι,
2330 633 2364 653 20
2381 626 2436 654 No.

277 659 346 686 sisad
360 659 511 693 superiora:
530 659 679 696 Consuetudo
694 659 978 695 aduersiisferitatcm.·
997 661 1077 687 Amor
1085 659 1208 686 aduersus
1220 660 1332 686 inhuma-
1386 657 1502 684 stroruin
1518 656 1625 692 quidam
1639 666 1693 684 non
1705 658 1765 684 sane
1783 666 1888 694 recepto
1903 661 1932 687 in
1951 662 2027 688 vsuiii
2041 661 2152 688 nomine
2166 660 2438 695 Apologationemvo-
2452 678 2457 707 ι

277 698 380 722 nitatem
389 706 396 720 :
418 695 501 722 Pudor
515 695 639 722 aduersus
652 698 781 731 ingratum
794 698 911 722 animum.
1385 699 1453 719 cant.
1490 695 1528 720 De
1532 693 1634 729 fabulis
1649 695 1768 730 quuitur.
2452 710 2458 730 ¹,

313 738 333 757 A
344 737 416 757 1¹01)
427 737 613 758 rTERivM
625 751 632 763 ‚
652 731 670 757 i.
691 740 716 757 n.
752 728 944 767 [αἰποὸυτήρων]
969 729 1047 766 Qafi
1065 730 1136 757 dicas
1156 730 1330 761 Exutoi·ium;
1346 729 1371 753 15
1423 735 1520 755 Aroi
1531 736 1549 755 o
1560 736 1638 756 GiA.
1672 729 1831 765 [αἰπολογία]
1854 730 1971 768 Defensio
1985 730 2179 767 velem-ustum,
2197 733 2335 768 purgatio,
2353 728 2454 760 ctera-‘¹

274 767 354 793 Locus
364 769 391 792 in
406 766 500 793 balneis
512 773 570 794 ante
581 765 725 803 hypocausti
737 765 880 804 ingreffum,
899 766 943 793 vbi
956 768 1033 793 loturi
1039 766 1069 801 fi
1083 767 1209 797 exuebant,
1221 767 1245 791 h.
1259 775 1277 790 e.
1292 775 1331 791 uc-
1385 767 1431 796 tio,
1447 773 1494 800 qua
1501 764 1531 800 fi
1544 768 1599 801 quis
1613 765 1736 802 defendit,
1749 764 1805 800 flue
1817 765 1880 792 illud
1891 768 1957 803 apud
1970 769 2073 795 iudicem
2079 768 2128 802 sit,
2135 767 2189 802 flue
2202 777 2259 794 non.
2295 767 2337 795 Sic
2344 767 2443 802 Apol&

266 800 388 835 stuncuta
402 802 559 838 deponebant.
597 803 653 829 Cic.
668 804 707 837 Q
720 803 803 830 Fratr.
820 811 842 834 3,
858 812 865 828 i
892 803 922 829 In
935 801 1093 833 balneariis,
1114 802 1162 828 ass'a
1176 802 1203 827 in
1216 801 1331 827 alterum
1386 800 1429 834 gia
1448 807 1553 826 vocatur
1571 801 1642 832 liber,
1661 810 1706 838 quo
1715 801 1744 838 se
1755 804 1874 838 amagiae
1886 805 1991 830 crimine
2009 803 2126 840 defendit
2138 804 2268 839 Apuleius.
2407 801 2452 846 ‘'*0

273 838 426 873 apodyterii
439 839 565 872 angulum
579 840 715 874 promoui,
741 844 880 873 propterca
894 838 966 873 quod
981 839 1017 864 ita
1031 843 1106 863 erant
1128 836 1224 870 polita,
1243 842 1271 862 vt
1287 846 1330 862 eo·
1421 843 1444 863 Α
1453 843 1467 862 1²
1476 843 1495 862 o
1505 843 1521 862 L
1530 844 1549 862 o
1558 842 1578 862 G
1589 843 1605 863 E
1614 844 1635 863 Τ
1645 835 1657 863 i
1667 844 1683 864 c
1692 845 1712 864 v
1723 845 1735 864 s
1744 857 1753 870 ,
1773 846 1798 869 a,
1818 846 1873 864 uin.
1917 839 1962 865 Ad
1975 838 2136 876 defensionem
2144 840 2265 874 aptusvel
2277 844 2385 874 compar
2406 840 2411 846 ’
2426 859 2434 871 ,
2449 851 2453 871 ,ι

273 883 334 900 runi
357 875 545 909 vaporarium,
579 883 611 901 ex
629 884 683 910 quo
697 875 766 909 ignis
787 874 919 908 erumpit,
954 874 1013 899 esset
1027 872 1074 899 sub
1089 873 1187 899 tedium
1202 872 1330 899 cubiculi.
1386 870 1428 898 Sic
1441 874 1467 897 iu
1480 874 1594 908 antiquis
1606 873 1679 901 MSS.
1694 879 1799 900 vocatur
1819 873 1989 902 Tertulliani
2003 875 2194 911 apologeticus.
2231 876 2263 902 Et
2274 874 2387 901 Hieron.
2405 876 2426 908 ξ
2444 873 2453 897 ,⁸

273 910 340 936 Plin.
362 918 390 942 5,
410 912 442 942 6,
468 918 498 944 25
518 910 582 938 Inde
601 910 788 946 apodyterium
806 909 895 937 balnei
909 910 999 936 laxum
1018 915 1044 935 et
1066 907 1152 935 hilare
1164 909 1265 943 excipit
1278 909 1375 935 cel-20
1386 906 1595 940 Pammachiuiu,
1612 909 1819 944 Apologeticum
1831 908 1884 935 tibi
1899 909 1968 943 misi,
1988 920 2069 946 quem
2080 910 2258 948 προσεφώνησιι.
2306 908 2349 944 Est
2361 913 2403 945 i,=¹
2429 900 2455 958 Α

274 945 298 972 la
326 945 476 980 frigidaria,
1384 943 1582 978 Apologeticus,
1600 944 1672 978 liber,
1690 954 1736 981 quo
1748 944 1810 981 quid
1821 944 1976 982 defenditur.
2438 968 2439 971 ,

311 988 558 1014 ΑιὶυεΝῐΝνς,
578 981 631 1009 vid.
654 987 901 1008 APENNist.
1422 986 1727 1008 Aruiooismvs.
1753 980 1959 1016 [α’πολογισμδς]
1991 981 2065 1009 Idem
2087 982 2160 1018 quod
2185 981 2328 1017 Apologia.
2390 981 2451 1017 ‘'24‘'-

310 1025 332 1044 Α
344 1025 358 1044 1¹
369 1023 418 1044 OG
429 1019 446 1044 E·
455 1025 512 1049 vs,
537 1018 555 1044 i.
581 1027 616 1044 m.
643 1016 790 1050 [ἀπόγειος]
823 1016 917 1041 Ventus
935 1023 952 1041 a
963 1021 1033 1042 terra
1038 1014 1120 1052 flans.
1176 1015 1244 1042 Plin.
1257 1024 1283 1048 2,
1296 1024 1327 1049 43
1385 1015 1440 1042 Att.
1462 1017 1499 1047 16,
1513 1023 1530 1050 7
1549 1015 1597 1043 sed
1614 1017 1713 1049 Graece,
1734 1016 1914 1051 Ἀπολογισμόν
1932 1017 2093 1053 avr-rdinum,
2394 1024 2411 1052 .'

273 1053 353 1080 Venti
375 1062 435 1079 cum
462 1062 476 1080 e
496 1053 564 1080 mari
583 1052 696 1079 redeunt
719 1051 844 1085 Tropaei
862 1056 1010 1084 vocantur,
1047 1051 1065 1077 si
1083 1057 1198 1086 pergunt
1217 1052 1328 1086 Apogei.
1421 1059 1467 1078 ΑΡ
1477 1059 1496 1079 O
1506 1058 1556 1078 No
1566 1071 1574 1084 ,
1603 1058 1650 1087 pro
1662 1052 1752 1088 depono
1759 1053 1859 1089 quidam
1872 1054 1958 1090 legum
1965 1059 2006 1089 ap.
2025 1053 2107 1081 Plaut.
2118 1054 2174 1081 Cas.
2189 1061 2214 1086 2,
2228 1054 2255 1085 6,
2270 1060 2302 1078 ιι.
2322 1057 2347 1078 et
2363 1051 2398 1079 Po
2427 1062 2428 1068 ¹

272 1086 293 1126 q
321 1098 335 1115 2
375 1090 453 1126 Vulgo
479 1088 646 1116 Astronomis
669 1089 825 1122 Apogaeum
840 1088 909 1114 locus
921 1088 1040 1123 planetae
1056 1096 1073 1114 a
1095 1093 1166 1114 terra
1188 1097 1261 1124 quam
1279 1098 1330 1115 ma·
1345 1095 1420 1120 234,
1435 1096 1467 1120 2,
1482 1095 1518 1120 35.
1554 1087 1609 1114 vicl.
1642 1090 1718 1115 Parei
1730 1090 1791 1115 Lex.
1806 1089 1871 1116 Crit.
1896 1096 1927 1125 p.
1944 1098 1999 1116 102.
2031 1089 2080 1126 sed
2102 1087 2205 1121 restim,
2228 1090 2352 1123 Appono.
2392 1101 2394 1104 ·

269 1128 334 1151 xime
354 1133 469 1151 remotus.
1422 1130 1443 1150 A
1452 1130 1467 1149 P
1476 1131 1496 1150 O
1506 1131 1527 1150 N
1535 1130 1556 1150 v
1565 1130 1577 1150 s
1586 1143 1595 1155 ,
1622 1123 1640 1149 i.
1664 1133 1699 1151 m.
1737 1123 1878 1159 [''Anoros]
1907 1127 1987 1161 Prope
2001 1126 2144 1158 Patauium,
2155 1125 2200 1152 vbi
2213 1131 2237 1151 et
2249 1133 2326 1160 aquae
2335 1124 2402 1150 calin

309 1168 330 1187 A
340 1168 354 1187 P
365 1168 384 1187 O
394 1167 414 1186 G
425 1168 442 1187 R
452 1157 474 1186 κζ
483 1167 496 1186 P
507 1165 556 1185 HV
567 1164 602 1190 M,
620 1158 638 1184 i.
661 1157 674 1191 [
683 1157 843 1193 ἐπέγραφον]
870 1159 1011 1193 Exemplum
1026 1164 1050 1184 et
1063 1157 1198 1195 descriptio
1211 1158 1282 1191 libri,
1299 1162 1329 1185 it.
1384 1161 1469 1185 variis
1488 1158 1580 1186 morbis
1603 1166 1684 1195 aptae,
1703 1160 1837 1187 Claudiani
1861 1162 1966 1199 elegiaco
1991 1165 2100 1188 carmine
2122 1160 2238 1188 laudatae
2251 1181 2258 1190 ‚
2291 1166 2315 1186 et
2334 1169 2349 1186 a
2394 1164 2407 1181 Γ
2426 1170 2428 1176 ·

270 1199 351 1232 imago
364 1196 469 1223 tabulae.
507 1196 596 1220 Latine
610 1194 778 1229 Descriptum
791 1200 816 1220 et
830 1194 998 1229 Ezscriptum
1018 1193 1123 1220 dicitur.
1167 1194 1223 1221 Cic.
1239 1196 1292 1221 Att.
1302 1204 1329 1222 12
1384 1194 1469 1221 dorico
1492 1195 1639 1222 Gotthorum
1660 1205 1717 1233 rege
1739 1195 1863 1223 moenibus
1881 1194 1995 1230 cinciae,
2032 1195 2091 1230 telle
2114 1195 2270 1231 Caffiodoro,
2301 1197 2345 1233 qui
2363 1203 2407 1222 co
2429 1206 2432 1210 ’

270 1240 301 1266 52
321 1232 399 1259 libros
411 1231 471 1267 ficos
481 1229 665 1266 philosophicos
678 1229 839 1265 Apographa
852 1239 941 1256 vocare
949 1236 1068 1265 putatur,
1092 1228 1161 1265 qmfi
1172 1230 1330 1266 scriptorum
1379 1230 1409 1266 se
1421 1230 1539 1267 discribit
1551 1232 1613 1259 Var.
1627 1240 1653 1264 2,
1666 1240 1705 1264 39.
1741 1231 1883 1259 Claudiani
1896 1243 1995 1260 carmen
2007 1235 2113 1270 incipit,
2134 1233 2203 1259 Fons
2218 1232 2385 1258 Antenoreae
2419 1249 2425 1262 2

270 1267 702 1303 Graecorumimaginesetexempla.
737 1266 804 1292 Plin.
814 1273 872 1298 3511
893 1266 981 1292 Huius
990 1264 1095 1291 tabulae
1104 1266 1248 1301 exemplar,
1257 1266 1330 1301 quod
1343 1274 1376 1298 30
1387 1272 1440 1292 tam
1456 1268 1503 1302 qui
1517 1267 1633 1302 porrigit
1646 1267 1719 1294 vrbi.
1775 1269 1869 1295 Nomen
1883 1272 1959 1304 ponit
1979 1278 2005 1296 v.
2025 1277 2060 1302 90
2082 1268 2183 1295 Felices
2201 1268 2351 1330 proprium:1
2352 1276 2373 1330 ἒ
2400 1282 2407 1299 ..
2428 1273 2430 1288 :

2369 1311 2384 1330 e
2400 1323 2402 1325 .

2415 1218 2432 1248 Ji

2417 1302 2431 1413 ξ,

2422 1079 2451 1148 ³1

2428 1152 2434 1176 ς

2426 1184 2433 1208 a

2424 1232 2440 1272 1,

270 1302 450 1338 Apographon
463 1308 568 1333 vocant,
590 1302 619 1329 L.
635 1301 761 1328 Lucullus
775 1301 879 1328 duobus
895 1301 1000 1328 talentis
1013 1301 1087 1328 emit.
1384 1311 1507 1330 meruere
1521 1303 1628 1336 coloni,
1655 1304 1702 1330 Fas
1722 1303 1821 1338 quibus
1837 1304 1873 1331 est
1885 1305 2000 1340 Aponon
2014 1305 2083 1332 iuris
2095 1304 2193 1331 habere
2213 1304 2263 1330 sui.
2310 1304 2333 1329 A

305 1346 326 1365 A
336 1347 350 1365 P
360 1346 379 1365 O
391 1345 406 1364 L
419 1345 440 1365 A
449 1345 464 1365 C
474 1345 495 1365 T
506 1346 513 1364 i
524 1345 539 1364 z
550 1344 569 1364 Ο
578 1357 586 1369 ,
605 1341 658 1364 are.
680 1336 865 1372 [οἷπολακτίζω]
886 1337 1000 1364 Calcibus
1008 1338 1132 1373 repellere.
1158 1337 1240 1364 Plaut.
1250 1337 1327 1373 Epid.
1385 1347 1422 1371 12,
1442 1347 1491 1372 2¹9
1510 1340 1667 1366 Consultans
1680 1339 1814 1366 Tiberius
1827 1340 1909 1367 sortes
1923 1341 1951 1367 ir.
1965 1349 2025 1368 euin
2033 1341 2137 1368 fontem
2149 1339 2275 1367 coniecit.
2311 1339 2393 1366 Suco
2435 1361 2437 1376 ¹

269 1381 292 1407 5,
306 1383 332 1406 2,
348 1383 371 1406 13
391 1373 562 1408 ’Λπολακτίζω
575 1374 670 1400 imicos
692 1382 793 1400 omnes.
837 1374 892 1400 Vox
910 1380 1056 1403 contemtus.
1383 1374 1440 1401 ber.
1457 1383 1496 1409 14.
1522 1375 1674 1412 Videtur-que
1686 1375 1733 1403 huc
1745 1374 1873 1412 respexisti}
1887 1376 2008 1403 Lucanus
2016 1385 2043 1412 7,
2057 1385 2103 1410 192
2123 1386 2178 1402 cum
2191 1375 2272 1413 nescio
2285 1383 2378 1412 quema
2399 1388 2402 1394 s

306 1417 327 1437 Α
337 1417 351 1437 Ρ
361 1417 380 1437 0
391 1418 407 1437 L
416 1418 438 1438 A
447 1418 467 1436 v
477 1417 489 1436 s
499 1417 520 1436 T
530 1417 550 1435 ν
561 1417 573 1436 s
582 1430 589 1442 ,
610 1409 628 1436 i.
646 1418 681 1436 in.
701 1410 714 1443 [
721 1409 879 1444 ἐπάλανςος]
899 1409 1172 1445 Voluptatiseruiens.
1210 1408 1328 1444 Capitol.
1383 1419 1434 1437 rem
1445 1410 1474 1437 de
1490 1412 1599 1447 Pompeii
1611 1411 1680 1438 clade
1692 1411 1727 1438 ad
1737 1414 1824 1448 Aponi
1829 1412 1931 1449 fontem
1939 1413 2085 1449 praedicere
2091 1412 2174 1449 facit.
2393 1422 2395 1427 ·

269 1445 298 1472 in
316 1447 387 1473 Vero
402 1451 414 1477 8
437 1445 540 1473 Habuit
552 1452 578 1472 et
590 1445 737 1480 Agrippam
760 1445 935 1478 histrionem,
957 1454 1038 1481 quem
1058 1445 1224 1479 apolaustuin
1239 1446 1327 1472 nomi-
1342 1451 1370 1477 35
1420 1454 1494 1474 Aeo
1504 1454 1544 1474 Νι
1554 1455 1575 1473 Ν
1585 1455 1606 1474 ν
1616 1455 1645 1480 s,
1659 1456 1682 1479 a,
1696 1457 1750 1474 uin.
1770 1448 1831 1474 Adi.
1851 1455 1890 1481 vt,
1905 1449 2045 1484 Aponinae
2059 1449 2152 1481 sortes,
2173 1446 2239 1484 quod
2250 1445 2358 1483 Casaubo
2389 1455 2395 1467 ι

269 1482 354 1514 nauit,
372 1491 396 1518 q.
412 1481 437 1508 d.
463 1491 509 1518 quo
520 1480 584 1518 frui
596 1482 692 1518 solitus
700 1480 747 1516 fit.
805 1480 873 1508 Idem
887 1479 920 1514 est
933 1481 961 1508 de
982 1490 1029 1518 quo
1038 1481 1175 1516 Lamprid.
1197 1482 1226 1508 i11
1245 1482 1326 1508 Com·
1383 1482 1505 1509 Gruterus
1523 1484 1610 1519 legunt
1629 1486 1656 1510 in
1675 1484 1784 1518 Vopisci
1808 1484 1918 1517 Firmo,
1939 1493 1961 1517 3.
1979 1485 2024 1512 vbi
2039 1485 2114 1522 vulgo
2127 1485 2222 1521 legitur
2235 1482 2408 1517 Apenninis:

268 1517 349 1544 modo
374 1525 402 1552 q.
1399 1518 1448 1545 uod
1459 1518 1524 1545 idem
1545 1519 1700 1555 Casaubonus
1713 1527 1738 1546 et
1756 1519 1888 1555 Salmasius
1908 1524 1984 1547 etiam
2003 1524 2031 1547 in
2046 1519 2162 1547 Claudio
2181 1518 2328 1551 Pollionis,
2348 1526 2377 1544 10
2398 1544 2410 1550 ,,

306 1561 326 1580 A
336 1561 351 1580 P
361 1560 380 1580 o
389 1560 405 1580 L
415 1560 431 1579 E
440 1559 457 1579 C
465 1559 486 1579 T
495 1559 516 1578 ν
525 1559 538 1578 s
546 1571 554 1584 ,
582 1551 605 1591 i:
626 1561 663 1578 m.
685 1550 861 1586 [οἷπόλεκτος]
882 1549 1016 1586 Deiectus,
1030 1551 1085 1587 stuc
1097 1549 1206 1580 Seleflus
1219 1562 1235 1579 a
1249 1552 1324 1581 verbo
1378 1527 1444 1581 Zunc
1451 1554 1546 1581 modum
1554 1564 1692 1588 correxere,
1711 1557 1802 1590 Qium
1810 1556 1840 1583 in
1846 1556 1973 1592 Aponino
1982 1556 2014 1583 de
2022 1557 2047 1583 se
2057 1555 2215 1589 consuleret,
2230 1564 2281 1582 non
2290 1555 2363 1589 Apen
2384 1552 2391 1559 “
2400 1544 2433 1577 75³¹

267 1588 391 1622 dno).s‘yw‚
404 1587 468 1624 quod
480 1589 570 1623 Deligo
578 1587 720 1624 significat.
755 1588 798 1615 Sic
809 1588 896 1624 legunt
908 1594 966 1614 ante
981 1589 1089 1615 Gronau.
1132 1589 1224 1624 Ierique
1254 1598 1325 1621 roeo,
1379 1597 1403 1616 et
1415 1593 1617 1625 interpretantur
1637 1593 1664 1617 in
1679 1592 1768 1627 Aponi
1785 1592 1870 1619 fonte.

266 1624 333 1659 quoii
340 1625 424 1660 paullo
436 1630 494 1650 ante
501 1623 682 1650 dcclarauimus
702 1629 724 1650 A
734 1629 749 1649 P
759 1630 779 1650 Ο
787 1629 804 1650 C
812 1631 828 1650 L
837 1630 855 1650 E
863 1629 884 1649 T
894 1631 914 1650 1.
1092 1595 1150 1662 ffpz
1169 1626 1228 1660 Apo
1241 1624 1325 1658 ectus,
1339 1629 1376 1654 40
1418 1633 1440 1652 A
1451 1633 1466 1652 P
1475 1633 1496 1653 0
1504 1633 1520 1653 P
1529 1633 1550 1654 H
1560 1625 1600 1653 AS
1611 1634 1620 1653 1
1631 1634 1643 1653 s
1651 1646 1660 1659 ,
1682 1627 1712 1653 is.
1737 1628 1757 1654 f.
1777 1627 1935 1663 [da-ispum,
1953 1626 2002 1653 οἷπδ
2024 1628 2058 1654 τὲ
2077 1625 2215 1661 ἐπίφημι]
2237 1627 2356 1664 Negatio.
2366 1625 2390 1653 F

267 1659 443 1694 [οἷπόλεκτος]
466 1661 547 1686 Genus
558 1658 649 1694 piscis,
663 1667 692 1684 ex
699 1658 851 1693 pelamidum
864 1664 960 1695 genere.
996 1659 1062 1686 Plin.
1071 1668 1099 1693 9,
1112 1668 1146 1694 15.
1380 1671 1426 1693 ra,
1451 1661 1480 1688 de
1493 1671 1541 1698 qua
1552 1661 1592 1697 fic
1611 1662 1745 1696 Qiinffll.
1757 1671 1783 1696 9,
1796 1671 1822 1696 2,
1837 1671 1874 1698 47
1910 1662 2048 1697 Qiaedarn
2061 1672 2128 1690 vero
2141 1671 2238 1697 genera
2246 1661 2326 1689 huius
2338 1661 2367 1688 fi
2405 1652 2424 1670 ¹⁴

304 1704 327 1723 Α
337 1703 351 1722 i>
362 1693 406 1723 ὂι.
416 1703 425 1722 1
435 1703 448 1722 s
459 1715 465 1721 .
487 1703 508 1722 c.
527 1695 656 1734 [ἐίῃολις]
688 1695 740 1729 Qi
760 1693 831 1720 πόλιν
845 1698 989 1727 ciuitatem,
1010 1695 1036 1732 s
1049 1698 1090 1721 ius
1102 1698 1220 1722 ciuitatis
1232 1695 1323 1730 amisit.
1378 1697 1482 1724 nullam
1500 1706 1560 1724 cuin
1575 1699 1660 1733 tropis
1683 1698 1781 1726 habent
1795 1699 1964 1726 societatem:
1987 1705 2018 1725 vt
2029 1699 2076 1725 illa
2091 1699 2180 1725 statim
2195 1698 2300 1733 prima,
2320 1706 2386 1733 quae
2411 1687 2431 1739 s:

266 1732 415 1758 Martianus
434 1731 463 1757 in
482 1730 500 1756 l.
522 1729 650 1763 Qndam.
666 1737 704 1764 17.
725 1729 758 1755 D.
779 1729 812 1756 de
825 1739 904 1764 poen.
923 1732 992 1757 Item
1002 1731 1114 1766 quidam
1127 1729 1241 1757 οἷπόλιδις
1253 1733 1322 1764 sunt,
1379 1732 1449 1759 citur
1463 1742 1479 1760 a
1489 1733 1626 1767 negando,
1652 1743 1732 1768 quam
1746 1735 1871 1761 nonnulli
1883 1740 1980 1761 vocant
1997 1734 2130 1770 ἀπόφασιν.
2188 1735 2272 1761 Huius
2283 1741 2364 1761 autem
2399 1748 2402 1751 ι

266 1766 318 1794 hoc
334 1767 380 1799 cst,
393 1766 446 1793 fine
460 1765 580 1805 ciuitate,
594 1770 623 1791 vt
635 1765 693 1791 sunt
707 1765 736 1790 in
749 1773 816 1804 opus
830 1765 970 1798 publicum
990 1773 1120 1801 perpetuo
1133 1767 1188 1794 dati
1201 1773 1227 1794 et
1239 1767 1269 1794 in
1282 1767 1322 1794 in-
1376 1777 1420 1794 rae
1433 1768 1484 1804 ipse
1495 1769 1541 1795 hoc
1549 1771 1625 1804 ponit
1638 1771 1788 1805 exemplum,
1809 1770 1874 1796 Non
1888 1779 1964 1804 agam
1975 1776 2063 1797 tecum
2075 1770 2136 1797 iure
2149 1771 2268 1797 summo:
2289 1778 2343 1797 non
2349 1764 2429 1796 di'nst'

265 1803 349 1829 sulam
363 1803 505 1842 deportati.
522 1800 609 1840 *Adai
623 1800 653 1826 L.
669 1809 677 1826 1
693 1798 746 1836 §.2
766 1800 828 1834 Dig.
843 1799 875 1827 de
889 1801 986 1840 Legat..
998 1801 1047 1841 1ib5
1063 1809 1086 1833 3.
1332 1811 1366 1838 45
1376 1805 1450 1839 quod
1476 1803 1587 1831 forsitan
1604 1803 1764 1832 obtinerem.
1820 1805 1981 1840 Apophasis,
2007 1807 2145 1838 Sententia,
2165 1804 2275 1838 dicium,
2309 1803 2396 1842 respon
2418 1821 2421 1826 ι

300 1846 346 1865 ΑΡ
356 1845 401 1865 (ιι.
411 1844 470 1870 Lo,
489 1845 557 1868 iius3
576 1843 599 1862 et
614 1836 743 1871 Apollos,
761 1844 787 1862 0.
803 1836 852 1862 sec.
861 1836 908 1862 Gr.
921 1836 1141 1876 declinationem:
1159 1837 1321 1872 [Ἀπόλλων]
1377 1840 1440 1874 νΙρ,
1455 1840 1484 1866 in
1503 1840 1521 1866 l.
1535 1849 1544 1866 1
1563 1838 1587 1877 §.
1603 1848 1613 1866 1
1630 1841 1661 1867 D.
1677 1841 1709 1867 de
1722 1841 1844 1876 appellat.
1861 1850 1891 1868 ex
1904 1840 2025 1876 rescripto
2039 1842 2132 1867 Graeco
2143 1843 2280 1868 Antonini.
2434 1859 2437 1868 v

264 1883 333 1910 quem
349 1876 438 1902 Graeci
451 1876 525 1899 etiam
544 1871 637 1904 Φοῖέον,
661 1872 686 1900 h.
700 1881 721 1899 e.
735 1872 812 1899 Solem
823 1872 958 1907 appellant.
1001 1872 1058 1899 Cic.
1072 1871 1104 1898 de
1119 1872 1182 1899 Nat.
1197 1873 1278 1899 Deor.
1294 1881 1320 1905 2,
1413 1882 1458 1902 ΑΡ
1467 1882 1486 1902 0
1496 1883 1511 1901 P
1521 1882 1541 1901 Η
1551 1883 1567 1901 L
1577 1883 1594 1902 E
1603 1882 1687 1903 GMA
1696 1884 1717 1903 T
1727 1884 1736 1903 1
1745 1885 1758 1904 s
1768 1884 1824 1904 MV
1833 1884 1845 1904 s
1856 1896 1863 1908 ,
1888 1876 1907 1903 i.
1932 1886 1968 1903 ni.
1995 1875 2280 1912 [ἐποφλεγματισμδς]
2298 1875 2335 1904 est
2351 1869 2439 1904 Remo

265 1913 297 1940 68
317 1911 373 1937 Iam
386 1909 520 1944 Apollinis
533 1917 635 1935 nomen
648 1908 684 1934 est
700 1908 840 1940 Graecum,
856 1917 938 1942 quem
951 1907 1039 1934 Solem
1053 1909 1102 1935 effe
1120 1907 1226 1935 volunt.
1264 1909 1320 1934 Ma·
1377 1909 1455 1942 dium,
1470 1910 1535 1945 quod
1547 1913 1575 1935 in
1588 1920 1628 1937 ore
1635 1918 1756 1938 retentum
1770 1914 1813 1940 vel
1822 1912 2009 1944 manducatum,
2025 1918 2069 1939 aut
2080 1913 2180 1949 linguae
2186 1913 2330 1949 subditum,
2348 1913 2420 1940 noxio
2433 1908 2438 1926 ³
2473 1929 2474 1933 =

263 1945 339 1972 erob.
356 1946 407 1972 Sat.
428 1952 448 1976 ι,
463 1951 492 1978 ι7
516 1944 652 1978 Apollinis
664 1952 765 1969 nomen
783 1943 930 1978 multiplici
945 1944 1168 1979 interpretatione
1187 1943 1220 1970 ad
1233 1943 1320 1971 Solem
1376 1954 1483 1981 quosque
1496 1946 1608 1971 humores
1622 1955 1651 1972 ex
1664 1950 1746 1982 capite
1760 1947 1881 1975 detrahit.
1919 1949 1988 1974 Hinc
2406 1967 2409 1969 .

265 1981 395 2008 refertur:
414 1979 489 2007 cuius
505 1980 546 2006 rei
561 1977 684 2005 ordinem
698 1987 806 2013 pergam
819 1979 942 2013 pandere.
998 1981 1031 2006 Et
1042 1980 1130 2016 adfert
1144 1980 1231 2006 deinde
1237 1981 1321 2015 pluri·
1332 1986 1364 2012 50
1414 1988 1436 2008 A
1445 1988 1459 2007 i>
1470 1988 1489 2008 o
1499 1988 1513 2007 ι’
1523 1988 1542 2008 H
1553 1987 1569 2006 ι.
1578 1988 1596 2007 Ε
1605 1987 1626 2008 G
1636 1988 1661 2008 M
1670 1989 1693 2009 A
1702 1989 1723 2009 T
1733 1990 1742 2008 ι
1751 1990 1771 2010 D
1780 1990 1791 2010 1
1799 1990 1818 2010 o
1829 2002 1838 2015 ‚
1869 1987 1924 2009 are.
1952 1989 2000 2017 per
2022 1981 2311 2018 Apophlegmatismum‘
2333 1990 2418 2010 curari

263 2026 320 2048 ma,
341 2017 369 2042 de
389 2015 476 2051 quibus
489 2014 535 2041 hoc
555 2014 624 2040 modo
646 2016 782 2049 ponimus,
835 2013 961 2048 Virgines
985 2015 1102 2041 Vestales
1120 2016 1158 2041 ita
1174 2015 1321 2050 indigitant
1376 2015 1410 2050 ‹st
1422 2016 1490 2052 apud
1502 2015 1560 2043 Th.
1574 2017 1698 2044 Priscian.
1712 2026 1738 2051 2,
1751 2027 1774 2051 3.
1817 2017 1919 2054 syllaba
1933 2018 1971 2044 Di
1989 2020 2017 2043 in
2024 2019 2164 2054 penultima
2170 2025 2219 2055 pro
2233 2020 2253 2046 Z
2260 2021 2384 2056 ponitur,
2401 2027 2417 2044 υ

264 2052 405 2079 APOLLO
423 2050 556 2077 MEDICE
566 2070 574 2082 ,
595 2049 735 2076 APOLLO
749 2049 875 2076 PAEAN.
912 2048 960 2077 Sed
973 2049 1091 2086 legendus
1104 2048 1139 2082 est
1149 2057 1218 2076 totus
1229 2051 1270 2075 ille
1285 2052 1321 2076 Io-
1376 2055 1404 2078 in
1415 2052 1600 2079 Catomidiare
1613 2059 1637 2079 et
1639 2052 1775 2087 similibus.

263 2098 314 2115 cus.
373 2089 436 2115 Item
450 2087 528 2113 multa
547 2085 575 2112 de
586 2085 711 2120 Apolline
729 2085 797 2120 apud
809 2085 865 2112 Cic.
878 2083 911 2125 de
923 2084 986 2111 Nat.
1001 2086 1083 2112 Deor.
1097 2093 1124 2117 2,
1138 2086 1178 2125 68.
1195 2092 1219 2110 et
1232 2093 1254 2116 3,
1276 2092 1316 2119 57.
1411 2093 1434 2113 A
1444 2093 1509 2113 Por
1518 2094 1567 2114 iio
1576 2095 1596 2114 R
1606 2090 1624 2115 i}
1633 2096 1654 2115 'r
1663 2097 1685 2116 A
1694 2109 1703 2122 ‚
1724 2092 1812 2117 orum.
1839 2098 1867 2116 n.
1893 2087 2081 2125 [οἶποφόρητα]
2103 2089 2199 2115 Nomen
2213 2088 2301 2116 bahem
2313 2088 2344 2114 ab
2363 2086 2415 2123 auf:

220 2123 229 2128 “
263 2125 319 2152 Ιαηι
328 2130 451 2160 ponamus
464 2121 583 2158 quaedam
600 2121 669 2148 illius
681 2122 815 2156 Epitheta:
846 2119 970 2147 Aetiacus
988 2120 1087 2156 Apollo
1099 2119 1181 2147 Ouid.
1203 2121 1269 2146 Met.
1286 2128 1320 2152 13,
1376 2121 1453 2147 rendo
1472 2121 1541 2155 [ind
1561 2123 1594 2147 τὶ
1613 2123 1757 2158 οἰκοφέρειν]
1778 2132 1802 2151 et
1815 2134 1842 2150 ea
1851 2128 1957 2160 proprie
1966 2125 2038 2161 fiant,
2062 2123 2287 2160 quaecoenantibus
2299 2121 2416 2149 amicisd

264 2167 318 2194 715.
356 2161 448 2193 Augur
469 2158 545 2192 Virg.
560 2158 625 2184 Aen.
639 2166 674 2190 4,
693 2158 752 2192 376.
803 2156 925 2189 Belenus,
940 2156 995 2183 vid.
1017 2157 1042 2183 h.
1061 2166 1087 2183 v.
1130 2156 1230 2184 Delius
1243 2156 1318 2189 Virg.
1334 2154 1533 2189 55stribuuntur
1546 2156 1641 2183 domum
1662 2158 1800 2193 auferenda
1813 2161 1855 2185 vel
1865 2162 1995 2186 mittenda.
2013 2167 2015 2169 ’
2032 2160 2102 2187 Satis
2115 2159 2162 2186 hoc
2174 2159 2317 2186 declaratur
2329 2160 2357 2184 in
2396 2170 2401 2179 ·

264 2197 329 2222 Aen.
345 2204 372 2228 4,
388 2196 444 2221 162.
499 2194 601 2220 Dextro
621 2192 748 2228 Apolline
764 2201 870 2219 carmen
888 2192 974 2219 facere
989 2192 1070 2219 Ouid.
1091 2191 1178 2219 Trist.
1198 2200 1221 2225 5,
1237 2202 1265 2225 4,
1280 2199 1319 2226 57.
1374 2200 1408 2218 na
1421 2191 1638 2219 Trimalchionis
1652 2193 1756 2219 Petron.
1771 2203 1793 2220 c.
1808 2195 1843 2219 60
1878 2194 1943 2220 Ecce
1966 2200 2054 2220 autem
2068 2194 2186 2221 diduffls
2206 2193 2258 2229 (fic
2270 2196 2318 2231 leg.
2325 2199 2387 2229 pro·
2410 2182 2422 2226 -,’

264 2231 361 2258 Flauus
375 2229 458 2257 Ouid.
474 2230 566 2259 Amor.
579 2238 599 2260 1,
614 2236 649 2261 15,
663 2235 701 2262 35.
754 2229 825 2255 Hinc
837 2227 963 2262 Apolline
977 2228 1053 2263 digni
1060 2228 1146 2255 crines
1163 2227 1202 2254 Id.
1218 2229 1282 2253 Met.
1297 2235 1320 2259 3,
1374 2227 1487 2259 duetus>
1511 2227 1680 2255 lacunaribus
1699 2229 1788 2256 subito
1804 2229 1919 2255 circulus
1939 2229 2033 2264 ingens
2053 2228 2086 2255 de
2107 2238 2174 2264 cupa
2192 2229 2320 2256 videlicet
2339 2237 2379 2264 gr
2404 2244 2406 2247 ν

263 2276 322 2300 421.
360 2265 503 2293 Formosus
516 2264 590 2299 Virg.
604 2264 656 2290 Ecl.
671 2273 699 2297 4,
714 2271 754 2298 57.
791 2264 929 2296 Grynaeus
944 2263 982 2290 Id.
996 2265 1060 2290 Aen.
1073 2274 1101 2298 4,
1115 2271 1171 2296 345.
1206 2264 1319 2297 Magnus
1376 2264 1491 2290 excussus
1511 2263 1679 2296 demittitur,
1705 2265 1780 2291 cuius
1796 2274 1843 2300 per
1857 2270 1944 2291 totum
1966 2264 2061 2292 orbem
2074 2274 2189 2292 coronae
2201 2274 2296 2292 aureae
2310 2273 2371 2292 cum
2385 2263 2388 2296 [

265 2301 363 2337 Apollo
377 2301 447 2328 mihi
460 2301 513 2327 cris
527 2300 685 2327 Prouerbium
695 2299 733 2326 Id.
749 2299 802 2326 Ecl.
810 2308 833 2332 3,
847 2304 902 2334 184.
919 2302 937 2326 i.
952 2299 1080 2326 diuinator
1094 2301 1217 2335 egregius.
1274 2300 1319 2324 Pa·
1376 2298 1471 2325 bastris
1483 2300 1612 2335 vnguenti
1628 2300 1785 2335 pendebant.
1835 2301 1906 2327 Dum
1920 2300 1984 2328 haec
1997 2299 2169 2335 Apophoreta
2183 2300 2310 2328 iubemur
2322 2301 2378 2327 sum
2387 2300 2400 2322 -’

265 2339 362 2366 latinus
381 2338 449 2365 Hor.
462 2336 542 2372 Epist.
558 2344 576 2367 1,
590 2345 613 2369 3,
625 2343 663 2370 17.
674 2338 741 2371 ‘quia
754 2336 869 2370 templum
883 2338 906 2361 ei
917 2338 1052 2366 excitauit,
1070 2334 1242 2376 dedicauitque
1260 2335 1318 2360 Cae·
1332 2336 1367 2360 60
1378 2336 1409 2361 Et
1422 2344 1444 2361 c.
1460 2337 1491 2368 56
1528 2336 1595 2362 Puer
1607 2337 1684 2372 super
1697 2336 1747 2364 hoc
1761 2336 1858 2372 positus
1870 2335 1989 2364 officium
2006 2336 2170 2372 apophoreta
2182 2337 2316 2364 recitauit.
2353 2338 2375 2364 E
2395 2329 2419 2372 ’,Ι

257 2375 306 2411 sar
317 2371 444 2411 Augustus
456 2375 484 2400 in
500 2373 599 2399 Palatio
607 2382 617 2402 ‚·
635 2371 760 2407 eodemque
773 2372 824 2397 Ioco
834 2371 1005 2398 bibliothecam
1019 2371 1094 2398 libris
1106 2370 1217 2397 omnibus
1230 2368 1323 2404 irfiru-
1376 2378 1468 2397 ramur
1482 2370 1570 2398 deinde
1581 2375 1656 2399 varia
1668 2373 1755 2399 bonam
1764 2379 1865 2409 partem
1877 2372 1984 2405 ludicra,
2003 2380 2034 2399 vt
2046 2372 2165 2400 videatur
2171 2371 2310 2410 Augustum
2323 2372 2371 2400 hac
2381 2364 2419 2406 ’,ῥ’

266 2407 341 2437 Ham.
378 2408 476 2444 Apollo
490 2408 628 2435 Pastoralis
641 2407 738 2440 dffitus,
757 2413 783 2433 et
814 2415 845 2434 ro
860 2408 926 2433 Ioue
939 2406 1024 2433 cultus
1038 2406 1107 2442 apud
1125 2405 1239 2433 Arcadas
1260 2406 1320 2433 Ari·
1375 2413 1399 2433 te
1412 2409 1528 2433 imitatus
1545 2408 1711 2442 Trimalchio,
1727 2408 1756 2434 de
1768 2418 1814 2445 un
1827 2409 1933 2435 Sueten.
1947 2416 1978 2443 75
2020 2408 2218 2440 Saturnalibus,
2244 2414 2271 2436 et
2291 2408 2309 2436 si
2322 2417 2360 2444 qu
2391 2406 2417 2448 ’,
2456 2437 2459 2442 ,

266 2445 357 2472 staeus.
374 2445 447 2471 Seru.
464 2443 498 2471 ad
511 2445 610 2479 Georg.
624 2452 645 2476 1,
661 2452 698 2476 14.
736 2442 795 2469 l’ulc
817 2452 846 2469 er
860 2443 935 2477 Virg.
948 2443 1013 2469 Aen.
1028 2452 1050 2475 3,
1062 2451 1112 2475 119.
1155 2443 1245 2469 Monet
1263 2442 1320 2469 Ser·
1375 2442 1440 2469 alias
1454 2442 1586 2476 libuisset,
1612 2443 1695 2471 modo
1711 2453 1822 2472 munera
1836 2443 1990 2476 diuidebat,
2014 2444 2114 2471 vestem
2127 2451 2154 2471 et
2167 2453 2263 2471 aurum
2282 2459 2329 2466 ——-
2347 2444 2358 2470 i
2386 2434 2409 2465 [ἶ
2450 2467 2451 2471 ,

265 2481 344 2514 vius,
369 2480 487 2514 Qiidam
504 2480 643 2515 epitheton
662 2478 785 2514 Apollini
798 2478 888 2505 datum
901 2479 1098 2514 reprehendunt
1112 2485 1157 2504 etc.
1171 2477 1227 2518 vid.
1248 2485 1320 2505 PVL-
1376 2478 1438 2504 dum
1451 2478 1521 2505 nihil
1536 2486 1639 2514 praeter
1652 2480 1755 2513 cilicia,
1778 2485 1804 2506 et
1817 2480 1954 2515 spongias,
1979 2486 2005 2507 et
2017 2480 2140 2508 rutabula
2152 2486 2178 2507 et
2190 2480 2322 2515 forpices,
2347 2485 2387 2506 at
2403 2508 2405 2510 ,
2447 2473 2454 2487 '

267 2524 360 2544 CHER.
395 2516 514 2544 Pulsator
528 2515 646 2543 citharae
665 2514 816 2542 Val.Flacc.
830 2514 931 2550 Ali-gon.
943 2523 966 2548 5,
981 2517 1039 2548 693.
1073 2514 1182 2548 Pythius
1196 2515 1253 2540 Cic.
1269 2522 1319 2548 pro
1329 2518 1361 2549 65
1376 2515 1429 2541 alia
1444 2514 1472 2541 id
1490 2524 1588 2550 genus,
1615 2515 1700 2542 titulis
1722 2515 1841 2543 obscuris
1854 2522 1880 2543 et
1898 2515 2040 2551 ambiguis.
2091 2515 2198 2544 Solebat
2215 2522 2242 2542 et
2255 2515 2378 2550 inaequal
2398 2502 2417 2537 Η.
2445 2508 2450 2522 ‘

266 2552 343 2580 Font.
358 2561 384 2578 2.
418 2552 577 2578 Temenites
591 2552 648 2579 Cic.
662 2552 740 2578 Verr.
754 2560 782 2585 4,
797 2559 846 2584 119.
883 2550 1076 2584 Thymbraeus
1095 2550 1171 2586 Virg.
1185 2550 1282 2585 Georg.
1291 2559 1318 2584 4,
1375 2559 1480 2577 marum
1492 2560 1583 2578 reruni
1597 2552 1695 2585 sortes,
1729 2557 1756 2579 et
1768 2552 1870 2579 auersas
1884 2551 2037 2578 tabularum
2068 2550 2166 2578 ieiumi
2179 2551 2208 2578 in
2221 2551 2352 2578 conuiuio
2363 2555 2410 2577 ver

265 2596 320 2622 323.
354 2589 434 2614 Vates
448 2587 506 2614 Val.
515 2588 534 2614 F
537 2588 598 2614 lace.
609 2589 707 2622 Argon.
723 2595 752 2620 4,
768 2594 831 2620 445.
1378 2586 1482 2619 ditare,
1499 2587 1656 2623 incertoque
1669 2588 1727 2614 casu
1743 2588 1816 2623 spem
1829 2588 2004 2614 mercantium
2017 2596 2050 2614 ve
2073 2587 2196 2614 frustrari
2208 2586 2252 2614 vel
2266 2587 2372 2621 explere
2383 2592 2408 2617 et

304 2630 350 2651 A?
359 2630 404 2650 01.
413 2629 429 2648 ι.
440 2630 479 2650 ΙΝ
488 2629 505 2650 Ε
514 2629 534 2648 ν
543 2630 556 2650 s
565 2642 574 2654 ,
593 2631 618 2655 a,
636 2632 690 2649 um.
709 2623 771 2649 Adi.
790 2629 835 2654 vt,
864 2621 1005 2657 Apollinea
1022 2630 1072 2653 ars,
1086 2627 1137 2657 pro
1150 2621 1215 2648 Arte
1223 2621 1317 2648 medica
1373 2622 1418 2650 Ad
1431 2623 1513 2649 sortes
1526 2623 1658 2655 eiusmodi,
1668 2623 1715 2659 sed
1728 2626 1857 2660 gratuita:
1870 2623 1972 2650 videtur
1984 2622 2103 2658 respicere
2121 2623 2237 2650 Martial.
2251 2631 2293 2655 14,
2307 2621 2348 2654 135

265 2658 350 2687 Ouid.
362 2658 449 2686 Trist.
463 2667 486 2691 3,
499 2666 521 2690 3,
538 2666 576 2684 10.
612 2658 663 2690 Sed⁸
670 2660 745 2684 etiam
751 2665 802 2694 pro
814 2659 880 2685 Arte
894 2657 1055 2684 vaticinandi
1066 2659 1191 2693 accipitur
1197 2657 1226 2683 ab
1234 2657 1319 2684 Ouid.
1373 2659 1438 2685 vitis
1452 2658 1564 2686 alternas
1576 2665 1602 2686 et
1614 2659 1736 2695 pauperis
1749 2659 1837 2695 accipe
1849 2659 1948 2691 sortes,
1967 2658 2086 2686 Praemia
2100 2658 2230 2684 conuiuae
2244 2657 2288 2684 det
2302 2657 2347 2684 sua
2362 2670 2368 2679 ·
2377 2662 2413 2699 ἐι,

266 2696 296 2722 in
310 2695 371 2722 Ibin
384 2696 438 2728 264
456 2709 492 2715 —
502 2693 643 2729 Apollinea
659 2693 745 2720 clarus
759 2694 788 2719 in
795 2699 851 2720 arte
858 2694 945 2720 seneit.
969 2692 1179 2727 Tirefiamvatem
1189 2693 1319 2730 intelligit.
1330 2703 1366 2731 70
1377 2704 1431 2729 que
1445 2696 1501 2721 suo.
1560 2697 1651 2731 Nempe
1662 2695 1704 2722 hic
1717 2695 1796 2728 liber,
1816 2698 1857 2721 cui
1873 2694 2046 2730 Apophoreta
2058 2693 2166 2720 inditum
2179 2696 2320 2730 antiquitus
2331 2702 2359 2719 n
2378 2712 2379 2715 η
2402 2697 2406 2720 ,“

266 2732 365 2758 Cantus
379 2729 515 2765 Apollinei
529 2729 611 2756 Ouid.
625 2730 689 2755 Met.
703 2737 735 2761 ιι,
753 2729 907 2768 155.-Ει“ἰηὶ5
921 2729 1013 2756 Claud.
1027 2729 1059 2756 de
1073 2730 1149 2764 Rapt.
1162 2729 1282 2763 Proserp.
1296 2738 1319 2762 3,
1375 2733 1487 2757 continet
1499 2730 1675 2767 descriptiones
1680 2729 1792 2768 ‚lingulis
1806 2729 1922 2765 distichis
1935 2732 2001 2757 inclu
2015 2740 2044 2757 as
2054 2731 2143 2756 talium
2155 2738 2253 2761 rtrum,
2268 2737 2328 2766 quae
2333 2727 2375 2764 stc
2390 2719 2413 2750 il

266 2776 319 2800 3¹0-
357 2767 448 2793 Frater
462 2765 629 2801 Apollineus,
649 2764 742 2800 Cupido
761 2764 923 2804 Ouid-Met.
937 2773 964 2797 9,
975 2772 1037 2804 454.
1075 2765 1180 2792 Laurus
1191 2765 1229 2791 Id.
1250 2764 1316 2791 Fast.
1377 2768 1440 2792 nari
1446 2766 1564 2802 solerent.
1619 2765 1790 2803 Apophoreta
1804 2770 1879 2793 etiam
1884 2767 1963 2803 fimf,
1994 2775 2001 2793 1
2016 2767 2163 2793 Marcilium
2175 2765 2266 2792 audias
2272 2783 2280 2796 ‚
2297 2763 2363 2794 de,
2383 2751 2413 2805 ’Ἰ

265 2805 293 2834 6,
307 2810 344 2835 91.
359 2808 383 2829 et
398 2801 430 2828 ad
445 2801 507 2828 Liu.
526 2809 587 2835 459.
623 2800 754 2827 Medullas
768 2800 921 2834 Apollineas
933 2800 1050 2827 Ouidius
1063 2800 1132 2827 dixit
1144 2802 1211 2827 Met.
1225 2809 1245 2834 1,
1256 2808 1318 2836 473.
1375 2802 1470 2829 Horat.
1491 2802 1569 2838 Epist.
1586 2811 1612 2836 1,
1624 2810 1657 2838 7,
1673 2810 1702 2838 17
1738 2803 1804 2830 Non
1821 2802 1907 2829 inuisa
1919 2803 1989 2829 feres
2007 2801 2099 2837 pueris
2111 2800 2265 2828 munuscula
2278 2808 2354 2836 parui
2392 2814 2406 2844 g

264 2842 283 2865 i.
299 2837 442 2873 Apollinis.
477 2837 576 2870 Proles,
590 2839 608 2862 i.
623 2836 785 2872 Aesculapius
792 2835 873 2876 Ouid:
886 2836 951 2862 Met.
968 2843 1002 2868 15,
1016 2843 1066 2869 533.
1121 2835 1246 2864 Testudo
1264 2837 1317 2863 Lu·
1373 2837 1415 2864 Ibi
1431 2847 1489 2865 vero
1505 2839 1533 2865 de
1547 2841 1630 2875 pomis
1642 2838 1725 2875 firmo
1736 2837 1786 2872 eli,
1835 2848 1878 2865 uae
1891 2838 1976 2866 Xenia
1990 2840 2093 2874 potius,
2118 2843 2149 2864 vt
2161 2838 2258 2873 reliqua
2271 2836 2343 2873 qscul
2370 2846 2405 2877 (μ’,

265 2883 322 2900 can.
336 2873 368 2900 ad
382 2874 468 2900 Pison.
486 2880 534 2907 155.
579 2873 668 2905 Vates,
688 2871 802 2908 Orpheus
820 2871 903 2899 Ouid.
924 2872 990 2900 Met.
1010 2880 1044 2904 ιι,
1057 2876 1079 2902 8.
1134 2871 1215 2903 Vrbs,
1240 2873 1319 2899 Delus
1328 2881 1360 2909 75
1369 2875 1503 2909 poculenta
1516 2880 1590 2901 vocat
1603 2874 1750 2908 Martialis,
1761 2874 1788 2909 fi
1801 2848 1834 2901 αἵ
1847 2874 1900 2911 ipso
1912 2881 1937 2901 et
1950 2874 2041 2901 titulus
2053 2873 2115 2900 libri
2133 2881 2166 2905 13.
2220 2873 2315 2910 Mag-ni
2360 2879 2365 2892 1
2380 2871 2408 2909 «ξε,

262 2910 304 2937 1d.
324 2909 392 2937 ibid.
408 2918 443 2942 13,
456 2910 510 2941 63¹-
1369 2909 1496 2946 prodigus
1520 2909 1641 2945 Caligula
1663 2917 1704 2946 ap.
1737 2910 1844 2937 Sueton.
1858 2911 1890 2944 56
1924 2909 2059 2945 Agitatori
2076 2908 2197 2942 Eutycho
2215 2907 2378 2938 commissa·
2394 2922 2404 2942 κ,

301 2952 347 2973 ΑΡ
359 2951 597 2977 OLLiNAnls,
618 2951 640 2970 e.
661 2941 723 2970 Adi.
745 2949 785 2975 vt,
804 2942 874 2970 Ludi
894 2942 1078 2978 ApollinareS,
1097 2945 1142 2978 qui
1157 2945 1186 2968 in
1203 2942 1319 2971 honorem
1373 2945 1488 2979 quadam
1508 2946 1538 2973 in
1555 2947 1613 2982 Apo
1631 2945 1732 2973 horetis
1752 2946 1836 2973 vicies
1855 2952 1902 2973 Hs.
1922 2945 2045 2983 contulit.
2097 2945 2230 2982 Eleganter
2241 2943 2339 2981 transf¹
2396 2950 2407 2977 ,A

265 2981 393 3018 Apollinis
401 2980 513 3018 fiebant:
532 2979 560 3006 de
574 2988 676 3016 quorum
690 2981 787 3015 origine
807 2979 868 3005 Liu.
882 2986 924 3011 25,
944 2987 978 3005 12.
998 2977 1228 3005 Macrob.Saturn.
1244 2988 1264 3012 1,
1281 2987 1318 3014 17.
1374 2980 1528 3009 Ambrosius
1542 2982 1571 3009 in
1584 2991 1615 3009 ex
1635 2981 1768 3009 ortatione
1781 2981 1813 3009 ad
1828 2982 1947 3017 virginer
1959 2981 2043 3017 princ.
2080 2981 2137 3015 Qii
2152 2979 2185 3007 ad
2197 2979 2379 3017 conuiuiumf‘
2398 3004 2400 3010 ,

266 3024 289 3044 et
302 3017 441 3052 Spanhem.
455 3016 488 3043 de
500 3016 555 3043 Vsu
568 3021 593 3043 et
606 3014 700 3042 Praest.
714 3015 797 3042 Num.
815 3023 844 3041 ιο
861 3023 886 3050 p.
901 3023 952 3046 123.
989 3014 1152 3049 Apollinaris
1166 3013 1264 3042 herbae
1277 3024 1317 3042 ra·
1373 3025 1455 3051 gnum
1469 3018 1633 3052 innitantur,
1652 3017 1816 3054 apophoreta
1828 3018 1914 3045 secum
1927 3024 2064 3053 reportare
2077 3017 2281 3043 consueuerunt.
2317 3015 2347 3042 Ε·
2361 3022 2371 3031 ·“
2396 3015 2407 3046 ‘s

265 3052 311 3085 dix
325 3052 445 3080 Scribon.
461 3060 500 3085 93.
521 3057 573 3082 108.
609 3050 716 3078 Radicis
728 3056 819 3078 cortex
830 3059 874 3084 90.
912 3049 1074 3085 Apollinaris
1082 3050 1158 3077 radix
1168 3059 1215 3077 121.
1252 3052 1317 3079 zau-
1326 3055 1359 3081 80
1373 3053 1539 3081 Bononiense
1552 3054 1679 3082 inuitatus
1692 3053 1860 3086 conuiuium,
1879 3052 1928 3080 vbi
1941 3052 2024 3080 sancffl
2032 3052 2158 3086 martyris
2170 3051 2303 3079 celebrata
2315 3056 2365 3078 tra«

265 3087 311 3114 dat
324 3091 398 3115 ctiam
418 3088 484 3115 Plin.
497 3097 534 3120 10,
547 3089 582 3115 26
595 3088 614 3115 s.
628 3096 666 3120 14.
702 3086 757 3114 vid.
784 3093 909 3114 APOLL
919 3094 928 3112 1
938 3092 990 3113 NA
1000 3092 1077 3112 RIA.
1286 3109 1287 3112 ,
1371 3088 1414 3115 tio
1441 3089 1494 3121 est,
1532 3089 1695 3126 apophoreta
1717 3089 1797 3117 vobis
1814 3090 1893 3125 plena
1917 3089 2063 3117 saneffltafis
2093 3093 2120 3115 et
2146 3088 2247 3124 gratiae
2277 3087 2327 3115 res*
2363 3091 2374 3116 ij
2403 3115 2405 3121 ,

303 3130 325 3150 A
333 3131 349 3150 P
359 3131 377 3150 o
387 3131 402 3150 L
411 3132 426 3151 L
438 3123 449 3151 i
459 3130 481 3149 N
491 3131 513 3151 A
522 3131 541 3150 R
551 3143 558 3155 ‚
578 3123 640 3150 aris.
659 3131 685 3149 n.
706 3123 756 3150 Pro
772 3123 839 3150 Fano
854 3123 895 3151 uel
908 3122 973 3148 Luco
989 3121 1126 3157 Apollinis,
1139 3124 1178 3148 ita
1189 3122 1315 3150 Gronouio
1370 3121 1403 3187 2
1412 3132 1429 3150 2
1448 3126 1470 3151 A
1491 3125 1620 3161 ophoreta
1632 3126 1674 3154 vel
1685 3125 1882 3161 Apophoretica
1893 3129 1967 3153 etiam
1979 3125 2143 3152 mittebantur
2149 3122 2208 3160 post
2219 3123 2290 3151 ludos
2301 3132 2318 3151 a
2353 3137 2365 3143 ιν
2403 3124 2405 3126 ’

264 3157 316 3194 legi
324 3160 407 3193 placet
425 3160 484 3186 Liu.
497 3168 520 3193 3,
535 3161 565 3192 63
585 3159 639 3186 Vbi
654 3167 723 3185 nunc
736 3157 812 3185 aedes
828 3157 962 3193 Apollinis
975 3156 1011 3183 est
1029 3157 1094 3189 (iam
1108 3163 1164 3183 tum
1175 3158 1316 3193 Apollinar
1404 3162 1440 3186 tis
1453 3169 1464 3186 e
1483 3164 1540 3188 iios.
1600 3161 1746 3195 symmach.
1758 3170 1785 3194 2,
1799 3167 1825 3193 81
1851 3161 1937 3189 Filius
1949 3161 2038 3188 noster
2056 3159 2226 3193 Symmachus
2244 3157 2367 3195 pei-aeto·

265 3194 442 3256 ῗίῐίιὶέῗυῦῑίἣῖῐ)
463 3196 538 3256 {mles
551 3195 652 3258 {iteum
668 3194 866 3258 'Al’gffinffl'ffii-
896 3192 1047 3256 ‘APOIlJllQa‘
1060 3191 1155 3256 ‘Zaum
1170 3195 1314 3257 ΡΥἍᾹΡιῗξ-
1346 3238 1356 3245 .
1369 3204 1433 3223 nere
1440 3197 1588 3258 *Candidati
1606 3197 1684 3241 offert
1697 3197 1749 3225 tibi
1761 3198 1838 3225 Dona
1850 3197 2008 3240 Qiaestoria
2025 3211 2072 3238 -—-
2084 3195 2196 3258 Dfolilta
2210 3193 2341 3258 (Diffiych

266 3238 843 3303 .....³.i....>2122525.2..5;25¹33uetur
988 3230 1069 3263 ¹¹¹¹
1095 3238 1191 3256 '¹¹¹¹‘
1234 3239 1269 3266 ¹⁰
1292 3240 1314 3257 ¹·
1327 3235 1540 3297 Ηειῖξῃιῑεῖι
1553 3235 1675 3311 *3³22
1690 3232 1942 3305 figatusffz¹53¹¹
1962 3233 2262 3303 aetesiae:
2297 3239 2314 3266 ¹>

2411 1464 2435 1498 aa

2412 1494 2434 1527 :r'l

2462 2727 2474 2745 m

2456 2849 2474 3001 ‘H‘Kss-*zff
2461 2790 2474 2817 52?-

2469 3224 2472 3228 .
2460 3197 2470 3205 -·
2461 3155 2470 3175 ὓ
2458 3014 2474 3138 β-ξ”ε“,

305 3307 326 3326 Λ
337 3306 380 3326 1¹0
390 3306 431 3327 ιι
442 3308 451 3326 ι
461 3308 511 3327 NA
521 3309 539 3328 R
549 3309 605 3335 ιΑ,
629 3311 668 3330 ae.
698 3302 720 3330 f.
746 3301 847 3334 Herba,
867 3309 934 3337 quae
953 3305 980 3327 et
999 3298 1158 3334 strychnos,
1177 3301 1257 3336 Apul.
1278 3301 1312 3329 de
1367 3309 1394 3330 et
1409 3304 1637 3339 Apophoreticum
1648 3305 1777 3333 librarum
1790 3306 1893 3341 argenti
1907 3305 2018 3333 duarum
2031 3306 2123 3342 iungit.
2179 3302 2276 3366 RurCts
2292 3301 2321 3329 de
2342 3303 2355 3310 “
2464 3310 2465 3313 ’

266 3335 351 3363 Hetb·
366 3343 411 3370 74·
447 3335 501 3362 vid·
516 3343 730 3366 APOLLINARIS
753 3337 843 3366 herba·
1368 3349 1395 3366 re
1409 3347 1435 3375 7,
1449 3343 1483 3376 76
1518 3341 1670 3369 Eburneum
1677 3341 1819 3377 Dypticum
1827 3348 1853 3368 et
1866 3342 2031 3374 canistellum
2044 3345 2198 3375 argenteum
2211 3339 2232 3366 li
2252 3346 2341 3366 rarum
2351 3351 2359 3364 s
2462 3341 2474 3374 ‚¹

246 3383 248 3389 v
303 3379 377 3398 Aru
388 3377 547 3399 1.LON1A.
577 3373 764 3409 [Ἀπολλωνία]
798 3375 894 3401 Nomen
913 3372 1026 3408 plurium
1045 3371 1145 3399 urbium
1168 3371 1199 3399 ab
1215 3373 1312 3410 Apolli·
1368 3385 1437 3402 rum.
1494 3379 1526 3404 Et
1538 3387 1565 3412 9,
1579 3387 1607 3412 ¹9
1636 3378 1701 3405 Non
1722 3377 1894 3413 aspernabere
1911 3377 2019 3414 Dyptici
2031 3382 2059 3403 et
2077 3374 2272 3410 Apophoretici
2302 3373 2349 3409 οὒ
2469 3375 2473 3394 ¹

266 3410 307 3434 nis
320 3406 440 3443 auspiciis
451 3413 475 3433 ct
485 3407 551 3446 cultu
565 3410 602 3434 ita
615 3407 748 3442 diciorum,
765 3418 868 3446 quarum
878 3410 946 3434 ciues
958 3407 1078 3434 dicuntur
1322 3415 1358 3440 90
1367 3420 1437 3438 neni.
1478 3414 1548 3446 Huc,
1563 3414 1712 3450 praesertim
1729 3413 1763 3440 ad
1776 3413 1940 3441 canistellum
1949 3416 2077 3450 pertinet,
2095 3410 2162 3451 quod
2173 3410 2265 3438 Ifidor-
2275 3418 2319 3442 20,
2345 3425 2348 3427 ’

302 3450 323 3470 Α
333 3450 347 3469 1>
357 3450 376 3469 o
386 3449 402 3469 1.
411 3449 426 3468 ι.
436 3447 455 3468 o
464 3448 486 3468 N
496 3449 505 3468 1
514 3449 536 3468 A
549 3449 570 3469 'r
578 3449 600 3469 A
609 3450 637 3476 Ε,
656 3453 739 3472 arum.
759 3455 795 3474 m.
820 3446 904 3477 Varii,
907 3450 985 3480 prout
991 3442 1064 3470 orbes
1077 3442 1151 3470 huius
1160 3446 1269 3471 nominis
1275 3443 1315 3471 di·
1367 3454 1407 3473 ter
1420 3448 1479 3475 vasa
1493 3450 1608 3476 escarum
1616 3469 1626 3483 ,
1645 3448 1812 3484 Apophereta
1820 3470 1829 3483 ,
1854 3452 1952 3487 inquit,
1978 3458 1994 3476 a
2006 3448 2115 3475 Graecis
2127 3455 2142 3473 a
2153 3446 2265 3474 ferendo
2276 3453 2310 3482 po
2318 3445 2342 3468 ιι·
2391 3466 2396 3470 .
2471 3460 2474 3472 1

264 3478 358 3514 verfize-
396 3479 465 3504 Hinc
472 3483 551 3513 porro
860 3515 865 3521 ·
967 3514 974 3519 θ
1203 3514 1208 3519 ¹
1242 3515 1247 3520 .
1367 3483 1469 3518 aliquid
1483 3485 1634 3512 nominata:
1651 3484 1688 3512 est
1694 3485 1766 3512 enini
1778 3486 1863 3520 plana.
1899 3483 2076 3513 semibarbaris
2087 3492 2153 3519 ergo.
2322 3496 2324 3502 ν
2336 3496 2339 3502 ν
2384 3490 2385 3493 ’

299 3521 347 3553 ἈΡ
356 3521 375 3540 0
387 3520 456 3540 LLO
465 3518 488 3539 N
499 3519 539 3540 1A
548 3519 569 3540 'r
580 3520 614 3541 ic
623 3521 665 3541 vs
674 3535 682 3548 ,
701 3524 725 3549 a,
739 3525 793 3544 um.
815 3515 875 3543 Adi.
889 3521 929 3548 vt,
944 3514 1068 3542 Bituinen
1082 3513 1312 3549 Apolloniaticum
1367 3519 1546 3554 Apophereta‚
1567 3530 1606 3554 ae,
1625 3518 1696 3547 dieta
1708 3520 1809 3548 videtur
1822 3531 1870 3548 vas
1877 3522 1992 3557 planum
2005 3521 2032 3545 iri
2043 3527 2090 3555 quo
2103 3518 2154 3544 cibi
2157 3516 2223 3552 fisci
2228 3516 2302 3554 ferri
2318 3521 2352 3551 '’s‘
2386 3536 2391 3546 .

268 3549 333 3575 Plin.
349 3557 389 3582 ες,
406 3556 439 3582 ι5.
1119 3553 1124 3557 “
1404 3562 1559 3584 Al'OPH'r
1572 3563 1733 3590 HEGMA,
1752 3557 1810 3586 atis.
1829 3566 1856 3584 n.
1875 3555 2070 3590 [ἐκόφθεγμα]
2100 3553 2180 3581 Dicta
2193 3559 2266 3579 acuta
2276 3556 2312 3578 ρι’
2348 3552 2351 3557 “
2383 3571 2405 3578 .s

294 3591 328 3624 A
336 3592 350 3611 P
360 3592 379 3612 o
388 3592 403 3611 1.
415 3591 429 3610 L
438 3590 458 3611 o
467 3590 488 3610 N
497 3589 506 3610 1
516 3589 533 3610 ε
542 3589 564 3623 ixi
573 3590 585 3609 s
596 3590 642 3616 is,
666 3593 690 3611 e.
716 3586 775 3614 Adi.
801 3583 1039 3622 [Ἀπολλωνιάτης]
1065 3585 1122 3612 Cic.
1137 3586 1214 3613 Vei-r.
1228 3595 1251 3619 3,
1265 3595 1308 3619 103
1320 3596 1352 3622 9,-
1367 3588 1502 3623 Illustrium
1515 3595 1635 3619 virorum.
1689 3592 1745 3619 Cic.
1761 3593 1814 3620 Off.
1828 3602 1838 3620 ι
1859 3601 1881 3618 c.
1895 3599 1929 3623 29
1953 3589 2093 3624 Multaque
2107 3588 2256 3616 multorum
2274 3587 2351 3614 face-
2366 3583 2403 3624 23³,

267 3619 410 3646 ciuitatem
425 3619 641 3654 Apolloniensein
654 3622 682 3645 in
699 3621 787 3648 Sicilia
800 3628 932 3650 memorat:
957 3621 1159 3657 Apollonienses
1176 3628 1258 3649 autem
1277 3625 1312 3649 ci-
1367 3625 1427 3659 Cra,
1445 3633 1473 3653 vt
1486 3637 1526 3660 ea,
1539 3637 1606 3663 quae
1619 3637 1634 3655 a
1647 3628 1706 3654 sene
1719 3629 1821 3655 Catone
1832 3626 1942 3655 collecta
1959 3627 2018 3652 sunt
2027 3644 2036 3657 ‚
2055 3633 2121 3659 quae
2136 3630 2232 3651 vocant
2243 3621 2337 3657 εἷποφθ,
2348 3644 2354 3662 ,
2380 3625 2382 3627 “

267 3662 310 3680 ves
327 3655 416 3682 Tacit.
431 3656 498 3696 Ann.
511 3663 537 3688 2,
549 3662 596 3689 47,
606 3664 633 3694 45·
646 3689 652 3694 ·
1363 3672 1406 3688 τοι.
1441 3663 1509 3690 Add.
1523 3664 1594 3691 Fam.
1608 3672 1635 3697 9,
1648 3666 1680 3696 36
1698 3663 1727 3690 de
1741 3664 1842 3701 Caesare
1883 3662 1953 3688 Cum
1967 3660 2106 3690 volumina
2125 3661 2179 3687 iam
2192 3657 2356 3690 confecti-'12⁴2'
2385 3655 2389 3661 ”
2406 3670 2408 3674 “
2461 3651 2474 3682 ³

305 3696 326 3715 A
341 3697 354 3715 p
369 3698 387 3717 o
404 3697 421 3716 L
436 3697 451 3716 L
467 3697 486 3719 o
500 3697 521 3718 Ν
537 3698 546 3718 1
561 3699 574 3717 s
586 3709 595 3723 ,
614 3689 675 3716 idis.
700 3689 720 3717 f.
766 3692 832 3719 Vrbs
844 3692 917 3728 Asiae
935 3694 1042 3720 minoris
1063 3697 1143 3729 prope
1162 3693 1309 3730 Pergamum
1361 3696 1525 3730 φθεγμάτων,
2266 3695 2268 3698 ’
2375 3719 2381 3725 ,
2462 3688 2474 3714 l

267 3730 291 3750 es
305 3724 401 3752 Sardes.
442 3726 512 3752 Vnde
733 3760 739 3764 ,
1399 3739 1420 3759 A
1430 3740 1444 3759 P
1453 3740 1471 3759 o
1479 3741 1494 3761 i>
1502 3742 1523 3761 ii
1534 3742 1555 3762 τ
1564 3741 1585 3761 i-1
1595 3741 1612 3761 E
1621 3740 1643 3761 G
1651 3741 1676 3761 M
1685 3741 1707 3762 A
1716 3739 1810 3762 ‘ricv
1819 3739 1833 3759 s
1841 3751 1850 3765 ‚
1869 3739 1895 3764 a,
1913 3739 1970 3757 um.
1983 3729 2246 3766 [ἐποφθιγματαδς]
2262 3734 2308 3766 vt,
2326 3732 2340 3748 ὃ
2349 3725 2389 3766 ²41¹,
2398 3731 2409 3750 t
2462 3724 2474 3749 '⁴

305 3766 327 3785 A
336 3766 378 3785 ro
387 3767 402 3786 1.
411 3767 427 3786 L
437 3767 455 3787 o
465 3768 485 3787 N
496 3769 505 3788 1
515 3768 534 3789 D
543 3767 590 3802 Εὒ]
600 3768 613 3788 s
623 3767 671 3788 Es.
707 3760 764 3787 Cic.
780 3770 828 3795 pro
841 3763 924 3791 Flacc.
945 3772 974 3799 71
994 3770 1019 3790 et
1030 3771 1074 3799 79.
1311 3767 1467 3795 ioodicendi
1479 3769 1711 3804 οἷκοφθιγματοιόν.
1745 3766 1876 3801 Quinctil.
1898 3769 1924 3800 6,
1938 3775 1961 3799 3,
1976 3774 2030 3799 109.
2045 3768 2048 3772 '
2365 3770 2369 3777 ¹
2391 3766 2393 3774 ¹
2466 3762 2474 3786 fi

306 3802 327 3821 A
338 3801 352 3820 Ρ
362 3802 381 3821 o
392 3805 406 3821 ι
416 3803 431 3822 L
441 3804 459 3835 ρ
470 3803 490 3821 N
500 3804 519 3837 ρ
529 3804 541 3824 s
554 3817 562 3830 ,
578 3806 597 3823 i.
617 3805 643 3823 n.
662 3795 754 3822 Herba.
790 3797 907 3831 Apul.de
923 3799 1007 3828 Herb.
1025 3809 1048 3827 c.
1059 3807 1104 3834 90.
1126 3798 1200 3826 Forte
1214 3798 1305 3832 eadem,
1400 3811 1422 3830 Α
1431 3811 1445 3830 p
1454 3811 1473 3831 0
1483 3812 1497 3832 p
1506 3813 1526 3832 H
1536 3804 1591 3832 Y⁹G
1601 3813 1610 3832 1
1618 3812 1648 3838 s,
1668 3805 1700 3831 is,
1712 3803 1733 3831 f,
1747 3811 1778 3829 ex
1789 3801 1920 3836 ἐποφυγῆ,
1939 3801 2116 3838 effugium-siue
2128 3799 2260 3829 remedium
2277 3805 2304 3826 co
2319 3809 2351 3832 ¹..
2411 3822 2417 3837 .
2458 3793 2474 3826 ἦ

271 3838 330 3866 quae
364 3830 529 3869 Apollinaris.
549 3867 555 3872 ι
688 3865 695 3874 ’
719 3864 726 3873 Ι
1361 3840 1483 3873 annulus,
1496 3841 1556 3877 scil.
1560 3841 1666 3876 ferreus
1678 3836 1782 3874 affixus,
1796 3847 1825 3864 ne
1838 3837 1874 3864 ad
1878 3837 1978 3873 pondus
1983 3837 2111 3899 {lindatuin
2148 3837 2255 3864 Viti-uu.
2267 3843 2295 3868 4,
2307 3839 2342 3870 ¹¹1„
2402 3854 2403 3857 =
2414 3844 2415 3847 ’
2462 3827 2474 3862 ἦ

306 3872 378 3906 {³99
388 3872 403 3891 1·
413 3872 509 3907 'AG-VS
519 3887 527 3899 2
547 3876 566 3893 ¹·
587 3877 622 3894 ¹¹¹·
658 3866 822 3907 [anozoyosl
836 3867 935 3901 Fabula,
953 3873 981 3896 in
1016 3879 1047 3898 ua
1063 3868 1217 3897 fndus-*untur
1238 3875 1307 3896 muta
1361 3883 1421 3901 rum
1436 3884 1494 3902 cum
1507 3875 1648 3911 Apophygi
1660 3874 1767 3901 erass‘iun
1781 3879 1908 3908 quantum
1921 3873 1989 3907 plint
2009 3882 2047 3900 us.
2089 3872 2164 3909 Coris.
2177 3870 2249 3899 Bald.
2261 3869 2322 3897 Lex.
2340 3879 2346 3905 j
2364 3875 2386 3896 t.
2461 3881 2472 3895 -r

270 3902 389 3942 animalia
400 3901 474 3936 loqur.
509 3903 550 3929 Sic
558 3903 602 3944 illa
615 3904 706 3944 Aesopi
719 3901 747 3928 de
759 3902 951 3944 Callita,·apud
963 3906 1001 3932 Ge
1013 3906 1031 3933 l.
1045 3914 1072 3939 2,
1086 3914 1120 3939 29
1132 3904 1242 3939 affertur
1248 3904 1305 3941 spe-
1360 3909 1401 3936 die
1407 3910 1469 3946 scre
1481 3920 1506 3938 eo
1519 3913 1614 3938 nomine
1628 3911 1698 3936 venit
1710 3909 1792 3936 mollis
1805 3915 1829 3935 ee
1840 3917 1902 3936 caua
1912 3908 2073 3936 membrorum
2084 3911 2112 3936 in
2123 3909 2243 3936 columnis
2253 3914 2277 3932 c
2303 3904 2328 3924 ,¹7
2342 3924 2367 3943 ..ff
2378 3914 2381 3917 .
2451 3906 2457 3917 2

268 3945 374 3975 cgrmms⁴
383 3935 465 3970 causti,
480 3945 549 3971 quam
563 3938 602 3963 ille
620 3938 730 3965 festinos
743 3935 970 3978 'delec'tabilesque
993 3941 1120 3976 apologos
1141 3944 1468 3981 commentueio5fhperior
1480 3947 1521 3973 υρι
1531 3945 1650 3983 offerar.
2064 3943 2066 3945 ’
2129 3947 2136 3949 ”
2309 3939 2372 3979 72³1.

266 3973 306 4001 lit.
344 3971 398 3996 Cic.
412 3971 443 3996 de
457 3972 530 3997 Orat.
544 3980 566 4003 2,
580 3975 632 4006 2⁶4
644 3982 665 3999 c.
678 3974 712 3999 66
733 3972 764 3999 bt
777 3971 809 3999 ad
822 3971 872 3999 hoe
887 3982 966 4008 genus
977 3976 1138 4004 ascribamus
1151 3977 1232 4003 etiam
1243 3985 1302 4003 nar-
2221 3974 2363 4004 ΑΡΟΡιΑἩ
2375 3977 2379 3981 ’

2325 4098 2332 4111 Ι

2355 4028 2390 4060 ,5

2420 4138 2459 4182 Α,

2295 4154 2354 4175 ,α’
