2474 4182
633 143 921 190 CON

251 243 283 269 ad
302 242 473 269 constitutum
506 240 577 267 Ποῖ.
592 248 613 270 2,
627 241 652 270 6,
669 238 705 263 16.
778 235 910 262 Naturam
929 242 975 270 pcr
992 232 1131 260 constituta
1151 230 1293 266 procedere

253 280 309 305 Scn.
324 281 378 311 (Qu.
396 279 458 304 Nat.
474 286 496 308 3,
511 279 546 302 16.
602 275 637 300 Ex
651 271 793 298 constituto
808 280 881 298 arma
895 279 986 305 capere
1022 269 1086 295 Vell.
1101 277 1124 299 2,
1139 277 1187 294 110.
1245 269 1293 293 Pro

253 312 329 342 Affls
344 312 497 347 uelstatzitls
512 318 555 342 vt,
579 308 726 336 constituta
744 314 768 333 et
784 307 840 333 asia
856 306 967 333 alicuius
981 306 1074 332 tollere
1098 304 1153 330 Cic.
1169 304 1220 329 Att.
1236 312 1259 335 9,
1276 311 1293 327 ι.

291 356 308 376 C
317 357 336 377 Ο
346 357 366 375 Ν
376 357 388 376 S
397 356 435 375 '1¹1
445 356 465 375 T
477 354 497 373 V
510 354 529 372 T
539 354 547 371 1
557 352 591 376 ι),
619 345 685 370 (mis.
711 343 730 368 f.
768 342 881 378 [affata
906 340 1030 375 διάταξις]
1067 339 1180 365 Canama
1190 359 1197 371 ,
1211 337 1295 371 status

257 392 301 412 etc.
339 386 395 411 Cic.
409 384 440 410 de
455 382 542 409 Finib.
559 390 586 413 4,
602 382 628 405 16
653 381 744 413 Itaque
759 379 792 405 ab
807 379 840 404 iis
854 378 1008 404 constitutio
1023 376 1068 402 illa
1081 376 1165 409 prima
1179 382 1296 403 naturae,

257 421 284 447 de
296 424 343 451 iis,
353 431 410 456 quac
419 419 503 445 l’rima
516 423 624 442 naturae
636 422 767 441 vocantur.
823 415 935 440 Aetcrua
955 414 1030 438 Curt.
1043 420 1065 443 ς,
1077 420 1108 443 ιι,
1122 419 1158 437 ιο.
1211 410 1297 436 Firma

258 456 411 483 constitutio
424 452 543 487 corporis
563 451 679 477 Εἰς-,ΟΕ-
694 460 714 481 3,
729 458 770 484 ιι7
786 459 806 475 c.
822 459 857 482 33.
931 447 1102 482 Religionum
1122 446 1195 472 Idem
1209 445 1239 471 dc
1252 445 1298 470 Le-

259 493 312 527 gib.
328 501 352 523 2,
367 500 395 522 23
409 500 430 515 c.
446 498 482 514 ιε).
554 487 716 513 constitutio
729 486 756 512 in
770 487 891 512 oratione
911 484 949 510 Id.
964 484 1138 514 delnue11t.1,
1153 490 1181 507 ιο
1199 481 1233 507 est
1249 480 1299 514 pri-

260 537 301 554 ma
315 526 450 553 conflictio
465 524 608 554 causarum,
622 532 652 548 ex
667 522 815 556 depulsione
832 520 986 547 intentionis
1000 517 1127 553 prosodia,
1141 517 1190 543 hoc
1205 516 1300 543 modo:

260 562 368 593 Fecisti,
387 569 440 586 non
456 559 518 591 feci,
542 565 586 584 aut
600 559 659 584 iure
674 557 734 584 feci.
782 557 839 583 Vici.
855 555 986 589 (Qinelil.
1003 564 1030 588 4,
1044 562 1070 589 7,
1085 562 1098 587 ς
1114 560 1136 579 et
1149 556 1174 579 6.

261 597 421 625 Constitutio
435 596 544 632 generali
556 597 650 620 nomine
665 594 759 619 dicitur
768 592 898 628 lus‚quod
911 601 926 617 a
941 592 1057 625 Principe
1071 589 1195 620 conditur,
1210 587 1253 613 hoc
1270 585 1303 619 est

261 632 384 664 διάταξις,
403 634 444 658 vel
470 628 618 656 διατύπωσις.
690 629 795 662 leian.
811 629 828 654 l.
849 637 857 654 1
878 626 900 660 ὁ.
918 636 926 653 ι
944 626 969 652 ff.
1000 626 1039 652 De
1059 623 1301 652 Constitutionibus

260 669 427 702 Principum,
454 665 648 700 Quodcumque
668 665 812 699 imperator
827 660 1026 698 pei-'epistolam
1046 667 1072 688 et
1084 660 1303 694 subscriptionem

261 705 365 736 statuit,
384 703 426 729 vel
447 702 604 736 cognoscens
624 701 757 732 decreuit,
784 699 825 725 vel
845 699 876 724 dc
898 698 976 733 plano
996 697 1168 724 interlocutus
1190 694 1241 724 est,
1261 692 1304 731 vel

262 739 349 767 edicto
365 738 506 773 praecepit,
524 736 609 771 legem
621 737 667 762 efl'e
681 736 787 762 constat.
842 735 913 760 Haec
934 735 1009 766 sunt,
1030 741 1092 768 quas
1106 731 1186 763 vulgo
1201 726 1304 754 Consti·
1323 733 1348 758 ις

261 776 377 803 tutiones
393 773 558 809 appellamus.
595 773 641 800 Seni
653 774 707 807 agit
722 771 749 796 de
763 774 796 797 iis
809 777 875 797 totus
888 771 986 796 titulus.

297 819 314 838 c
323 817 341 837 o
351 818 372 837 N
382 817 424 836 ST
436 817 442 835 1
453 816 473 835 T
483 811 503 834 <⁷
511 816 532 835 T
541 816 560 835 o
570 815 588 834 R
599 828 607 840 ‚
628 808 690 833 aris.
709 816 744 833 m.
780 804 945 841 [διατακἹὴρ]
981 800 1132 838 Qaeistatuit
1145 798 1250 834 aliquid.
1265 804 1305 830 ut,

262 847 337 881 Legis
352 846 526 876 constitutor,
551 843 683 876 Qunolil.
697 851 719 874 3,
733 844 759 874 6,
773 851 808 876 42
842 843 919 868 Iuscr.
935 840 1001 873 apud
1015 839 1121 863 Gruter.
1140 845 1164 870 p.
1176 843 1226 867 234
1238 843 1264 860 n.
1279 843 1305 867 4.

262 880 618 909 CONSTITVTORI
663 878 811 905 SACRI
847 872 1131 904 CER'I'AMINIS.
1205 871 1305 896 Rerum

264 918 385 945 omnium
407 916 565 943 constitutor
586 915 649 941 deus
679 914 751 940 Latii.
773 922 801 946 3,
819 921 845 945 9.
914 908 1081 936 Constitutor
1100 906 1306 940 moderatorque
1315 914 1349 932 20

263 954 385 981 omnium
416 951 516 979 Arnob.
532 960 544 983 3
557 960 580 986 p.
595 959 646 977 101.

300 997 317 1017 c
328 997 347 1016 o
357 996 378 1015 N
387 996 399 1015 s
409 996 430 1015 T
441 996 450 1014 1
459 995 480 1014 T
489 994 539 1013 VT
548 993 566 1013 0
577 993 644 1013 R1v
654 993 677 1017 s,
691 994 714 1015 a,
723 993 776 1010 um.
798 981 857 1007 Adi.
878 977 1052 1012 [claoeroen‘lmo's]
1076 976 1205 1010 Vt,Aflio
1220 975 1308 1010 consti-

263 1029 366 1052 sutoria.
403 1024 505 1050 Paullus
517 1023 546 1049 in
560 1021 577 1048 l.
591 1022 648 1048 Nec
661 1021 731 1046 enim
745 1019 775 1043 D.
789 1016 820 1042 de
835 1015 936 1042 constit.
950 1024 1041 1049 pecun.
1078 1014 1136 1040 Nec
1149 1014 1221 1040 enim
1236 1012 1308 1047 quod

264 1061 355 1088 crescit
369 1060 519 1095 peculium,
539 1064 582 1084 aut
599 1056 738 1086 decrescit,
760 1052 873 1086 pertinet
889 1051 920 1077 ad
939 1050 1151 1077 constitutoriam
1165 1049 1308 1076 actionem.

266 1099 359 1132 Nempe
372 1094 563 1123 Constitutoria
578 1092 662 1121 aelio,

259 1133 434 1169 ftjoluturum
448 1128 619 1162 cmfiituerit,
640 1125 729 1157 datur,
748 1124 788 1150 his
795 1124 855 1160 fere
868 1124 966 1149 verbis:
995 1122 1022 1148 Si
1036 1127 1157 1156 appareat
1172 1122 1310 1147 Maeuium

266 1168 349 1195 Titio
363 1167 499 1202 pecuniam
513 1162 688 1192 constituisse,
707 1168 818 1194 eamque
833 1159 978 1193 pecuniam,
993 1167 1075 1192 quum
1092 1156 1310 1188 constituebatur,

267 1204 381 1231 debitam
396 1202 470 1227 fuine
480 1220 488 1231 ,
509 1207 594 1232 neque
609 1196 730 1223 Maeuius
743 1202 787 1222 aut
803 1196 903 1226 soluat,
924 1200 968 1220 aut
983 1194 1069 1220 faciat·
1077 1193 1115 1226 id,
1129 1192 1201 1228 quod
1216 1192 1310 1218 consti-

266 1240 331 1266 tuit:
356 1247 384 1264 ac
406 1245 452 1270 per
469 1234 586 1261 afiorem
600 1242 653 1258 non
668 1232 778 1263 steterit,
792 1240 846 1266 quo
859 1231 945 1256 minus
959 1230 1044 1261 fieret,
1052 1228 1125 1264 quod
1137 1228 1311 1255 constitutum

266 1275 317 1306 est,
339 1280 394 1299 tum
409 1271 529 1298 Maeuius
544 1269 691 1295 damnetur.
729 1269 763 1293 Ex
775 1267 791 1294 l.
808 1269 836 1293 16
850 1267 882 1292 D.
897 1266 928 1292 de
942 1265 1021 1292 const.
1034 1274 1126 1300 pecun.
1163 1266 1261 1290 Hotom-

301 1316 317 1336 (1
329 1315 348 1335 Ο
361 1316 382 1334 N
392 1315 404 1334 s
414 1315 434 1334 T
443 1314 462 1333 O
472 1327 480 1339 ,
499 1305 615 1337 constiti,
635 1303 774 1330 constitum
790 1309 812 1328 et
825 1302 968 1328 constitum
977 1321 985 1334 ,
1005 1305 1057 1336 ire.
1077 1301 1230 1334 [τιμῶμαι]
1256 1300 1313 1325 Vna

258 1342 449 1381 fstmulstare.
468 1342 635 1368 Plaut.Curc.
645 1349 670 1372 2,
682 1349 704 1372 3,
713 1348 733 1365 ιι
756 1338 891 1371 Constant,
903 1337 1044 1364 conferunt
1057 1337 1189 1362 sermones
1198 1336 1267 1361 inter
1276 1335 1310 1361 se.

264 1380 375 1412 Deinde,
407 1386 435 1404 ut
453 1380 532 1410 alias,
549 1376 699 1412 praepositio
719 1377 770 1401 vim
790 1374 860 1400 verbi
881 1380 969 1410 auget,
989 1380 1018 1399 vt
1037 1372 1154 1399 constare
1167 1371 1204 1406 Jit
1216 1378 1310 1403 totum,

264 1416 375 1443 omnibus
389 1415 523 1450 partibus,
542 1413 656 1449 semper,
673 1409 759 1444 stare,
784 1419 827 1436 nec
842 1412 947 1446 proprio
967 1415 1063 1435 tantum
1076 1408 1167 1444 sensu,
1181 1407 1313 1443 sedetiam

263 1452 437 1486 metaphorica.
493 1450 549 1476 Cic.
564 1448 595 1474 de
609 1448 655 1474 Or.
670 1455 691 1479 3,
707 1455 741 1472 2ο
770 1445 884 1472 Nullum
903 1445 938 1471 est
958 1453 1038 1479 genus
1051 1453 1157 1476 rerum,
1178 1442 1250 1477 quod
1268 1448 1312 1468 aut
1330 1457 1357 1483 35

264 1488 385 1517 auulsum
400 1495 415 1513 a
428 1484 537 1512 caeteris
550 1492 597 1518 per
611 1485 636 1509 se
649 1483 733 1517 ipsum
753 1482 879 1512 constare,
892 1487 952 1513 aut,
974 1489 1028 1516 quo
1044 1485 1145 1506 caetera
1162 1478 1179 1505 fi
1199 1484 1312 1509 careant,

265 1524 322 1550 vim
337 1524 409 1549 suam
422 1528 500 1554 atque
514 1519 698 1547 aeternitatem
709 1518 865 1544 conseruare
879 1516 980 1551 pollint.
1037 1516 1103 1542 Non
1117 1515 1216 1541 constat
1230 1515 1256 1540 ei
1269 1522 1313 1539 co·

265 1559 309 1585 lor
319 1566 405 1593 neque
418 1556 507 1583 vultus
538 1556 598 1581 Liu.
610 1563 651 1587 39,
664 1563 705 1587 34.
729 1554 753 1579 h.
769 1562 788 1579 e.
803 1553 910 1588 fiaebinde
928 1558 1039 1578 mutatur
1056 1558 1079 1577 et
1093 1552 1159 1577 color
1179 1558 1201 1576 et
1220 1551 1313 1576 vultur.

267 1595 327 1621 Liu.
344 1602 365 1627 ς,
379 1602 414 1628 42
438 1591 552 1618 Romani
565 1599 596 1616 ex
619 1598 677 1616 arce
693 1589 797 1624 plenam
813 1588 930 1614 hostium
943 1587 1037 1614 vrbem
1050 1593 1198 1617 cernentes,
1221 1594 1312 1620 vagos-

250 165 329 203 ¹¹95

1321 377 1335 403 5

266 1638 318 1665 que
338 1638 384 1664 per
404 1637 461 1654 vtas
478 1635 569 1653 omnes
589 1626 695 1657 cursus,
714 1633 797 1659 quum
816 1624 868 1650 alia
887 1630 966 1658 atque
985 1623 1036 1649 alia
1051 1628 1123 1658 parte
1137 1631 1207 1648 noua
1223 1622 1314 1661 aliqua
1329 1635 1366 1660 40
1374 1619 1421 1656 qui
1434 1623 1639 1659 autempotcrat
1651 1617 1679 1644 id
1692 1616 1826 1643 constare?

265 1665 350 1692 clades
365 1665 498 1694 oriretur,
525 1670 579 1687 non
594 1659 726 1686 mentibus
748 1660 832 1686 solum
852 1659 1001 1693 confipere,
1026 1659 1069 1685 sed
1087 1667 1119 1684 ne
1131 1657 1239 1685 auribus
1254 1666 1313 1692 qu1-

266 1701 325 1728 dem
338 1706 416 1734 atque
429 1699 514 1725 oculis
529 1697 588 1724 satis
600 1696 717 1722 constare
725 1700 861 1729 poterant,
876 1697 894 1720 i.
901 1695 970 1730 satis
982 1698 1046 1720 certi
1059 1693 1111 1727 effe,
1120 1693 1199 1728 etJibi
1211 1695 1313 1729 conscii,

283 1736 327 1763 uid
344 1736 461 1762 audirent
481 1733 638 1759 viderentue:
659 1738 723 1766 prae
742 1732 936 1763 consternatione
957 1738 1005 1755 non
1025 1730 1090 1764 satis
1104 1728 1314 1765 constanterscie-

265 1746 335 1804 gant,
353 1771 414 1807 quid
424 1769 489 1804 effir,
508 1768 573 1805 quod
586 1768 707 1794 :ido-cnr.
763 1766 865 1800 Lingua
879 1774 934 1791 non
946 1764 1060 1796 constat,
1077 1764 1131 1790 vid.
1152 1771 1244 1790 L1NG
1254 1770 1313 1790 VA.

267 1808 333 1835 Cels.
347 1816 369 1840 3,
382 1815 409 1840 19
436 1805 506 1832 Huic
520 1803 617 1830 morbo
630 1802 771 1837 praecipue
784 1801 948 1828 contrarium
965 1800 1000 1826 est
1018 1800 1045 1826 id
1060 1808 1151 1834 genuS,
1165 1800 1237 1833 quod
1257 1810 1313 1834 ”⁰‘?·
1327 1814 1361 1840 4-

266 1841 345 1870 διοικόν
364 1852 379 1869 a
400 1842 506 1868 Graecis
526 1840 696 1871 nominatur,
716 1837 838 1872 quamuis
856 1838 930 1871 saepe
944 1836 976 1862 ad
992 1844 1053 1861 eum
1065 1835 1214 1870 phrenetici
1228 1840 1311 1860 trans·
1349 1824 1361 1840 ³

267 1886 347 1906 eunt:
377 1877 506 1913 siquidem
527 1885 599 1903 rncns
613 1876 641 1901 in
660 1874 714 1900 illis
729 1873 814 1906 labat,
835 1873 864 1899 in
878 1871 928 1898 hoc
942 1871 1049 1899 constat.
1120 1870 1175 1897 Cic.
1190 1871 1273 1897 'ruse
1287 1878 1316 1902 4,

269 1924 298 1947 39
313 1925 334 1941 c.
350 1922 378 1948 17
403 1914 522 1945 Malum,
542 1921 597 1947 quo
616 1918 660 1937 aut
674 1910 805 1944 oppressus
819 1909 918 1941 iaceas,
936 1913 980 1934 aut
992 1916 1025 1933 ne
1039 1906 1208 1941 opprimare,
1227 1911 1316 1931 mente

267 1952 313 1977 vix
330 1949 437 1976 constes.
493 1949 577 1975 Paullo
590 1948 664 1973 aliter
692 1946 767 1972 Idem
782 1945 866 1971 Tusc.
883 1953 903 1977 1,
917 1953 954 1978 40
986 1944 1016 1970 Et
1030 1942 1139 1978 quidem
1154 1942 1171 1968 fi
1187 1941 1239 1968 tibi
1254 1950 1315 1967 eon-

269 1987 334 2013 stare
352 1986 410 2019 νίς,
434 1993 526 2011 omnes
549 1983 711 2018 quicumque
728 1981 784 2007 nati
803 1981 861 2007 sunt
881 1985 1007 2012 eruntue,
1034 1988 1089 2005 non
1107 1978 1192 2004 solum
1215 1977 1337 2009 miseri„

269 2022 313 2048 scd
326 2022 406 2047 etiam
420 2021 521 2055 semper
532 2019 633 2047 miseri.
705 2016 831 2044 Constare
851 2015 920 2048 tibi,
945 2018 963 2042 i.
977 2024 1021 2041 con
1047 2024 1092 2040 ans
1127 2022 1266 2045 ermanere,
1287 2007 1336 2039 ας)

268 2059 308 2083 cui
322 2055 473 2088 qffistmilis.
543 2056 612 2081 Hor.
627 2053 705 2087 Epist.
722 2062 741 2084 1,
757 2061 792 2086 13,
806 2055 834 2079 16
870 2052 915 2078 Me
929 2050 1046 2077 constare
1066 2021 1136 2077 miiii
1150 2050 1214 2081 scis,
1234 2056 1260 2075 et
1279 2047 1319 2074 <li-

270 2091 375 2119 t'ccderc
388 2090 506 2122 tristem,
541 2088 759 2121 andocunque
771 2087 878 2114 trahunt
892 2087 979 2113 inuisa
992 2087 1099 2121 negotia
1113 2086 1235 2112 Romam.
1255 2084 1280 2111 h.
1296 2093 1316 2110 e.

265 2127 363 2163 fimper
376 2124 473 2152 eundem
493 2122 536 2156 effi
549 2133 585 2149 me
603 2120 681 2154 nosti,
698 2129 721 2147 et
734 2131 856 2156 nunquam
870 2121 898 2146 de
911 2121 1063 2155 praestantia
1077 2124 1146 2147 ruris
1159 2127 1254 2146 mutare
1261 2120 1318 2154 sen-

271 2165 384 2189 tentiam.
455 2160 511 2186 Cic.
524 2168 573 2192 pro
588 2158 691 2185 Cluent.
708 2159 742 2183 60
767 2155 840 2189 Qiid
861 2155 878 2181 si
897 2155 1050 2181 innocentes
1067 2154 1205 2181 Fabricios
1223 2153 1316 2178 conde-

272 2198 408 2228 mnassent,
428 2201 517 2221 tamen
528 2194 556 2219 in
563 2193 711 2227 Oppianico
724 2191 781 2218 Sibi
795 2190 926 2222 constare,
935 2196 960 2216 ct
972 2189 1154 2224 superioribus
1168 2188 1316 2214 consentire

271 2233 379 2261 iudiciis
392 2230 548 2257 debuerunt.
618 2227 692 2254 Idem
705 2226 757 2253 Off.
773 2235 793 2258 1,
809 2234 849 2258 119
871 2227 900 2251 In
914 2230 969 2251 tota
983 2227 1039 2251 vita
1054 2223 1236 2251 constituenda
1250 2222 1317 2249 mul-

273 2276 301 2296 to
314 2268 349 2295 cst
363 2267 452 2294 maior
463 2265 503 2292 rei
517 2272 578 2290 cura
589 2262 737 2290 adhibenda
746 2281 754 2293 ‚
770 2267 798 2287 vt
812 2260 929 2287 constare
945 2260 973 2285 in
986 2260 1056 2286 vitae
1071 2260 1243 2294 perpetuitate
1259 2259 1317 2293 pos-

275 2306 353 2333 sunus
371 2300 583 2336 nobismetipsis,
607 2308 654 2325 nec
674 2298 702 2324 in
721 2297 776 2323 vllo
797 2294 887 2322 officio
909 2295 1064 2321 claudicare.
1135 2295 1166 2319 Et
1180 2295 1252 2319 Fam.
1269 2303 1288 2325 1,
1301 2302 1318 2326 9

275 2343 336 2374 Qia
351 2341 378 2366 in
391 2337 519 2365 sententia
531 2336 549 2362 fi
563 2334 688 2362 Constare

275 2372 429 2404 salute'mea
441 2372 638 2407 recuperassent.
695 2370 732 2396 Vt
745 2374 800 2395 tota
814 2367 902 2394 oratio
917 2366 964 2393 fibi
979 2365 1091 2397 constet,
1112 2370 1138 2391 et
1151 2369 1180 2391 vt
1200 2373 1231 2390 cx
1245 2362 1320 2389 omni

276 2419 348 2448 parte
370 2412 457 2438 secum
478 2409 531 2444 ipsa
551 2406 696 2433 consentiat
725 2405 781 2431 Cic.
802 2404 834 2433 de
846 2404 968 2430 Vniuers.
987 2405 1004 2428 6
1016 2412 1037 2428 c.
1052 2410 1075 2434 3.
1148 2399 1257 2434 Reliqui
1271 2397 1321 2425 tibi

276 2447 465 2478 constiterunt,
488 2450 517 2471 vt
530 2449 648 2470 extrema
659 2450 718 2468 cum
730 2440 816 2467 initiis
830 2438 1004 2466 conuenirent
1030 2438 1104 2463 Idem
1119 2436 1152 2463 de
1164 2436 1222 2462 Fin.
1243 2444 1269 2467 2,
1282 2441 1319 2467 35.

276 2484 350 2519 Conf.
365 2483 431 2509 Plin.
446 2489 483 2514 35,
497 2485 519 2510 8.
593 2479 657 2505 Plin.
671 2486 710 2510 23,
729 2485 738 2503 1
770 2477 844 2509 Quin
856 2481 885 2502 vt
897 2474 1046 2501 constarent
1065 2472 1222 2504 sententiae,
1240 2477 1322 2506 quota

276 2520 367 2555 portio
380 2525 469 2545 tamen
481 2514 635 2542 mortalium
654 2514 687 2540 iis
701 2512 841 2547 generibus
856 2511 936 2546 posset
948 2510 1007 2537 vti?
1076 2508 1129 2535 Cic.
1143 2509 1197 2534 Att.
1210 2516 1229 2537 1,
1242 2515 1265 2533 ιι
1295 2505 1322 2532 Si
1333 2514 1366 2546 65

278 2555 361 2583 modo
374 2554 440 2580 tanti
451 2552 547 2587 putatis
560 2550 602 2577 id:
628 2549 701 2585 quod
720 2548 737 2574 Γι
750 2556 792 2574 me
812 2547 918 2579 audies,
940 2552 965 2573 et
979 2546 996 2572 si
1010 2543 1169 2571 humanitati
1186 2549 1248 2569 tuae
1262 2551 1321 2568 con-

281 2591 348 2617 stare
361 2589 433 2617 voles
442 2609 451 2621 ,
476 2593 545 2614 certe
560 2585 664 2620 putabis
673 2605 681 2616 ,
700 2591 745 2610 etc.
772 2587 791 2610 i.
803 2582 829 2617 fi
841 2593 890 2609 non
904 2583 970 2609 voles
984 2580 1105 2617 discedere
1118 2579 1148 2605 ab
1160 2579 1323 2606 humanitate.

280 2626 341 2653 Liu.
378 2645 384 2651 .
420 2644 426 2651 .
465 2643 470 2649 .
509 2621 586 2648 Fides
602 2620 728 2648 Constitit
738 2619 879 2650 Praetoris,
897 2622 914 2644 i.
936 2619 1040 2644 Praetor
1053 2613 1274 2647 conuentisstetit‚
1286 2616 1325 2639 ait

280 2661 403 2692 Budaeus.
442 2658 488 2686 Sed
501 2656 601 2683 Arnob.
615 2656 737 2683 aduersus
748 2662 835 2689 gentes
855 2662 902 2688 5p.
919 2655 957 2681 161
986 2654 1070 2679 Varro
1083 2651 1193 2685 edocet,
1213 2657 1258 2676 etc.
1281 2649 1325 2675 cui

281 2697 355 2724 dicto
371 2694 470 2722 constat
484 2694 562 2725 fides,
583 2698 628 2718 cte.
698 2691 754 2717 Cic.
769 2692 821 2717 Att.
837 2699 869 2722 ιι,
883 2698 910 2716 ι2
935 2690 977 2716 Ne
991 2687 1057 2723 quid
1077 2687 1209 2714 existimes
1229 2685 1262 2712 ab
1276 2685 1325 2711 illo
1352 2699 1370 2718 0

282 2732 384 2761 saelum
397 2731 460 2763 esse,
480 2737 534 2764 quo
546 2728 635 2754 minus
648 2735 706 2753 mea
720 2726 748 2752 in
769 2733 793 2752 tc
806 2724 893 2753 officia
907 2725 1061 2751 constarent.
1114 2722 1183 2751 Add.
1198 2721 1237 2748 Id.
1255 2722 1326 2747 Fam.

1340 1998 1356 2015 0

284 2779 305 2802 3,
319 2777 345 2801 4.
402 2766 508 2793 Colum.
523 2773 549 2797 9,
564 2772 590 2797 9,
603 2771 620 2798 7
651 2762 678 2789 Si
697 2762 795 2788 constet
815 2760 979 2796 principibus
998 2759 1103 2789 Gratia,
1124 2765 1212 2785 manet
1225 2766 1274 2792 pax
1288 2757 1327 2783 in-

285 2809 408 2836 cruenta,
427 2802 456 2828 de
468 2801 563 2836 apibus.
635 2798 692 2825 Cic.
706 2798 776 2824 Fam.
792 2805 817 2832 7,
836 2806 845 2823 1
877 2796 961 2823 Modo
976 2795 1074 2822 constet
1087 2794 1138 2821 tibi
1152 2793 1263 2821 Fructus
1277 2793 1329 2819 otii

284 2840 335 2867 tui.
390 2838 457 2865 Plin.
470 2838 563 2870 Paneg.
576 2837 611 2861 60
644 2834 692 2861 Vis
711 2833 827 2860 constare
847 2832 1035 2859 Reuerentiam
1055 2829 1267 2865 magistratibus,
1292 2828 1327 2854 le-

284 2876 360 2910 gibus
375 2869 741 2904 A11&01·itaten=‚Modestiam
754 2867 961 2903 postulantibus?
981 2867 1033 2900 adi,
1045 2866 1122 2893 intell.
1132 2865 1327 2900 allagistratitm.
1344 2873 1376 2901 75

286 2913 383 2939 Lucan.
397 2909 430 2937 ad
443 2909 528 2936 Pison.
545 2912 588 2937 108
622 2906 683 2932 Vita
696 2904 795 2931 constat
808 2903 861 2930 fine
875 2903 996 2931 crimine.
1065 2902 1140 2936 Virg.
1156 2905 1221 2928 Aen.
1240 2908 1262 2933 ς,
1277 2905 1328 2935 748

287 2949 363 2981 Qiae
382 2946 474 2973 animo
498 2942 630 2970 Sententia
650 2941 756 2968 constet.
826 2938 864 2965 Id.
884 2939 948 2965 Aen.
969 2947 991 2971 3,
1006 2943 1046 2971 518
1075 2938 1215 2972 Postquam
1237 2936 1330 2963 euntia

287 2982 362 3010 videt
374 2981 446 3008 caelo
458 2980 575 3007 constare
588 2980 679 3005 screno
689 2997 696 3008 ‚
722 2979 740 3002 i.
759 2975 891 3002 durabilem
903 2974 1062 3010 serenitatem
1074 2973 1179 3010 sperari
1186 2971 1260 3008 poste.
1299 2973 1329 2998 In

287 3019 328 3046 his
341 3017 451 3045 omnibus
475 3014 583 3042 Constat
598 3012 726 3050 fignificat
734 3010 860 3038 Constans
873 3010 917 3036 est.
952 3010 1096 3037 Sollemnior
1109 3011 1244 3043 participii
1250 3006 1332 3043 figni-

282 3054 373 3092 ficatio
392 3059 416 3079 ct
434 3054 517 3078 notior
534 3050 657 3085 adipsum
674 3047 772 3075 verbum
792 3046 965 3074 declarandum
984 3044 1105 3085 commode
1112 3042 1192 3080 potest
1210 3043 1332 3083 adlwi'bcri.
1347 3048 1379 3075 so
1393 3041 1518 3075 stantem,
1537 3041 1658 3067 seuerum
1671 3046 1697 3066 ct
1710 3048 1826 3074 grauem.

290 3091 382 3116 quen.
405 3091 432 3121 6,
452 3089 498 3114 166
530 3086 598 3119 Qis
612 3085 680 3112 ferat
693 3092 820 3115 vxorem,
840 3082 884 3109 cui
903 3080 1019 3108 constent
1035 3088 1139 3110 onmia,
1156 3082 1174 3106 i.
1193 3078 1333 3112 constanter

290 3124 371 3158 adsint
384 3127 464 3150 omnia
477 3123 548 3149 hona.
744 3117 765 3157 ff
798 3126 815 3145 2
861 3117 1003 3149 Constare,
1046 3114 1197 3150 [nasia-lou]
1239 3115 1332 3140 mttere.

293 3161 386 3196 Nempe
404 3162 477 3185 etiam
489 3157 595 3193 fimplex
613 3156 686 3183 Stare
712 3154 746 3180 ad
756 3156 866 3190 pretium
883 3160 906 3180 et
929 3154 1036 3179 valorem
1058 3151 1178 3186 refertur.
1227 3150 1292 3176 Plin.
1306 3158 1332 3182 33

293 3202 358 3221 extr.
377 3195 408 3221 Et
421 3194 544 3220 omnibus
557 3200 637 3228 paene
649 3190 723 3218 annis
736 3189 850 3222 mutari,
859 3194 937 3224 prout
955 3187 1138 3222 nauigationes
1158 3185 1334 3218 constiterint,

292 3235 338 3257 aut
357 3238 385 3256 vt
398 3230 508 3269 quisque
527 3235 657 3255 mercatus
672 3226 717 3259 sit,
746 3226 775 3252 de
789 3226 880 3260 pretiis
900 3233 1006 3256 rerum,
1025 3231 1084 3259 quae
1098 3228 1240 3251 mutantur,
1255 3228 1334 3256 prout
1350 3227 1379 3256 85

293 3274 383 3302 magno
396 3271 438 3290 aut
446 3272 525 3299 paruo
538 3263 655 3290 constitit
672 3262 817 3296 nauigatio.
889 3261 976 3287 Varro
995 3259 1028 3286 de
1048 3255 1079 3285 R.
1095 3258 1125 3284 R.
1146 3266 1173 3290 2,
1188 3265 1199 3283 ι
1228 3257 1335 3284 Constat

295 3300 493 3336 quadringentis
505 3300 623 3326 milibus.
680 3297 788 3325 Constat
802 3305 868 3323 auro
886 3296 967 3323 Plaut.
982 3293 1096 3323 Trucul.
1109 3301 1135 3326 2,
1149 3295 1175 3325 6,
1189 3300 1228 3327 57.
1276 3293 1333 3319 Cic.

296 3345 346 3372 pro
359 3337 437 3363 Dom-
453 3343 490 3367 ιις
523 3334 604 3368 Qiod
619 3333 685 3360 mihi
707 3333 805 3360 constat
819 3332 921 3366 carius,
942 3340 1020 3366 quam
1044 3329 1063 3356 fi
1082 3329 1109 3356 in
1129 3328 1191 3355 foro
1211 3328 1334 3355 cmiffem.

295 3372 370 3400 Idem
390 3372 468 3398 Vcrr.
490 3377 513 3403 5,
531 3376 563 3402 48
576 3379 598 3396 c.
614 3378 641 3402 19
677 3369 715 3396 Sit
728 3374 898 3403 argumento,
923 3367 975 3394 tibi
995 3367 1075 3402 gratis
1095 3363 1210 3392 constare
1229 3373 1334 3390 nauem.

297 3409 396 3443 Magno
416 3406 482 3433 Plin.
495 3404 573 3440 Epist.
589 3413 612 3435 2,
624 3406 649 3435 6,
662 3413 688 3438 4.

264 3443 265 3448 ¹
297 3453 372 3476 mus,
392 3447 516 3477 quantam
530 3440 558 3466 in
569 3439 724 3466 Tusculano
738 3440 864 3472 fecimus,
882 3448 965 3474 prope
984 3436 1099 3464 dimidio
1112 3435 1224 3463 minoris
1237 3435 1334 3462 consta-

297 3479 339 3507 bit
354 3478 403 3505 isto
418 3478 488 3504 loco.
559 3474 694 3502 Constabit
706 3484 788 3509 paruo
807 3474 905 3502 Pallad.
919 3474 981 3502 Feb.
999 3482 1025 3507 9,
1039 3482 1074 3500 12.
1143 3471 1237 3498 Tanto
1257 3471 1335 3498 nobis

298 3515 409 3542 deliciae
423 3519 448 3541 et
464 3511 579 3539 feminae
593 3510 710 3536 constant
730 3511 796 3538 Plin.
811 3515 890 3544 12,18.
960 3508 1092 3537 columel.
1105 3516 1132 3541 9,
1145 3515 1164 3540 ι,
1178 3508 1195 3533 6
1216 3507 1246 3532 Et
1259 3506 1334 3540 quid.

298 3550 363 3585 quid
376 3550 490 3584 denique
507 3546 627 3574 viliffime
642 3545 788 3573 constiterit
805 3546 876 3573 dare.
1035 3542 1057 3581 ff
1071 3553 1084 3577 3
1105 3542 1245 3572 constare,
1263 3542 1337 3575 [συγ-

298 3624 417 3647 camentis
428 3617 565 3655 compositis
577 3619 660 3643 utitur
678 3615 796 3642 Scribon.
814 3625 864 3643 122.
879 3624 937 3650 203.
1008 3615 1064 3642 Cic.
1079 3614 1157 3642 Acad.
1175 3623 1203 3648 4,
1216 3620 1256 3647 117
1271 3622 1292 3639 c.
1306 3615 1336 3645 36

298 3657 420 3683 Tantum
440 3656 471 3682 de
492 3651 630 3690 principiis
648 3659 753 3683 rerum,
778 3660 792 3677 e
831 3651 908 3678 uibus
929 3651 1020 3678 onmia
1037 3650 1169 3682 constant,
1198 3648 1335 3675 videamus

300 3700 379 3726 quem
399 3691 502 3726 probet.
573 3686 644 3715 Tela
665 3687 804 3720 frangunt,
844 3693 887 3713 oat
909 3687 1019 3713 Caelum
1041 3687 1153 3713 fremitu
1172 3682 1279 3716 virfim,
1303 3693 1335 3710 cx

297 3727 392 3761 spiritu
413 3733 490 3760 atque
510 3723 628 3752 anhelitu
648 3722 755 3750 Nebula
772 3721 870 3748 constat
897 3721 978 3748 Plaut.
992 3721 1087 3756 Amph.
1108 3730 1128 3753 1,
1149 3729 1169 3753 1,
1185 3727 1229 3754 77.
1299 3720 1335 3745 Ex

300 3762 407 3794 fraude,
434 3762 562 3793 fallaciis,
590 3757 732 3785 mendaciis
751 3756 869 3783 constare
888 3762 958 3783 totus
978 3757 1085 3784 videtur
1119 3756 1176 3783 Cic.
1195 3763 1243 3790 pro
1260 3754 1335 3781 Rosc.
1343 3754 1453 3782 100tior
1471 3754 1538 3780 Hor.
1553 3752 1634 3780 Serm.
1650 3761 1676 3785 2,
1689 3759 1714 3787 7,
1729 3757 1763 3782 18.

299 3798 376 3823 Com.
392 3806 425 3823 20
439 3806 459 3823 c.
475 3805 498 3831 7.
567 3793 674 3823 Constat
689 3793 738 3820 Ars
757 3801 788 3819 cx
807 3792 1034 3826 praeceptionibus
1064 3791 1196 3826 Qinffil.
1218 3799 1244 3822 2,
1260 3797 1296 3824 17,
1310 3799 1335 3822 4.

297 3831 405 3859 Constat
423 3831 610 3866 experimentis
631 3828 762 3856 medicina
797 3827 868 3854 ldem
890 3836 915 3859 2,
935 3834 972 3861 17.
1044 3829 1074 3854 Et
1089 3836 1121 3860 11,
1135 3831 1213 3860 3,182
1240 3824 1335 3852 Oratio

297 3867 402 3895 actione
415 3867 520 3893 constat.
592 3864 699 3893 Constat
718 3863 857 3899 prouincia
871 3862 972 3889 Galliae
986 3871 1017 3888 cx
1036 3862 1076 3889 his
1090 3861 1232 3897 generibus
1249 3860 1335 3886 homi-

297 3913 361 3930 num
376 3909 402 3929 ct
419 3903 557 3929 ciuitatum
586 3902 643 3929 Cic.
658 3908 706 3935 pro
724 3900 800 3927 Font.
821 3908 844 3926 z.
915 3897 1020 3924 Semina
1038 3906 1106 3932 quac
1120 3906 1209 3924 rerum
1223 3896 1336 3931 primor-

295 3939 393 3974 diaque
406 3938 453 3965 etse
467 3937 607 3969 docemus,
626 3935 701 3962 Vnde
720 3937 808 3962 omnis
825 3939 915 3962 rerum
933 3932 1030 3959 constet
1050 3941 1119 3960 nunc
1138 3933 1236 3960 summa
1249 3937 1385 3963 creata105
1396 3938 1457 3963 243.

293 3975 396 4001 Lucrct.
417 3982 436 4004 1,
455 3981 511 4004 500.
565 3972 632 3997 ΑΜ.
654 3971 691 3998 ld.
707 3978 736 4007 p.
747 3978 776 4007 p.
793 3971 896 4006 etjacpe
913 3969 986 3995 alias.
1056 3969 1112 3996 Cic.
1127 3967 1158 3996 de
1173 3968 1280 3996 Amicit.
1297 3975 1331 4000 24

1247 549 1266 589 q
1289 559 1301 576 2
1324 549 1472 586 mposlimt,
1496 555 1519 574 et
1537 551 1603 573 inter
1620 546 1648 581 se
1664 547 1819 571 conueniunt.

1362 1045 1493 1084 ficjpeflus
1513 1045 1561 1085 est,
1581 1049 1701 1072 rationem
1719 1046 1826 1082 aliquam
1844 1044 1987 1080 causamque
1999 1042 2084 1078 iustam
2098 1043 2176 1080 fmſj'e
2194 1044 2319 1076 docuerit,
2331 1050 2406 1079 quam-

679 1088 732 1123 stuc
748 1087 937 1117 Constitutitia,
959 1087 1064 1118 dicitur,
1077 1095 1137 1121 quae
1150 1088 1177 1111 in
1192 1095 1259 1124 eum,
1267 1087 1309 1120 qui
1325 1097 1356 1122 23
1370 1085 1448 1110 obrem
1462 1081 1535 1115 abtste
1543 1081 1594 1115 sibi
1607 1083 1752 1117 contigerit.
1787 1079 1892 1106 Paullus
1904 1080 1921 1106 l.
1938 1089 1946 1106 1
1961 1080 1987 1106 ff.
2003 1080 2035 1106 de
2049 1079 2148 1114 Obseq.
2167 1089 2181 1106 a
2194 1079 2270 1106 liber.
2283 1085 2309 1106 et
2323 1079 2407 1107 libert.

1329 1281 1360 1305 30

700 2332 857 2363 voluissent,
878 2332 949 2358 suam
964 2329 1150 2357 auctoritatem
1169 2328 1245 2354 fimul
1259 2338 1319 2353 cum
1337 2339 1373 2363 60

759 3404 815 3431 Cic.
830 3405 882 3430 Att.
900 3412 932 3436 13,
947 3411 977 3436 29
1004 3403 1092 3436 Qiam
1103 3405 1132 3427 vt
1145 3405 1242 3426 tantam
1258 3400 1336 3426 facia·
1352 3397 1459 3433 90bent
1478 3397 1535 3424 Cic.
1550 3397 1581 3424 dc
1595 3397 1657 3424 Nat.
1671 3397 1751 3425 Deor.
1764 3404 1787 3428 3,
1801 3404 1844 3429 24.

299 3585 396 3618 κᾶἃαι,
422 3582 591 3616 συῦεθῐῐιθοκ]
628 3578 777 3613 Cmfiflt’re,
802 3580 960 3617 Compqfitum
977 3578 1020 3614 esse
1034 3587 1057 3606 et
1065 3577 1177 3616 fastum.
1212 3579 1250 3604 De
1264 3577 1336 3604 mcdi-
1351 3588 1382 3615 95
1390 3540 1556 3603 ''l-{ildeglgisi

1735 135 1772 177 C
1866 135 1904 176 Ο
1998 137 2041 176 Ν
2306 144 2389 192 ,1ι96

1357 226 1561 262 Agrigentinum
1575 226 1683 261 quidem
1696 225 1803 253 doc'h1m
1817 224 1947 260 quendam
1959 224 2048 251 virum
2062 227 2220 255 carminibus
2233 227 2338 255 Graecis
2349 238 2392 257 va.
2435 247 2437 252 .
2463 249 2466 252 .

1356 264 1497 290 ticinatmu
1517 263 1621 294 ferunt,
1641 272 1706 297 quae
1720 263 1747 288 in
1766 270 1855 288 rerum
1867 267 1975 292 natura,
1994 266 2104 295 totoque
2123 267 2221 290 mundo
2239 263 2392 298 constarent,

1359 308 1478 333 quaeque
1492 304 1680 330 mouerentur,
1702 307 1732 325 ca
1747 297 1902 324 contrahere
1919 296 2079 328 amicitiam,
2099 296 2213 332 diffipare
2226 299 2393 326 discordiam:

1361 335 1532 368 Constarent,
1549 336 1566 359 i.
1582 332 1710 359 durarent.
1766 334 1829 367 Agri
1848 332 1965 358 constant
1987 332 2100 366 campis,
2119 333 2218 365 vineis,
2238 334 2309 360 siluis
2330 334 2393 362 Plin.

1363 370 1440 405 Epist.
1456 378 1478 402 3,
1494 378 1530 401 19,
1544 378 1565 401 ς.
1582 371 1600 393 ι’.
1621 369 1683 394 Sunt
1696 370 1722 393 in
1736 373 1823 404 agris,
1841 371 1936 403 campi,
1957 373 2001 393 etc.

1362 407 1463 441 magnis
1477 404 1554 431 rebus
1575 403 1630 430 Cic.
1646 402 1677 429 de
1692 402 1794 429 Inuent.
1810 412 1830 436 1,
1844 406 1868 430 6.
1941 402 2066 429 Constant
2079 402 2239 438 eprincipiis
2250 405 2339 431 omnia
2357 405 2395 433 ld:

1363 441 1441 468 Acad.
1455 450 1483 474 4,
1498 448 1538 474 117
1553 449 1573 465 c.
1588 441 1627 471 36.
1660 473 1665 478 ⁶
1699 437 1763 464 Plin.
1776 439 1852 472 Epist.
1875 448 1896 472 3,
1916 447 1939 470 13
1970 438 2082 464 Nostrae
2102 445 2188 465 tamen
2206 435 2344 466 coenaevt
2355 449 2396 479 ap-

1363 484 1466 513 paratus
1498 482 1523 503 et
1548 473 1694 509 impendii,
1721 473 1752 499 sic
1780 476 1906 507 temporis
1935 474 2028 501 modus
2049 474 2164 507 constet,
2188 481 2304 509 perpetuo
2328 475 2395 510 atht.

1363 512 1384 552 ff
1406 521 1418 545 3
1455 513 1533 539 Ratio
1554 510 1652 537 constat
1667 512 1771 544 proprie
1790 510 1922 544 loquendo,
1943 520 1997 536 cum
2010 517 2107 545 acc-epra
2122 516 2145 536 ee
2158 510 2259 545 expensa
2273 509 2396 543 vnastare

2073 368 2198 394 Constare
2217 378 2247 394 cx
2268 369 2356 395 multis
2370 375 2396 398 et

1865 546 1960 572 Deinde
1979 555 2036 572 :cro
2051 552 2156 571 utuntur
2174 546 2220 571 hac
2227 545 2340 580 formula
2352 546 2397 574 Pli-

1364 587 1425 612 nius
1439 592 1461 610 ιτ
1480 583 1554 613 icti,
1574 591 1627 607 cum
1647 580 1759 607 indicare
1777 581 1878 611 volunt,
1898 580 2020 614 confilium
2039 580 2140 616 aliquod
2157 587 2199 606 aut
2215 579 2334 607 astionem
2342 588 2398 616 pro.

1363 621 1435 650 bari,
1452 625 1480 644 vt
1492 626 1585 652 nempe
1600 616 1726 651 probatur
1739 625 1798 651 quae
1814 616 1928 647 constat,
1947 618 2022 643 ratio.
2063 619 2185 652 frequens
2203 614 2236 648 est
2254 616 2318 651 apud
2337 617 2398 645 Plin.

1365 663 1393 681 vt
1407 654 1486 688 Epist.
1502 663 1521 685 1,
1536 661 1548 685 ς
1568 652 1657 687 adfin.
1677 651 1749 677 Mihi
1768 659 1793 677 ct
1805 651 1923 677 tentandi
1938 650 2054 686 aliquid,
2075 659 2100 679 et
2114 651 2280 687 quiescendi,
2299 651 2346 678 illo
2357 661 2399 680 au.

1365 690 1455 722 eim-c,
1478 689 1547 715 ratio
1576 687 1713 714 constabit.
1739 690 1756 713 i.
1783 685 1858 713 Reae
1880 696 1916 712 mr
1939 694 1983 712 aut
2002 694 2097 715 tentare
2117 687 2213 723 aliquid
2228 687 2335 722 putabo,
2359 695 2400 716 aut
2426 678 2435 691 Η

1368 725 1496 761 quiescere.
1568 724 1642 750 Idem
1661 723 1740 757 Epist.
1763 731 1782 755 1,
1803 730 1872 757 9pr.
1910 723 2011 748 Mirum
2025 723 2070 755 est,
2087 733 2166 758 quam
2189 722 2294 757 singulis
2314 722 2400 752 diebus
2428 718 2439 742 'l

1367 762 1396 788 in
1415 760 1480 787 vrbe
1503 760 1573 787 ratio
1594 765 1639 786 aut
1656 759 1771 790 constet,
1792 765 1836 784 aut
1860 758 1978 784 constare
1994 757 2124 785 videatur.
2183 757 2318 793 Obsequio
2331 767 2402 792 mco,

1368 803 1433 831 opto
1446 816 1453 827 ,
1479 802 1507 823 vt
1532 795 1662 821 existimes
1684 794 1799 820 constare
1820 794 1975 824 Rationem,
1996 803 2055 820 cum
2076 795 2164 821 omnia
2191 793 2260 820 sach
2285 792 2401 830 didiaque

1368 841 1427 859 mea
1446 831 1558 866 probare
1578 830 1738 857 sanffiffimis
1753 829 1873 856 moribus
1891 830 1944 855 tuis
1957 830 2061 864 cupiam
2081 829 2147 856 Plin.
2161 830 2237 864 Epist.
2255 838 2292 861 10,
2305 837 2344 855 20.
2356 829 2403 866 fin.
2428 826 2439 841 ¹¹

1367 870 1402 895 Ea
1416 867 1537 894 conditio
1555 867 1590 893 est
1611 866 1773 901 imperandi,
1791 871 1819 892 vt
1841 874 1894 891 non
1914 865 1991 891 aliter
2013 865 2082 891 ratio
2101 865 2214 897 constet,
2234 874 2313 900 quam
2330 863 2347 891 fi
2359 865 2403 894 vui

1367 903 1492 931 reddatur
1506 903 1612 929 Tac.A.
1623 911 1642 935 1,
1656 905 1680 933 6,
1695 910 1721 937 7.
1740 901 1870 936 vid.1.1'ps.
1884 900 1909 927 h.
1923 902 1939 927 I.
1976 902 2011 927 Vt
2023 901 2075 928 otii
2088 902 2139 927 mei
2154 901 2221 935 apud
2235 908 2260 927 te
2273 900 2402 929 ratiocon-

1368 940 1446 967 staret
1468 939 1557 966 Iustin.
1573 938 1654 973 praef.
1667 947 1692 964 n.
1707 945 1728 970 ς.
1799 937 1902 964 Paullus
1916 937 1944 962 in
1964 936 1982 963 l.
1995 937 2031 963 Ex
2047 938 2122 963 causa
2141 937 2171 963 D.
2186 937 2217 963 de
2232 937 2270 963 Re
2284 935 2403 971 militari,
2424 952 2426 954 v

1369 975 1450 1010 Qiod
1465 975 1482 1001 ss
1496 975 1565 1001 ratio
1585 974 1748 1005 constiterit,
1768 981 1854 1007 neque
1868 972 2028 999 desertorem
2047 973 2122 999 fuisse
2135 972 2301 1007 apparuerit,
2320 971 2404 1001 omnia

1369 1011 1498 1046 stipendia
1505 1011 1574 1037 circa
1587 1009 1715 1044 temporis
1724 1009 1803 1035 tinem
1816 1008 1975 1040 redduntur,
1988 1011 2006 1034 ι’.
2020 1008 2093 1043 Qcod
2109 1007 2131 1041 fi
2143 1009 2200 1041 illc,
2213 1011 2256 1044 qui
2268 1002 2406 1043 desertionit

2454 806 2474 881 -κ-ς.
2438 607 2474 785 ςῴωᾼ-εᾈ
2451 532 2473 575 -·.ᾼ

2440 1102 2442 1113 Α.
2435 1046 2442 1090 --ᾼ
2435 1016 2442 1042 a*
2435 967 2442 1011 ,222
2435 954 2441 962 2

2439 887 2474 1465 -.229-«2‘224235-2fflwwv

1371 1118 1462 1154 praest.
1484 1118 1568 1144 Etiam
1581 1116 1713 1143 militibus
1726 1116 1830 1150 pietatis
1843 1116 1914 1142 ratio
1927 1116 1956 1142 in
1969 1123 2088 1150 parentes
2101 1115 2218 1142 constare
2231 1114 2316 1142 debet.
2350 1114 2406 1154 le-

1371 1155 1388 1181 l.
1405 1164 1414 1181 1
1428 1153 1450 1191 ς’.
1465 1154 1512 1180 vlt.
1528 1153 1555 1179 tf.
1569 1153 1600 1179 de
1614 1151 1822 1187 quaestionibus,
1835 1152 1952 1186 Principi
1966 1161 2026 1178 cum
2039 1151 2154 1178 scribere
2167 1157 2281 1186 oportet,
2299 1150 2317 1177 fi
2333 1153 2408 1185 quaii-
2437 1156 2443 1173 -¹

1373 1191 1408 1217 do
1421 1191 1456 1222 ci,
1470 1190 1517 1224 qui
1531 1197 1626 1215 nocens
1634 1187 1884 1222 videbatui-,postea
1896 1188 1966 1214 ratio
1981 1188 2147 1214 innocentiae
2160 1187 2287 1213 constitit.
2340 1184 2409 1214 Idct'n
2436 1197 2442 1203 ⁴

1372 1227 1401 1253 in
1417 1226 1435 1252 l.
1449 1226 1467 1252 fi
1481 1231 1682 1260 procuratorem
1694 1222 1717 1259 §.
1732 1224 1758 1250 Si
1774 1224 1925 1258 ignorantes
1937 1223 1964 1250 ff.
1979 1223 2106 1254 Mandafi,
2118 1222 2166 1250 Sed
2180 1230 2204 1249 et
2217 1223 2234 1249 fi
2248 1222 2340 1250 testato
2354 1230 2410 1250 con-

1372 1267 1502 1289 venerunt
1515 1261 1680 1291 debitorem,
1700 1266 1729 1286 vt
1742 1259 1760 1285 li
1774 1260 1828 1294 ipse
1841 1265 1953 1293 putaret,
1974 1259 2130 1294 appellaret:
2151 1265 2215 1294 puto
2229 1259 2359 1286 rationem
2371 1257 2409 1285 ei!

1373 1297 1506 1329 constare,
1527 1300 1545 1323 i.
1560 1295 1602 1329 effi>
1616 1295 1781 1332 ahfhluendos.
1837 1295 1993 1330 Tranquill.
2006 1296 2036 1321 in
2050 1295 2152 1323 Neron.
2168 1304 2189 1321 c.
2200 1303 2231 1327 3ο
2251 1294 2411 1321 Diuitiamm
2425 1309 2427 1312 -

1373 1341 1398 1361 et
1412 1333 1537 1369 pecuniae
1549 1332 1666 1359 fruehnn
1678 1340 1733 1357 non
1745 1331 1829 1357 alium
1843 1331 1966 1365 putabat,
1983 1340 2061 1366 quam
2076 1330 2268 1365 profusionem:
2287 1329 2410 1363 sordidet,

1373 1379 1402 1397 ac
1417 1370 1542 1404 deparcos
1555 1369 1602 1394 esse
1611 1388 1619 1400 ,
1636 1367 1733 1403 quibus
1746 1367 1816 1393 ratio
1829 1367 2006 1402 impensarum
2020 1366 2163 1393 constaret:
2188 1366 2351 1401 praelautos,
2368 1373 2410 1393 ve-

1374 1415 1456 1441 reque
1470 1403 1622 1439 magnificos
1632 1423 1639 1435 ‚
1660 1403 1707 1438 qui
1728 1403 1901 1429 abuterentur
1919 1411 1948 1429 ac
1962 1403 2110 1437 perderent.
2131 1403 2155 1429 h.
2170 1412 2189 1429 e.
2203 1402 2291 1438 qulbus
2304 1400 2411 1438 expensa—

1373 1452 1428 1469 rum
1436 1444 1598 1477 pecuniarum
1618 1440 1720 1471 modus,
1741 1446 1784 1465 aut
1792 1439 1889 1475 jamma
1901 1445 1961 1465 nota
1975 1437 2046 1472 esset,
2070 1445 2093 1464 ct
2108 1445 2157 1474 pro
2178 1447 2223 1474 quo
2241 1437 2345 1475 quidque
2388 1442 2412 1464 et

1376 1484 1511 1513 erogatum,
1527 1483 1550 1502 et
1563 1478 1601 1501 ita
1616 1475 1729 1510 quidem,
1750 1481 1779 1501 vt
1798 1475 1913 1510 ἕψοι-[ἕπε
1932 1484 1980 1501 non
1994 1475 2113 1511 superent
2126 1473 2232 1500 reditus.
2391 1481 2411 1507 4

1373 1513 1480 1540 Constat
1494 1511 1569 1538 intell.
1577 1511 1668 1547 sermo,
1681 1519 1780 1542 rumor,
1798 1513 1878 1537 oratio
1893 1516 1938 1536 etc.
1956 1513 1997 1536 cui
2014 1520 2061 1536 non
2080 1509 2271 1536 contradicitur.
2340 1507 2409 1537 Non.

1373 1559 1402 1583 4,
1417 1558 1451 1581 99
1469 1547 1592 1579 Constat,
1610 1546 1752 1578 conuenit,
1771 1546 1940 1572 manifestum
1954 1546 1998 1572 est.
2049 1546 2088 1572 M.
2101 1545 2168 1572 Tul.
2182 1545 2215 1572 ad
2227 1545 2360 1572 Caesarem
2372 1544 2410 1571 iu-

1373 1585 1480 1611 niorem
1496 1583 1543 1609 lib.
1557 1591 1573 1608 2
1601 1583 1692 1615 Qmm
1713 1581 1819 1612 constat,
1834 1582 1971 1608 Caesarem
1989 1581 2116 1616 Lupercis
2137 1580 2165 1608 id
2178 1579 2293 1615 vectigal
2306 1579 2411 1608 dediffe:

1896 1619 1928 1643 Et
1940 1617 2023 1643 Tusc.
2037 1616 2085 1644 lib.
2101 1626 2111 1643 1
2139 1617 2201 1643 Siue
2215 1616 2288 1651 quod
2300 1625 2315 1643 a
2329 1615 2412 1651 grani-

1373 1655 1467 1682 oribus
1481 1655 1585 1681 leuiora
1597 1660 1689 1680 natura
1702 1653 1879 1687 repellantur,
1900 1661 1966 1687 quae
1980 1661 2061 1687 quum
2075 1652 2181 1679 constet.
2223 1653 2292 1679 Haec
2309 1653 2411 1679 Nonius.

1374 1693 1431 1718 Cic.
1446 1692 1522 1717 Verr.
1536 1698 1565 1722 4,
1579 1697 1614 1722 90
1650 1689 1733 1716 Cuius
1753 1697 1845 1716 omnes
1858 1688 1966 1723 vigilias
1987 1689 2016 1715 in
2030 1688 2123 1723 stupris
2138 1688 2252 1721 constat,
2271 1685 2411 1714 adulteriis-

1375 1735 1426 1762 que
1447 1727 1494 1752 effe
1513 1725 1668 1751 consumtas.
1740 1725 1802 1751 Liu.
1814 1733 1855 1757 30,
1870 1729 1900 1754 28
1927 1725 1999 1751 Inter
2012 1723 2074 1751 haec
2089 1724 2164 1751 fimul
2177 1726 2247 1759 spes,
2267 1722 2340 1756 flmul
2353 1730 2414 1749 tura

1375 1763 1403 1789 in
1417 1761 1472 1788 dies
1486 1759 1628 1788 crescebat:
1647 1768 1694 1785 nec
1704 1760 1763 1786 satis
1772 1766 1872 1786 certum
1884 1759 2001 1786 constare
2009 1760 2077 1794 apud
2091 1760 2195 1786 animos
2205 1764 2316 1795 poterat,
2328 1764 2416 1785 vti-um

1375 1797 1474 1833 gaudio
1485 1796 1590 1830 dignius
1606 1795 1681 1827 essct,
1699 1801 1744 1821 etc.
1800 1795 1859 1821 Liu.
1872 1803 1917 1829 27,
1930 1804 1969 1828 44
1987 1796 2083 1830 Neque
2096 1796 2156 1822 satis
2170 1795 2302 1822 constabat
2315 1793 2417 1826 animis,

1374 1840 1428 1860 tam
1455 1832 1538 1859 audax
1565 1831 1616 1857 iter
1644 1837 1661 1857 c
1672 1836 1691 1856 ο
1702 1837 1724 1857 S.
1755 1830 1907 1862 laudarent,
1932 1831 2157 1865 vituperarentne.
2236 1831 2292 1858 Cic.
2305 1831 2380 1858 Verr.
2394 1836 2417 1862 3,

1375 1876 1410 1903 54
1427 1877 1447 1894 c.
1468 1876 1494 1893 21.
1524 1865 1653 1900 Nympho
1672 1872 1812 1900 antequam
1831 1867 1907 1900 plane
1924 1866 2055 1898 constitit,
2082 1866 2281 1894 condemnatur.
2353 1864 2418 1892 Ptin.

1378 1913 1410 1936 ιι,
1423 1912 1436 1937 5
1454 1903 1519 1931 Non
1531 1902 1561 1929 sit
1573 1902 1604 1928 de
1617 1902 1705 1927 anima
1719 1901 1851 1936 quaestio,
1875 1901 1972 1928 constet
1985 1907 2011 1928 ct
2030 1901 2061 1928 de
2074 1902 2206 1936 sanguine.
2279 1901 2307 1930 Id
2320 1901 2353 1928 de
2365 1907 2420 1936 quo

1377 1939 1530 1974 quaeritur,
1550 1945 1573 1964 et
1589 1938 1638 1964 Res
1653 1937 1685 1963 de
1699 1946 1750 1972 qua
1764 1937 1879 1967 constat;
1900 1936 2007 1971 opposita
2014 1938 2077 1973 sunt
2096 1938 2152 1964 Cic.
2165 1937 2197 1964 de
2210 1938 2312 1964 Inucnt.
2327 1945 2353 1969 2,
2367 1943 2420 1969 159.

1378 1975 1486 2002 Constat
1500 1974 1532 2001 de
1545 1974 1600 2000 eius
1614 1973 1782 2005 innocentia,
1797 1975 1815 1999 i.
1831 1972 1965 2007 manifesta
1977 1970 2010 2005 est
2031 1972 2161 2006 Qninffil.
2176 1981 2202 2008 7,
2215 1982 2240 2005 2,
2255 1981 2292 1999 21.
2362 1972 2420 1998 Cic.

1376 2013 1455 2038 Verr.
1470 2020 1490 2043 1,
1504 2019 1516 2043 ς
1547 2009 1654 2037 Constat
1666 2008 1736 2035 inter
1749 2016 1855 2038 omnes,
1878 2007 1935 2042 post
1951 2006 2013 2034 haec
2030 2008 2172 2034 constituta
2189 2008 2306 2040 iudicia,
2322 2006 2421 2042 quibus

1377 2056 1447 2074 nunc
1459 2047 1576 2077 vtimiir,
1595 2045 1713 2076 nullum,
1728 2051 1774 2070 etc.
1830 2043 1903 2079 Cons.
1921 2042 1995 2070 Idem
2003 2044 2080 2069 Verr.
2093 2052 2109 2069 2
2125 2045 2191 2069 c.16.
2238 2043 2310 2076 Nep.
2324 2050 2351 2076 7,
2366 2051 2388 2075 1,
2401 2050 2422 2070 1·

1379 2083 1435 2111 Cic.
1448 2091 1497 2117 pro
1511 2082 1536 2108 S.
1552 2082 1613 2108 Ros.
1626 2089 1653 2113 33
1668 2089 1690 2107 c.
1706 2088 1734 2107 12.
1767 2079 1913 2106 Hominem
1926 2079 2006 2113 longe
2019 2077 2214 2105 audaciffimum
2234 2086 2318 2112 nuper
2329 2076 2420 2105 habui-
2440 2094 2442 2099 ·

1379 2128 1438 2145 mus
1451 2119 1479 2144 in
1493 2118 1600 2146 ciuitate
1609 2118 1621 2148 ,'
1637 2117 1665 2143 C.
1681 2114 1828 2143 Fimbriam
1837 2135 1846 2147 ‚
1871 2121 1896 2141 et
1911 2115 1981 2150 quod
1994 2114 2066 2141 inter
2077 2123 2168 2141 omnes
2182 2113 2298 2146 constat,
2315 2112 2362 2140 nili
2375 2113 2426 2149 qui
2440 2118 2452 2137 ι’

1379 2153 1427 2187 ipsi
1442 2161 1550 2186 quoque
1563 2152 1714 2183 insaniunt,
1735 2150 1930 2177 insaniffimum.
2002 2149 2083 2184 Qod
2096 2150 2182 2177 adhuc
2200 2165 2209 2170 -
2221 2165 2231 2172 ·
2251 2149 2322 2176 inter
2332 2157 2350 2176 ο
2388 2152 2389 2155 ’
2420 2171 2421 2174 ,

1380 2187 1452 2221 quali
1466 2185 1612 2212 insanabile
1625 2186 1742 2211 constitit
1762 2186 1883 2212 Scribon.
1899 2195 1948 2221 171.
1967 2185 2127 2221 (sevitium
2141 2183 2314 2221 ὑδροφοβῶις.)
2389 2187 2392 2189 ’
2417 2194 2422 2206 ·,
2436 2207 2437 2210 ,
2465 2195 2470 2205 1

1380 2222 1498 2257 spicuum
1514 2221 1560 2254 est,
1581 2220 1733 2255 constatque
1751 2221 1822 2254 inter
1842 2230 1934 2248 omnes
1963 2222 2019 2248 Cic.
2039 2221 2071 2248 de
2092 2221 2155 2248 Nat.
2174 2222 2256 2248 Dcor.
2272 2229 2296 2253 3,
2318 2228 2335 2253 9
2353 2228 2366 2247 c
2409 2235 2413 2240 .
2436 2224 2437 2229 ¹
2454 2228 2457 2231 '

1380 2259 1453 2285 Haec
1475 2266 1516 2284 res
1534 2266 1589 2283 non
1606 2257 1741 2291 perspicua
1760 2256 1813 2289 est,
1832 2265 1918 2292 neque
1937 2256 2036 2284 constat
2055 2256 2125 2284 inter
2142 2265 2233 2284 omnes
2252 2256 2326 2283 Idem

1380 2299 1451 2320 vent.
1468 2302 1488 2325 1,
1503 2295 1542 2325 63.
1614 2292 1717 2319 Auctor
1731 2291 1761 2318 ad
1774 2293 1874 2319 Heren.
1889 2302 1907 2324 1,
1921 2294 1950 2319 16
1964 2292 2058 2319 Adhuc
2072 2301 2140 2327 quae
2153 2292 2222 2323 ditSIa
2235 2293 2294 2319 sunt
2307 2301 2336 2319 ar
2397 2321 2399 2323 ,

1379 2329 1447 2355 mihi
1462 2329 1588 2356 Constare
1602 2337 1662 2354 cum
1676 2327 1786 2354 caeteris
1799 2327 1980 2363 scriptoribus.
2036 2328 2201 2355 Callistratus
2219 2328 2237 2355 l.
2251 2337 2267 2355 2
2287 2328 2319 2354 D.
2333 2325 2363 2354 de
2402 2325 2407 2332 '

1380 2365 1463 2403 Silam
1480 2364 1564 2390 Diuus
1579 2365 1682 2390 Marcus
1689 2364 1852 2390 Commodus
1865 2364 1954 2391 Pisoni
1966 2364 2095 2399 rescripfit
2106 2364 2136 2390 in
2143 2364 2207 2392 haec
2220 2363 2316 2391 verba:
2334 2363 2375 2398 Q!
2434 2376 2438 2382 »

1383 2398 1529 2424 constiterit
1542 2399 1610 2433 apud
1623 2405 1659 2432 te,
1673 2399 1732 2425 Piso
1745 2399 1880 2431 cariffime,
1898 2400 1998 2426 Iulium
2012 2400 2160 2431 Donatum,
2178 2400 2349 2435 posteaquam
2362 2390 2418 2429 ‘¹5-
2448 2393 2455 2430 ⁰,

1383 2433 1551 2461 vulneratum
1565 2435 1621 2459 else.
1691 2433 1795 2468 leian.
1810 2433 1827 2459 l.
1841 2435 1912 2460 Haec
1932 2441 2020 2460 autem
2035 2433 2081 2470 §.1
2094 2436 2126 2462 D.
2141 2435 2239 2476 quibus
2253 2444 2285 2462 ex
2305 2427 2419 2467 califiqfin

1384 2469 1480 2505 possets.
1494 2474 1544 2496 eat.
1601 2468 1728 2494 Constare
1742 2469 1835 2501 debet,
1860 2469 2017 2504 liquereque
2036 2472 2164 2496 Praetori.
2234 2469 2361 2498 Constitit
2375 2475 2422 2505 pro
2452 2466 2460 2487 ‘-

1383 2504 1492 2533 Constat
1506 2514 1535 2530 ex
1548 2504 1621 2531 MSS.
1632 2503 1738 2539 profert
1756 2505 1847 2529 pareus
1867 2506 1925 2531 Lex.
1940 2506 2002 2531 Crit.
2018 2504 2042 2531 h.
2054 2514 2080 2531 υ.
2408 2499 2417 2518 3·

1422 2547 1439 2567 c
1451 2547 1522 2567 ons
1531 2547 1552 2566 T
1561 2547 1582 2566 Α
1593 2545 1643 2566 Τν
1653 2546 1673 2566 R
1682 2545 1703 2566 v
1713 2545 1736 2570 s,
1750 2547 1772 2569 a,
1788 2547 1842 2564 um.
1863 2539 1931 2565 Part.
1954 2541 1997 2570 Vt,
2009 2540 2180 2566 Constaturus
2194 2539 2309 2566 minimo
2325 2539 2426 2573 impen-

1384 2577 1430 2603 dio
1443 2575 1545 2603 fruc'Ius
1560 2575 1626 2602 Plin.
1640 2579 1676 2607 18,
1691 2582 1712 2607 ς.
1746 2575 1780 2601 Et
1792 2575 1890 2601 Lucan.
1904 2583 1927 2605 2,
1941 2581 1969 2608 17
1993 2575 2063 2608 Ergo
2078 2575 2128 2601 vbi
2139 2574 2308 2610 concipiunt,
2321 2573 2429 2609 quantis

1385 2612 1416 2639 fit
1429 2611 1546 2638 cladibus
1558 2610 1621 2638 vrbi
1656 2609 1814 2637 Constatura
1834 2609 1897 2636 fides
1918 2608 2058 2644 supersim,
2078 2617 2124 2636 etc.
2165 2613 2184 2636 i.
2216 2617 2291 2636 nanta
2304 2608 2443 2645 cladesuw

1384 2646 1540 2675 intellectura
1544 2646 1592 2681 fit,
1606 2648 1670 2673 Deos
1681 2653 1704 2672 et
1715 2646 1814 2672 illorum
1817 2652 1935 2680 portenta
1948 2649 2047 2672 veracia
2060 2644 2112 2679 effi.
2145 2645 2190 2672 Ad
2208 2644 2336 2672 ,Martias
2344 2653 2383 2676 10,
2390 2651 2427 2679 41.
2470 2648 2474 2651 ”

1423 2691 1440 2711 c
1449 2690 1468 2709 o
1480 2690 1502 2710 N
1513 2691 1526 2710 s
1535 2689 1556 2708 T
1565 2689 1586 2709 A
1595 2689 1616 2709 N
1625 2689 1637 2709 s
1647 2702 1655 2715 ,
1670 2682 1748 2708 antis.
1776 2682 1867 2710 Partic.
1905 2681 2045 2715 [asabia
2062 2681 2187 2715 ἓμμενής]
2223 2680 2373 2708 Constantia
2387 2679 2426 2707 in-
2443 2691 2447 2702 ·
2464 2687 2470 2701 ,-

1386 2725 1426 2747 ter
1439 2719 1464 2745 se
1478 2719 1565 2745 dicere
1592 2717 1724 2752 QuinEkil.
1740 2724 1763 2751 ς,
1777 2727 1806 2751 4,
1820 2726 1843 2744 2.
1869 2725 1929 2753 quac
1941 2727 1989 2743 non
2000 2723 2156 2755 repugnant,
2175 2715 2340 2751 fimulstare,
2353 2713 2427 2750 simil!
2443 2726 2452 2737 ν
2468 2730 2474 2741 0

1387 2765 1448 2783 vera
1462 2754 1504 2789 (Ue
1512 2753 1620 2790 pcfflunt.
1690 2753 1748 2780 Cic.
1760 2753 1833 2780 Fam.
1847 2762 1868 2786 1,
1881 2760 1899 2788 7
1928 2753 2047 2780 Tantam
2060 2753 2116 2779 vim
2129 2752 2208 2779 habet
2217 2772 2225 2786 ,
2241 2758 2270 2779 vt
2283 2751 2365 2787 magis
2372 2750 2426 2782 in}

1387 2797 1479 2819 torum
1494 2790 1634 2817 hominum
1647 2789 1761 2816 studium
1770 2809 1778 2821 ‚
1804 2798 1884 2824 quam
1898 2788 2037 2816 constantis
2055 2788 2160 2815 Senatus
2181 2788 2318 2815 confilium
2329 2787 2374 2814 effe
2385 2784 2425 2812 vi-

1389 2827 1490 2855 deatur.
1528 2827 1620 2862 Nempe
1633 2828 1691 2858 ira,
1708 2831 1738 2851 vt
1748 2831 1856 2851 caeterae
1862 2824 2079 2860 perturbationes,
2098 2822 2131 2857 cst
2144 2824 2214 2851 breue
2227 2823 2354 2860 quiddam,
2365 2818 2426 2859 quod
2452 2816 2461 2825 ¹

1389 2872 1445 2890 mox
1458 2868 1583 2889 mutatur:
1605 2860 1721 2888 constans
1734 2860 1859 2893 Senatus,
1874 2863 1917 2896 qui
1929 2866 2018 2887 mente
2032 2859 2139 2887 constat.
2176 2861 2216 2887 Sic
2226 2860 2256 2886 ab
2268 2860 2348 2886 altera
2353 2859 2425 2894 parte
2451 2858 2462 2892 l

1390 2904 1545 2934 opponuntur
1564 2897 1706 2928 Constans,
1724 2899 1742 2923 i.
1755 2896 1903 2932 fiueritatis
1920 2903 2027 2923 tenorem
2037 2896 2160 2931 seruans,
2178 2902 2203 2922 er
2220 2895 2303 2928 lenis,
2318 2888 2426 2930 121³le-
2445 2892 2458 2919 ι’

1389 2935 1457 2961 bilis.
1527 2933 1655 2960 Constans
1674 2939 1699 2959 ct
1715 2931 1796 2963 lenis,
1821 2937 1849 2958 vt
1867 2941 1910 2959 res
1931 2931 2092 2967 expostulat,
2113 2931 2167 2957 esto
2198 2931 2266 2958 Cato
2280 2929 2345 2957 Dist.
2363 2937 2394 2962 1,·
2417 2945 2426 2955 ι
2456 2958 2457 2962 Ἰ

1391 2972 1472 2998 Etiam
1484 2969 1563 2996 Leuis
1577 2975 1602 2996 et
1615 2968 1757 3000 Constans,
1772 2970 1910 2994 contraria.
1938 2968 1994 2994 Cic.
2009 2967 2041 2993 de
2054 2967 2162 2993 Amicit.
2173 2974 2211 3001 94
2244 2965 2318 3001 Quid
2331 2963 2416 2993 int-¹
2433 2983 2435 2985 ·
2455 2974 2458 2992 ι

1391 3006 1462 3033 inter
1480 3005 1652 3040 popularem,
1671 3004 1699 3030 id
1718 3003 1754 3030 cst
1771 3003 1953 3030 assentatorem
1972 3009 1998 3029 et
2010 3002 2097 3029 leuem
2117 3003 2218 3029 ciuem:
2243 3008 2270 3029 et
2287 3003 2357 3034 inter
2370 3008 2418 3029 ew!
2448 2997 2458 3032 ,l

1881 3040 1922 3065 Sic
1934 3038 2056 3066 Thrasea
2067 3038 2228 3065 constantior
2239 3038 2297 3073 ipso
2318 3037 2361 3065 Ma
2382 3047 2398 3059 ι’
2451 3034 2458 3054 ’·

1393 3086 1416 3110 3,
1430 3085 1472 3110 54.
1526 3078 1639 3112 Denique
1651 3075 1763 3103 Mobilis
1776 3082 1798 3101 et
1810 3074 1936 3102 Constans
1945 3095 1952 3107 ,
1970 3077 2108 3101 contraria.
2144 3075 2201 3101 Cic.
2217 3083 2264 3109 pro
2273 3073 2347 3100 Rosc.
2361 3077 2387 3095 Ο·
2456 3079 2458 3105 ζ

1393 3121 1429 3146 49
1445 3114 1534 3146 Qiem
1547 3111 1703 3139 hominem?
1717 3111 1821 3137 leuem?
1836 3110 1921 3137 immo
1928 3109 2270 3145 grauissinmmzmobilem?
2282 3107 2430 3137 ἰιιιιιιοσ’

1393 3147 1582 3176 stantissimum.
1653 3147 1733 3174 Ratio
1745 3146 1817 3173 vitae
1835 3146 1998 3181 aequabilis,
2017 3145 2135 3172 constans
2156 3151 2182 3172 et
2195 3145 2333 3172 moderata
2357 3140 2409 3171 Id
2430 3152 2435 3163 ²

1393 3193 1443 3220 pro
1457 3184 1560 3211 Cluent.
1576 3185 1621 3218 64.
1674 3181 1788 3209 Affcnfio
1801 3181 1917 3215 constans
1932 3187 1958 3208 ct
1971 3182 2047 3209 firma
2065 3181 2104 3208 ld.
2119 3181 2198 3208 Acad.
2214 3190 2234 3214 1,
2248 3189 2287 3215 41.
2341 3180 2363 3207 A
2456 3186 2461 3202 ἰ

1394 3220 1474 3247 fortis
1487 3225 1512 3246 et
1533 3219 1673 3246 constantis
1688 3218 1741 3251 est,
1758 3226 1812 3244 non
1832 3216 1983 3252 perturbari
2003 3218 2030 3244 in
2049 3217 2128 3244 rebus
2150 3217 2247 3252 asperis
2276 3209 2421 3244 Cimo-'2'

1395 3260 1427 3287 80
1444 3264 1466 3281 c.
1480 3264 1519 3288 23.
1591 3254 1679 3281 Amici
1692 3253 1835 3281 constantes
1849 3261 1874 3279 et
1887 3253 1991 3280 stabiles
2003 3252 2120 3288 eligendi
2149 3252 2224 3280 Idem
2239 3251 2270 3278 de
2283 3251 2391 3278 Amicis.
2415 3248 2422 3282 'v

1395 3301 1416 3318 c.
1439 3299 1477 3326 17.
1546 3291 1658 3317 Animus
1678 3289 1796 3316 constans
1822 3289 1904 3316 Ouid.
1918 3289 1992 3316 Rem.
2012 3290 2103 3316 Amor.
2121 3292 2176 3324 718.
2245 3287 2356 3314 Animus
2380 3282 2429 3315 ·ᾀ”“

1393 3327 1506 3354 stantior
1518 3327 1603 3359 annis,
1619 3329 1637 3352 ι’.
1650 3323 1801 3358 constantior
1814 3331 1838 3352 et
1851 3328 1972 3351 maturior
1986 3331 2060 3361 atque
2071 3323 2129 3351 adeo
2137 3323 2296 3360 prudentior,
2304 3331 2374 3359 quam
2392 3320 2431 3355 4¹2⁵

1394 3369 1475 3390 aetate
1493 3362 1590 3389 Lucan.
1604 3361 1636 3388 ad
1651 3361 1736 3388 Pison.
1749 3368 1811 3395 247.
1882 3360 1979 3387 Cursus
1993 3365 2077 3387 certos
2092 3365 2118 3387 et
2131 3357 2275 3388 constantes
2288 3357 2374 3386 stellae

1916 3395 2040 3423 Defensio
2058 3395 2192 3428 constanS,
2214 3400 2356 3430 perpetua,
2384 3394 2436 3427 ³.ss

1395 3434 1445 3466 tis,
1464 3432 1566 3460 inuiCta
1578 3433 1666 3460 salutis
1678 3432 1791 3460 alicuius
1811 3430 1884 3458 Idem
1898 3431 1955 3466 post
1968 3431 2024 3459 red.
2039 3431 2068 3458 in
2079 3432 2166 3458 Senat.
2180 3435 2219 3461 28-
2271 3431 2302 3457 Et
2317 3431 2354 3464 Q
2372 3432 2379 3439 ’
2405 3429 2427 3447 ’ψ’
2449 3426 2452 3433 “

1397 3478 1418 3502 1,
1431 3478 1452 3502 1,
1465 3474 1478 3500 ε
1500 3468 1642 3496 Constante
1655 3468 1724 3495 fama
1740 3473 1818 3502 atque
1831 3468 1952 3494 omnium
1962 3468 2092 3494 ‚sermone
2104 3465 2262 3493 celebratum
2276 3465 2321 3492 cst.
2379 3468 2382 3473 “
2408 3463 2441 3498 ,J
2463 3495 2465 3498 .

1396 3511 1463 3541 pert.
1476 3513 1496 3537 1,
1510 3513 1530 3537 1,
1544 3513 1556 3537 3
1593 3504 1668 3531 Τιιιιι
1681 3502 1749 3530 mihi
1763 3502 1903 3529 constantis
1916 3502 2013 3529 deiecit
2025 3502 2126 3529 lumina
2137 3502 2225 3528 fastus.
2259 3504 2278 3527 i.
2294 3499 2426 3537 pertinsj

1559 3549 1638 3601 cfuam
1656 3539 1786 3566 elatorum
1807 3538 1947 3565 oculorum
1970 3540 2067 3565 nomine
2085 3540 2158 3564 etiam
2181 3537 2292 3564 Salomon
2311 3534 2357 3573 des
2372 3531 2375 3538 ¹
2391 3531 2416 3572 ‘l'-

1578 3595 1584 3601 .
1598 3584 1629 3602 cx
1642 3574 1717 3602 Pont.
1736 3578 1801 3607 234,
1814 3582 1850 3606 33.
1921 3572 1997 3601 Fidei
2016 3573 2133 3600 constans
2163 3571 2252 3599 Tacit.
2267 3571 2335 3604 Hist.
2352 3578 2374 3604 3,
2395 3571 2412 3603 5
2458 3591 2465 3597 .

1397 3612 1530 3644 Grauem,
1550 3610 1710 3638 constantem
1719 3629 1726 3642 ,
1749 3608 1868 3636 stabilem
1883 3609 1908 3636 se
1922 3610 1950 3636 in
1962 3609 2080 3636 amicitia
2091 3606 2220 3643 praestare
2248 3608 2305 3634 Cic.
2318 3605 2349 3634 de
2359 3605 2416 3647 A„

1396 3647 1441 3674 cit.
1456 3649 1495 3679 63.
1549 3648 1628 3674 Acute
1641 3645 1723 3674 Ouid.
1735 3644 1820 3673 Trist.
1835 3652 1858 3678 ς,
1871 3649 1894 3678 8,
1909 3650 1943 3675 ιε.
1960 3644 1989 3671 de
2002 3645 2126 3675 Fortuna,
2162 3643 2193 3669 Et
2207 3649 2307 3670 tantum
2320 3644 2387 3669 con
2399 3643 2414 3664 'ft

1397 3683 1427 3710 in
1440 3682 1549 3709 leuitate
1568 3683 1612 3709 sua
1627 3682 1672 3708 cst.
1751 3681 1781 3707 In
1798 3680 1876 3707 rebus
1893 3679 2003 3715 optimis
2020 3677 2232 3707 constantiffimus
2250 3678 2306 3705 Cic.
2318 3676 2350 3704 de
2361 3673 2430 3706 (31³⁴.ss

1399 3719 1474 3745 Orat.
1487 3725 1527 3751 95.
1598 3717 1681 3744 Liber
1692 3723 1719 3743 et
1737 3715 1854 3744 constans
1886 3715 1951 3742 Plin.
1965 3716 2011 3750 Ep.
2029 3716 2054 3746 6,
2071 3720 2113 3748 27.
2182 3715 2213 3741 ln
2226 3713 2301 3741 vitiis
2318 3709 2400 3739 const!
2430 3731 2439 3745 4

1817 3750 1948 3777 Aduersus
1961 3755 2046 3777 metus
2065 3749 2134 3776 Tac.
2142 3749 2178 3776 H.
2187 3758 2215 3783 4,
2229 3748 2242 3783 ’ς
2254 3755 2319 3776 extr.
2350 3741 2405 3779 <3¹1
2433 3745 2461 3769 ‘⁸⁴

1398 3788 1478 3824 Epist.
1493 3796 1531 3823 17,
1548 3796 1594 3822 199
1613 3788 1687 3815 Adde
1700 3785 1788 3823 quod,
1805 3793 1834 3813 vt
1847 3786 1937 3821 cupias
1948 3784 2065 3811 constans
2078 3784 2106 3811 in
2117 3793 2210 3811 amore
2219 3791 2334 3816 manere,

1399 3831 1481 3859 poteS.
1517 3824 1631 3850 Pretiosa
1644 3823 1706 3850 odia
1719 3829 1745 3849 et
1757 3821 1900 3848 constantia
1913 3828 2007 3854 magno
2027 3820 2101 3847 Idem
2109 3819 2222 3847 Heroid.
2231 3827 2258 3854 7,
2264 3826 2310 3854 47.
2325 3848 2327 3852 ¹

1399 3864 1490 3886 tenere
1507 3858 1611 3894 aliquid
1643 3858 1729 3886 Catul.
1743 3858 1844 3891 Argon.
1857 3857 1876 3883 s.
1889 3858 1929 3887 62,
1942 3860 1997 3888 238.

1399 3895 1478 3922 fimus
1501 3895 1557 3921 Cic.
1571 3894 1603 3921 de
1619 3894 1711 3921 Diuin.
1734 3901 1756 3925 2,
1777 3900 1806 3927 17
1820 3902 1841 3919 c.
1854 3894 1879 3918 6.

2342 3811 2452 3844 Mettica

2069 3856 2158 3883 Motus
2176 3855 2268 3882 Lunae
2285 3844 2452 3880 constantii-‘l

1949 3890 2058 3918 Pectore
2075 3890 2205 3918 constanti
2221 3897 2315 3924 corpus
2343 3879 2432 3919 stiffi,-
2449 3895 2451 3909 1

1508 3930 1608 3957 Pietate
1618 3929 1688 3957 tueri
1702 3928 1820 3964 aliquem
1839 3925 1921 3953 Ouid.
1936 3934 1968 3953 ex
1978 3927 2053 3954 Pons.
2064 3936 2094 3961 4,
2108 3932 2147 3959 12,
2160 3933 2202 3959 41.
2255 3914 2435 3986 νοςεέςρξῖι
2449 3927 2452 3942 ι

2247 3963 2250 3969 ’
2299 3964 2301 3966 ’
2353 3963 2409 3994 :qm
