<?xml version="1.0" encoding="UTF-8"?>
<!DOCTYPE html PUBLIC "-//W3C//DTD XHTML 1.0 Transitional//EN"
    "http://www.w3.org/TR/xhtml1/DTD/xhtml1-transitional.dtd">
<html xmlns="http://www.w3.org/1999/xhtml" xml:lang="en" lang="en">
 <head>
  <title>
</title>
<meta http-equiv="Content-Type" content="text/html;charset=utf-8" />
  <meta name='ocr-system' content='tesseract 3.04.00' />
  <meta name='ocr-capabilities' content='ocr_page ocr_carea ocr_par ocr_line ocrx_word'/>
</head>
<body>
  <div class='ocr_page' id='page_1' title='image "./novuslinguaeeter01gesn_0328.png"; bbox 0 0 2474 4182; ppageno 0'>
   <div class='ocr_carea' id='block_1_1' title="bbox 289 125 2425 198">
    <p class='ocr_par' dir='ltr' id='par_1_1' title="bbox 289 125 2425 198">
     <span class='ocr_line' id='line_1_1' title="bbox 289 125 2425 198; baseline -0.013 -11"><span class='ocrx_word' id='word_1_1' title='bbox 289 156 348 198; x_wconf 84' lang='lat'>55¹</span> <span class='ocrx_word' id='word_1_2' title='bbox 690 139 729 176; x_wconf 82' lang='grc' dir='ltr'>Α</span> <span class='ocrx_word' id='word_1_3' title='bbox 801 133 839 172; x_wconf 96' lang='lat' dir='ltr'>V</span> <span class='ocrx_word' id='word_1_4' title='bbox 905 131 942 172; x_wconf 94' lang='lat' dir='ltr'>L</span> <span class='ocrx_word' id='word_1_5' title='bbox 1770 127 1812 166; x_wconf 85' lang='lat' dir='ltr'>A</span> <span class='ocrx_word' id='word_1_6' title='bbox 1880 125 1917 165; x_wconf 89' lang='lat' dir='ltr'>V</span> <span class='ocrx_word' id='word_1_7' title='bbox 1980 126 2013 166; x_wconf 84' lang='lat' dir='ltr'>R</span> <span class='ocrx_word' id='word_1_8' title='bbox 2357 130 2425 186; x_wconf 57' lang='lat'>55,</span> 
     </span>
    </p>
   </div>
   <div class='ocr_carea' id='block_1_2' title="bbox 2322 662 2468 4054">
    <p class='ocr_par' dir='ltr' id='par_1_2' title="bbox 2322 662 2468 4054">
     <span class='ocr_line' id='line_1_2' title="bbox 2424 662 2464 781; baseline 0 0"><span class='ocrx_word' id='word_1_9' title='bbox 2424 662 2464 781; x_wconf 95' lang='lat' dir='ltr'>   </span> 
     </span>
     <span class='ocr_line' id='line_1_3' title="bbox 2420 781 2464 801; baseline 0 3381"><span class='ocrx_word' id='word_1_10' title='bbox 2420 781 2464 801; x_wconf 95' lang='lat' dir='ltr'> </span> 
     </span>
     <span class='ocr_line' id='line_1_4' title="bbox 2364 801 2468 949; baseline 0 -73"><span class='ocrx_word' id='word_1_11' title='bbox 2364 801 2468 949; x_wconf 95' lang='lat' dir='ltr'>     </span> 
     </span>
     <span class='ocr_line' id='line_1_5' title="bbox 2356 949 2468 1044; baseline 0 -26"><span class='ocrx_word' id='word_1_12' title='bbox 2356 949 2468 1044; x_wconf 95' lang='lat' dir='ltr'>   </span> 
     </span>
     <span class='ocr_line' id='line_1_6' title="bbox 2370 1044 2468 1167; baseline 0 -31"><span class='ocrx_word' id='word_1_13' title='bbox 2370 1044 2468 1167; x_wconf 95' lang='lat' dir='ltr'>  </span> 
     </span>
     <span class='ocr_line' id='line_1_7' title="bbox 2369 1167 2468 1307; baseline 0 -38"><span class='ocrx_word' id='word_1_14' title='bbox 2369 1167 2468 1307; x_wconf 95' lang='lat' dir='ltr'>   </span> 
     </span>
     <span class='ocr_line' id='line_1_8' title="bbox 2419 1307 2468 1379; baseline 0.102 -38"><span class='ocrx_word' id='word_1_15' title='bbox 2419 1307 2468 1379; x_wconf 95' lang='lat' dir='ltr'>   </span> 
     </span>
     <span class='ocr_line' id='line_1_9' title="bbox 2386 1379 2468 1456; baseline 0 -41"><span class='ocrx_word' id='word_1_16' title='bbox 2386 1379 2468 1456; x_wconf 95' lang='lat' dir='ltr'>  </span> 
     </span>
     <span class='ocr_line' id='line_1_10' title="bbox 2358 1456 2468 1598; baseline 0 -76"><span class='ocrx_word' id='word_1_17' title='bbox 2358 1456 2468 1598; x_wconf 95' lang='lat' dir='ltr'>   </span> 
     </span>
     <span class='ocr_line' id='line_1_11' title="bbox 2326 1598 2468 1666; baseline 0 -11"><span class='ocrx_word' id='word_1_18' title='bbox 2326 1598 2468 1666; x_wconf 95' lang='lat' dir='ltr'>   </span> 
     </span>
     <span class='ocr_line' id='line_1_12' title="bbox 2428 1729 2464 1855; baseline 0 0"><span class='ocrx_word' id='word_1_19' title='bbox 2428 1729 2464 1855; x_wconf 95' lang='lat' dir='ltr'>    </span> 
     </span>
     <span class='ocr_line' id='line_1_13' title="bbox 2426 1855 2464 1995; baseline 0 -80"><span class='ocrx_word' id='word_1_20' title='bbox 2426 1855 2464 1995; x_wconf 95' lang='lat' dir='ltr'>     </span> 
     </span>
     <span class='ocr_line' id='line_1_14' title="bbox 2421 1995 2468 2132; baseline 0 -38"><span class='ocrx_word' id='word_1_21' title='bbox 2421 1995 2468 2132; x_wconf 95' lang='lat' dir='ltr'>    </span> 
     </span>
     <span class='ocr_line' id='line_1_15' title="bbox 2418 2132 2464 2199; baseline 0 -35"><span class='ocrx_word' id='word_1_22' title='bbox 2418 2132 2464 2199; x_wconf 95' lang='lat' dir='ltr'>  </span> 
     </span>
     <span class='ocr_line' id='line_1_16' title="bbox 2377 2199 2468 2302; baseline -0.022 -65"><span class='ocrx_word' id='word_1_23' title='bbox 2377 2199 2468 2302; x_wconf 95' lang='lat' dir='ltr'>    </span> 
     </span>
     <span class='ocr_line' id='line_1_17' title="bbox 2372 2309 2468 2349; baseline 0 0"><span class='ocrx_word' id='word_1_24' title='bbox 2372 2309 2468 2349; x_wconf 95' lang='lat' dir='ltr'>  </span> 
     </span>
     <span class='ocr_line' id='line_1_18' title="bbox 2338 2349 2468 2419; baseline 0 0"><span class='ocrx_word' id='word_1_25' title='bbox 2338 2349 2468 2419; x_wconf 95' lang='lat' dir='ltr'>   </span> 
     </span>
     <span class='ocr_line' id='line_1_19' title="bbox 2400 2419 2468 2475; baseline 0 0"><span class='ocrx_word' id='word_1_26' title='bbox 2400 2419 2468 2475; x_wconf 95' lang='lat' dir='ltr'>   </span> 
     </span>
     <span class='ocr_line' id='line_1_20' title="bbox 2417 2475 2464 2559; baseline -0.191 -37"><span class='ocrx_word' id='word_1_27' title='bbox 2417 2475 2464 2559; x_wconf 95' lang='lat' dir='ltr'>   </span> 
     </span>
     <span class='ocr_line' id='line_1_21' title="bbox 2421 2559 2464 2664; baseline 0 -39"><span class='ocrx_word' id='word_1_28' title='bbox 2421 2559 2464 2664; x_wconf 95' lang='lat' dir='ltr'>   </span> 
     </span>
     <span class='ocr_line' id='line_1_22' title="bbox 2383 2664 2468 2784; baseline 0.012 -49"><span class='ocrx_word' id='word_1_29' title='bbox 2383 2664 2468 2784; x_wconf 95' lang='lat' dir='ltr'>    </span> 
     </span>
     <span class='ocr_line' id='line_1_23' title="bbox 2413 2784 2464 2807; baseline 0 1375"><span class='ocrx_word' id='word_1_30' title='bbox 2413 2784 2464 2807; x_wconf 95' lang='lat' dir='ltr'> </span> 
     </span>
     <span class='ocr_line' id='line_1_24' title="bbox 2379 2807 2464 2906; baseline 0 0"><span class='ocrx_word' id='word_1_31' title='bbox 2379 2807 2464 2906; x_wconf 95' lang='lat' dir='ltr'>   </span> 
     </span>
     <span class='ocr_line' id='line_1_25' title="bbox 2383 2906 2464 2970; baseline 0 0"><span class='ocrx_word' id='word_1_32' title='bbox 2383 2906 2464 2970; x_wconf 95' lang='lat' dir='ltr'>  </span> 
     </span>
     <span class='ocr_line' id='line_1_26' title="bbox 2383 2970 2464 3011; baseline 0 1171"><span class='ocrx_word' id='word_1_33' title='bbox 2383 2970 2464 3011; x_wconf 95' lang='lat' dir='ltr'> </span> 
     </span>
     <span class='ocr_line' id='line_1_27' title="bbox 2374 3011 2464 3134; baseline 0 0"><span class='ocrx_word' id='word_1_34' title='bbox 2374 3011 2464 3134; x_wconf 95' lang='lat' dir='ltr'>   </span> 
     </span>
     <span class='ocr_line' id='line_1_28' title="bbox 2329 3134 2468 3297; baseline 0 -25"><span class='ocrx_word' id='word_1_35' title='bbox 2329 3134 2468 3297; x_wconf 95' lang='lat' dir='ltr'>     </span> 
     </span>
     <span class='ocr_line' id='line_1_29' title="bbox 2358 3297 2464 3345; baseline 0 -35"><span class='ocrx_word' id='word_1_36' title='bbox 2358 3297 2464 3345; x_wconf 95' lang='lat' dir='ltr'>  </span> 
     </span>
     <span class='ocr_line' id='line_1_30' title="bbox 2322 3345 2468 3448; baseline 0 -25"><span class='ocrx_word' id='word_1_37' title='bbox 2322 3345 2468 3448; x_wconf 95' lang='lat' dir='ltr'>   </span> 
     </span>
     <span class='ocr_line' id='line_1_31' title="bbox 2348 3448 2468 3525; baseline 0 -48"><span class='ocrx_word' id='word_1_38' title='bbox 2348 3448 2468 3525; x_wconf 95' lang='lat' dir='ltr'>   </span> 
     </span>
     <span class='ocr_line' id='line_1_32' title="bbox 2376 3525 2468 3565; baseline 0 617"><span class='ocrx_word' id='word_1_39' title='bbox 2376 3525 2468 3565; x_wconf 95' lang='lat' dir='ltr'> </span> 
     </span>
     <span class='ocr_line' id='line_1_33' title="bbox 2354 3565 2464 3640; baseline 0 -24"><span class='ocrx_word' id='word_1_40' title='bbox 2354 3565 2464 3640; x_wconf 95' lang='lat' dir='ltr'>   </span> 
     </span>
     <span class='ocr_line' id='line_1_34' title="bbox 2379 3640 2464 3691; baseline 0 0"><span class='ocrx_word' id='word_1_41' title='bbox 2379 3640 2464 3691; x_wconf 95' lang='lat' dir='ltr'>  </span> 
     </span>
     <span class='ocr_line' id='line_1_35' title="bbox 2382 3691 2468 3772; baseline 0 -64"><span class='ocrx_word' id='word_1_42' title='bbox 2382 3691 2468 3772; x_wconf 95' lang='lat' dir='ltr'>    </span> 
     </span>
     <span class='ocr_line' id='line_1_36' title="bbox 2350 3772 2468 3959; baseline 0 -89"><span class='ocrx_word' id='word_1_43' title='bbox 2350 3772 2468 3959; x_wconf 95' lang='lat' dir='ltr'>    </span> 
     </span>
     <span class='ocr_line' id='line_1_37' title="bbox 2413 3959 2438 4054; baseline 0 0"><span class='ocrx_word' id='word_1_44' title='bbox 2413 3959 2438 4054; x_wconf 95' lang='lat' dir='ltr'>  </span> 
     </span>
    </p>
   </div>
   <div class='ocr_carea' id='block_1_3' title="bbox 287 214 2474 731">
    <p class='ocr_par' dir='ltr' id='par_1_3' title="bbox 287 214 2474 731">
     <span class='ocr_line' id='line_1_38' title="bbox 287 214 2432 268; baseline -0.009 -8"><span class='ocrx_word' id='word_1_45' title='bbox 287 232 371 268; x_wconf 71' lang='lat' dir='ltr'>ampla</span> <span class='ocrx_word' id='word_1_46' title='bbox 390 238 414 259; x_wconf 84' lang='lat' dir='ltr'>et</span> <span class='ocrx_word' id='word_1_47' title='bbox 427 229 569 267; x_wconf 76' lang='lat' dir='ltr'>magnifica.</span> <span class='ocrx_word' id='word_1_48' title='bbox 625 225 691 253; x_wconf 71' lang='lat' dir='ltr'>Add.</span> <span class='ocrx_word' id='word_1_49' title='bbox 712 224 775 250; x_wconf 85' lang='lat' dir='ltr'>Vlit.</span> <span class='ocrx_word' id='word_1_50' title='bbox 791 228 815 248; x_wconf 77' lang='lat' dir='ltr'>ct</span> <span class='ocrx_word' id='word_1_51' title='bbox 827 223 913 264; x_wconf 71' lang='lat' dir='ltr'>Burm-</span> <span class='ocrx_word' id='word_1_52' title='bbox 927 221 961 248; x_wconf 87' lang='lat' dir='ltr'>ad</span> <span class='ocrx_word' id='word_1_53' title='bbox 974 221 1047 248; x_wconf 89' lang='lat' dir='ltr'>Grat.</span> <span class='ocrx_word' id='word_1_54' title='bbox 1062 223 1118 256; x_wconf 82' lang='lat'>167.</span> <span class='ocrx_word' id='word_1_55' title='bbox 1274 214 1295 255; x_wconf 59' lang='lat' dir='ltr'><strong>ff</strong></span> <span class='ocrx_word' id='word_1_56' title='bbox 1306 225 1333 258; x_wconf 19' lang='grc' dir='ltr'>ἰι</span> <span class='ocrx_word' id='word_1_57' title='bbox 1424 223 1477 244; x_wconf 80' lang='grc' dir='ltr'>Αν</span> <span class='ocrx_word' id='word_1_58' title='bbox 1486 225 1502 243; x_wconf 82' lang='lat'>1.</span> <span class='ocrx_word' id='word_1_59' title='bbox 1512 217 1603 244; x_wconf 63' lang='lat' dir='ltr'>firm</span> <span class='ocrx_word' id='word_1_60' title='bbox 1615 224 1643 250; x_wconf 78' lang='lat' dir='ltr'>s,</span> <span class='ocrx_word' id='word_1_61' title='bbox 1674 217 1742 244; x_wconf 81' lang='lat' dir='ltr'>i’dos.</span> <span class='ocrx_word' id='word_1_62' title='bbox 1779 216 1801 242; x_wconf 85' lang='lat' dir='ltr'>f.</span> <span class='ocrx_word' id='word_1_63' title='bbox 1837 215 1849 249; x_wconf 95' lang='lat'>[</span> <span class='ocrx_word' id='word_1_64' title='bbox 1862 214 1977 251; x_wconf 68' lang='grc' dir='ltr'>αὐλητρίς</span> <span class='ocrx_word' id='word_1_65' title='bbox 1992 215 2006 249; x_wconf 94' lang='grc'>]</span> <span class='ocrx_word' id='word_1_66' title='bbox 2051 216 2176 244; x_wconf 83' lang='lat' dir='ltr'>Tibicina.</span> <span class='ocrx_word' id='word_1_67' title='bbox 2218 218 2276 246; x_wconf 78' lang='lat' dir='ltr'>Vid.</span> <span class='ocrx_word' id='word_1_68' title='bbox 2296 219 2409 253; x_wconf 62' lang='lat' dir='ltr'>Qinffll</span> <span class='ocrx_word' id='word_1_69' title='bbox 2430 239 2432 243; x_wconf 77' lang='grc'>,</span> 
     </span>
     <span class='ocr_line' id='line_1_39' title="bbox 290 243 2433 304; baseline -0.016 -8"><span class='ocrx_word' id='word_1_70' title='bbox 290 270 323 297; x_wconf 80' lang='grc' dir='ltr'>1η</span> <span class='ocrx_word' id='word_1_71' title='bbox 332 270 427 304; x_wconf 73' lang='lat' dir='ltr'>primis</span> <span class='ocrx_word' id='word_1_72' title='bbox 440 274 520 293; x_wconf 78' lang='lat' dir='ltr'>tamen</span> <span class='ocrx_word' id='word_1_73' title='bbox 533 264 567 291; x_wconf 84' lang='lat' dir='ltr'>ad</span> <span class='ocrx_word' id='word_1_74' title='bbox 579 260 766 298; x_wconf 71' lang='lat' dir='ltr'>magnificarum</span> <span class='ocrx_word' id='word_1_75' title='bbox 779 258 875 284; x_wconf 75' lang='lat' dir='ltr'>aedmm</span> <span class='ocrx_word' id='word_1_76' title='bbox 893 265 916 284; x_wconf 77' lang='lat' dir='ltr'>et</span> <span class='ocrx_word' id='word_1_77' title='bbox 929 259 1064 295; x_wconf 76' lang='lat' dir='ltr'>Regiarum</span> <span class='ocrx_word' id='word_1_78' title='bbox 1078 255 1173 291; x_wconf 66' lang='lat' dir='ltr'>inclusit</span> <span class='ocrx_word' id='word_1_79' title='bbox 1180 252 1335 291; x_wconf 75' lang='lat' dir='ltr'>subdiualta‚</span> <span class='ocrx_word' id='word_1_80' title='bbox 1387 259 1423 287; x_wconf 85' lang='lat'>7,</span> <span class='ocrx_word' id='word_1_81' title='bbox 1440 261 1474 285; x_wconf 82' lang='lat'>9,</span> <span class='ocrx_word' id='word_1_82' title='bbox 1492 261 1520 285; x_wconf 78' lang='lat'>4.</span> <span class='ocrx_word' id='word_1_83' title='bbox 2375 259 2380 263; x_wconf 89' lang='lat'>.</span> <span class='ocrx_word' id='word_1_84' title='bbox 2411 243 2433 260; x_wconf 68' lang='lat' dir='ltr'>v:</span> 
     </span>
     <span class='ocr_line' id='line_1_40' title="bbox 288 277 2432 341; baseline -0.015 -11"><span class='ocrx_word' id='word_1_85' title='bbox 288 307 350 341; x_wconf 79' lang='lat' dir='ltr'>quin</span> <span class='ocrx_word' id='word_1_86' title='bbox 363 303 418 339; x_wconf 79' lang='lat' dir='ltr'>ipsa</span> <span class='ocrx_word' id='word_1_87' title='bbox 433 304 547 330; x_wconf 78' lang='lat' dir='ltr'>Palatia,</span> <span class='ocrx_word' id='word_1_88' title='bbox 567 305 690 331; x_wconf 59' lang='lat' dir='ltr'>forumque</span> <span class='ocrx_word' id='word_1_89' title='bbox 704 295 798 321; x_wconf 83' lang='lat' dir='ltr'>incolas</span> <span class='ocrx_word' id='word_1_90' title='bbox 812 293 933 330; x_wconf 74' lang='lat' dir='ltr'>refertur.</span> <span class='ocrx_word' id='word_1_91' title='bbox 988 294 1043 320; x_wconf 86' lang='lat' dir='ltr'>Cic.</span> <span class='ocrx_word' id='word_1_92' title='bbox 1052 294 1125 319; x_wconf 84' lang='lat' dir='ltr'>Fam.</span> <span class='ocrx_word' id='word_1_93' title='bbox 1134 299 1167 324; x_wconf 71' lang='grc' dir='ltr'>ις,</span> <span class='ocrx_word' id='word_1_94' title='bbox 1181 301 1199 324; x_wconf 91' lang='lat'>4</span> <span class='ocrx_word' id='word_1_95' title='bbox 1221 288 1333 328; x_wconf 70' lang='lat' dir='ltr'>Perfeci,</span> <span class='ocrx_word' id='word_1_96' title='bbox 1426 295 1447 314; x_wconf 82' lang='grc' dir='ltr'>Α</span> <span class='ocrx_word' id='word_1_97' title='bbox 1457 295 1478 314; x_wconf 87' lang='lat' dir='ltr'>V</span> <span class='ocrx_word' id='word_1_98' title='bbox 1489 295 1504 314; x_wconf 88' lang='lat' dir='ltr'>L</span> <span class='ocrx_word' id='word_1_99' title='bbox 1514 293 1561 314; x_wconf 81' lang='lat' dir='ltr'>ET</span> <span class='ocrx_word' id='word_1_100' title='bbox 1570 286 1584 314; x_wconf 80' lang='lat' dir='ltr'><strong>f</strong></span> <span class='ocrx_word' id='word_1_101' title='bbox 1593 295 1610 315; x_wconf 90' lang='lat' dir='ltr'>C</span> <span class='ocrx_word' id='word_1_102' title='bbox 1619 295 1641 314; x_wconf 90' lang='lat' dir='ltr'>V</span> <span class='ocrx_word' id='word_1_103' title='bbox 1650 295 1672 315; x_wconf 86' lang='lat' dir='ltr'>S.</span> <span class='ocrx_word' id='word_1_104' title='bbox 1710 287 1770 314; x_wconf 86' lang='lat' dir='ltr'>Adi.</span> <span class='ocrx_word' id='word_1_105' title='bbox 1805 284 1974 321; x_wconf 76' lang='grc' dir='ltr'><strong>[οἷυλητικός]</strong></span> <span class='ocrx_word' id='word_1_106' title='bbox 2013 285 2099 312; x_wconf 80' lang='lat' dir='ltr'>Tibiis</span> <span class='ocrx_word' id='word_1_107' title='bbox 2117 286 2228 322; x_wconf 75' lang='grc' dir='ltr'><strong><em>(οἷυλοῖς)</em></strong></span> <span class='ocrx_word' id='word_1_108' title='bbox 2247 295 2328 323; x_wconf 55' lang='lat' dir='ltr'>aptus,</span> <span class='ocrx_word' id='word_1_109' title='bbox 2359 277 2432 322; x_wconf 46' lang='lat' dir='ltr'>pum}</span> 
     </span>
     <span class='ocr_line' id='line_1_41' title="bbox 291 321 2428 374; baseline -0.008 -8"><span class='ocrx_word' id='word_1_110' title='bbox 291 345 321 367; x_wconf 81' lang='lat' dir='ltr'>vt</span> <span class='ocrx_word' id='word_1_111' title='bbox 336 349 350 366; x_wconf 86' lang='lat' dir='ltr'>c</span> <span class='ocrx_word' id='word_1_112' title='bbox 364 347 447 374; x_wconf 84' lang='lat' dir='ltr'>regno</span> <span class='ocrx_word' id='word_1_113' title='bbox 461 338 506 363; x_wconf 82' lang='lat' dir='ltr'>ille</span> <span class='ocrx_word' id='word_1_114' title='bbox 519 332 679 363; x_wconf 81' lang='lat' dir='ltr'>discederet,</span> <span class='ocrx_word' id='word_1_115' title='bbox 699 339 798 365; x_wconf 82' lang='lat' dir='ltr'>rexque</span> <span class='ocrx_word' id='word_1_116' title='bbox 811 330 864 356; x_wconf 81' lang='lat' dir='ltr'>sine</span> <span class='ocrx_word' id='word_1_117' title='bbox 884 330 1001 357; x_wconf 78' lang='lat' dir='ltr'>tumultu</span> <span class='ocrx_word' id='word_1_118' title='bbox 1023 338 1052 355; x_wconf 79' lang='lat' dir='ltr'>ac</span> <span class='ocrx_word' id='word_1_119' title='bbox 1071 328 1122 355; x_wconf 83' lang='lat' dir='ltr'>fine</span> <span class='ocrx_word' id='word_1_120' title='bbox 1141 326 1237 358; x_wconf 81' lang='lat' dir='ltr'>armis,</span> <span class='ocrx_word' id='word_1_121' title='bbox 1257 332 1333 351; x_wconf 82' lang='lat' dir='ltr'>omnl</span> <span class='ocrx_word' id='word_1_122' title='bbox 1390 326 1428 356; x_wconf 81' lang='lat'>16,</span> <span class='ocrx_word' id='word_1_123' title='bbox 1442 325 1472 355; x_wconf 77' lang='lat'>36</span> <span class='ocrx_word' id='word_1_124' title='bbox 1494 322 1689 350; x_wconf 83' lang='lat' dir='ltr'>Orchomenius</span> <span class='ocrx_word' id='word_1_125' title='bbox 1704 324 1741 350; x_wconf 82' lang='lat' dir='ltr'>est</span> <span class='ocrx_word' id='word_1_126' title='bbox 1760 323 1888 350; x_wconf 89' lang='lat' dir='ltr'>continuo</span> <span class='ocrx_word' id='word_1_127' title='bbox 1902 321 2035 348; x_wconf 89' lang='lat' dir='ltr'>foramine</span> <span class='ocrx_word' id='word_1_128' title='bbox 2053 323 2178 357; x_wconf 82' lang='lat' dir='ltr'>peruius,</span> <span class='ocrx_word' id='word_1_129' title='bbox 2199 332 2277 358; x_wconf 87' lang='lat' dir='ltr'>quem</span> <span class='ocrx_word' id='word_1_130' title='bbox 2291 324 2428 357; x_wconf 58' lang='lat' dir='ltr'>Auletieoffl</span> 
     </span>
     <span class='ocr_line' id='line_1_42' title="bbox 288 348 2474 403; baseline -0.012 0"><span class='ocrx_word' id='word_1_131' title='bbox 288 376 447 403; x_wconf 52' lang='lat' dir='ltr'>auctoritate</span> <span class='ocrx_word' id='word_1_132' title='bbox 460 373 533 399; x_wconf 85' lang='lat' dir='ltr'>aulae</span> <span class='ocrx_word' id='word_1_133' title='bbox 545 368 725 400; x_wconf 84' lang='lat' dir='ltr'>communita,</span> <span class='ocrx_word' id='word_1_134' title='bbox 745 375 857 401; x_wconf 84' lang='lat' dir='ltr'>regnum</span> <span class='ocrx_word' id='word_1_135' title='bbox 869 375 930 393; x_wconf 90' lang='lat' dir='ltr'>cum</span> <span class='ocrx_word' id='word_1_136' title='bbox 943 365 1071 401; x_wconf 79' lang='lat' dir='ltr'>dignitate</span> <span class='ocrx_word' id='word_1_137' title='bbox 1087 364 1228 391; x_wconf 87' lang='lat' dir='ltr'>obtineret.</span> <span class='ocrx_word' id='word_1_138' title='bbox 1271 362 1333 388; x_wconf 90' lang='lat' dir='ltr'>Pro-</span> <span class='ocrx_word' id='word_1_139' title='bbox 1349 366 1363 393; x_wconf 79' lang='grc'><em>5</em></span> <span class='ocrx_word' id='word_1_140' title='bbox 1388 364 1491 387; x_wconf 80' lang='lat' dir='ltr'>vocant.</span> <span class='ocrx_word' id='word_1_141' title='bbox 1530 359 1582 385; x_wconf 85' lang='lat' dir='ltr'>Hic</span> <span class='ocrx_word' id='word_1_142' title='bbox 1601 358 1675 385; x_wconf 85' lang='lat' dir='ltr'>tibiis</span> <span class='ocrx_word' id='word_1_143' title='bbox 1689 360 1800 392; x_wconf 87' lang='lat' dir='ltr'>vtilior‚</span> <span class='ocrx_word' id='word_1_144' title='bbox 1818 357 1910 386; x_wconf 85' lang='lat' dir='ltr'>fistulis</span> <span class='ocrx_word' id='word_1_145' title='bbox 1927 357 1982 384; x_wconf 89' lang='lat' dir='ltr'>ille.</span> <span class='ocrx_word' id='word_1_146' title='bbox 2379 372 2394 382; x_wconf 70' lang='grc'>.,</span> <span class='ocrx_word' id='word_1_147' title='bbox 2430 350 2431 353; x_wconf 69' lang='grc'>’</span> <span class='ocrx_word' id='word_1_148' title='bbox 2467 348 2474 357; x_wconf 71' lang='grc'>““</span> 
     </span>
     <span class='ocr_line' id='line_1_43' title="bbox 287 392 2412 448; baseline -0.008 -13"><span class='ocrx_word' id='word_1_149' title='bbox 287 418 354 448; x_wconf 76' lang='lat' dir='ltr'>pert,</span> <span class='ocrx_word' id='word_1_150' title='bbox 370 421 396 444; x_wconf 85' lang='lat'>4,</span> <span class='ocrx_word' id='word_1_151' title='bbox 410 420 437 442; x_wconf 80' lang='lat'>4,</span> <span class='ocrx_word' id='word_1_152' title='bbox 450 416 476 441; x_wconf 72' lang='grc'>53</span> <span class='ocrx_word' id='word_1_153' title='bbox 497 406 634 432; x_wconf 85' lang='lat' dir='ltr'>Pariamne</span> <span class='ocrx_word' id='word_1_154' title='bbox 648 411 709 436; x_wconf 88' lang='lat' dir='ltr'>tua,</span> <span class='ocrx_word' id='word_1_155' title='bbox 726 403 831 437; x_wconf 83' lang='lat' dir='ltr'>regina,</span> <span class='ocrx_word' id='word_1_156' title='bbox 845 402 892 429; x_wconf 88' lang='lat' dir='ltr'>sub</span> <span class='ocrx_word' id='word_1_157' title='bbox 905 402 973 429; x_wconf 89' lang='lat' dir='ltr'>aula.</span> <span class='ocrx_word' id='word_1_158' title='bbox 1029 401 1090 427; x_wconf 83' lang='lat' dir='ltr'>Alta</span> <span class='ocrx_word' id='word_1_159' title='bbox 1101 398 1262 426; x_wconf 71' lang='lat' dir='ltr'>Sen.0&amp;au.</span> <span class='ocrx_word' id='word_1_160' title='bbox 1277 404 1334 429; x_wconf 82' lang='lat'>219.</span> <span class='ocrx_word' id='word_1_161' title='bbox 1424 403 1445 422; x_wconf 80' lang='lat' dir='ltr'>A</span> <span class='ocrx_word' id='word_1_162' title='bbox 1455 402 1502 421; x_wconf 82' lang='lat' dir='ltr'>VL</span> <span class='ocrx_word' id='word_1_163' title='bbox 1513 402 1519 420; x_wconf 93' lang='grc' dir='ltr'>ι</span> <span class='ocrx_word' id='word_1_164' title='bbox 1530 401 1596 421; x_wconf 88' lang='lat' dir='ltr'>cvs</span> <span class='ocrx_word' id='word_1_165' title='bbox 1606 415 1615 426; x_wconf 91' lang='lat'>,</span> <span class='ocrx_word' id='word_1_166' title='bbox 1641 403 1671 426; x_wconf 90' lang='lat' dir='ltr'>a,</span> <span class='ocrx_word' id='word_1_167' title='bbox 1697 404 1751 421; x_wconf 90' lang='lat' dir='ltr'>um.</span> <span class='ocrx_word' id='word_1_168' title='bbox 1791 395 1832 422; x_wconf 88' lang='lat' dir='ltr'>Ab</span> <span class='ocrx_word' id='word_1_169' title='bbox 1850 393 1941 427; x_wconf 76' lang='grc' dir='ltr'>οῖυλός,</span> <span class='ocrx_word' id='word_1_170' title='bbox 1960 392 2023 420; x_wconf 80' lang='lat' dir='ltr'>idem</span> <span class='ocrx_word' id='word_1_171' title='bbox 2041 392 2107 429; x_wconf 84' lang='lat' dir='ltr'>quod</span> <span class='ocrx_word' id='word_1_172' title='bbox 2124 393 2259 421; x_wconf 78' lang='lat' dir='ltr'>auleticus.</span> <span class='ocrx_word' id='word_1_173' title='bbox 2293 393 2412 426; x_wconf 63' lang='lat' dir='ltr'>Ischiss„</span> 
     </span>
     <span class='ocr_line' id='line_1_44' title="bbox 287 419 2434 476; baseline -0.011 -1"><span class='ocrx_word' id='word_1_174' title='bbox 287 447 371 476; x_wconf 83' lang='lat' dir='ltr'>Intida</span> <span class='ocrx_word' id='word_1_175' title='bbox 383 445 457 475; x_wconf 84' lang='lat' dir='ltr'>aula,</span> <span class='ocrx_word' id='word_1_176' title='bbox 476 445 494 468; x_wconf 89' lang='lat' dir='ltr'>i.</span> <span class='ocrx_word' id='word_1_177' title='bbox 509 444 536 467; x_wconf 86' lang='lat' dir='ltr'>in</span> <span class='ocrx_word' id='word_1_178' title='bbox 549 450 596 476; x_wconf 83' lang='lat' dir='ltr'>qua</span> <span class='ocrx_word' id='word_1_179' title='bbox 604 439 671 476; x_wconf 78' lang='lat' dir='ltr'>fides</span> <span class='ocrx_word' id='word_1_180' title='bbox 688 449 735 466; x_wconf 85' lang='lat' dir='ltr'>non</span> <span class='ocrx_word' id='word_1_181' title='bbox 754 438 913 476; x_wconf 66' lang='lat' dir='ltr'>obstruatur,</span> <span class='ocrx_word' id='word_1_182' title='bbox 934 441 1002 464; x_wconf 85' lang='lat' dir='ltr'>cuiue</span> <span class='ocrx_word' id='word_1_183' title='bbox 1018 446 1066 463; x_wconf 87' lang='lat' dir='ltr'>non</span> <span class='ocrx_word' id='word_1_184' title='bbox 1085 434 1118 469; x_wconf 57' lang='lat' dir='ltr'>qs?</span> <span class='ocrx_word' id='word_1_185' title='bbox 1126 433 1256 471; x_wconf 76' lang='lat' dir='ltr'>fidendum</span> <span class='ocrx_word' id='word_1_186' title='bbox 1276 432 1335 458; x_wconf 84' lang='lat' dir='ltr'>Val.</span> <span class='ocrx_word' id='word_1_187' title='bbox 1390 431 1448 467; x_wconf 89' lang='lat' dir='ltr'>quis</span> <span class='ocrx_word' id='word_1_188' title='bbox 1462 431 1559 456; x_wconf 87' lang='lat' dir='ltr'>nesciat</span> <span class='ocrx_word' id='word_1_189' title='bbox 1572 430 1670 464; x_wconf 81' lang='lat' dir='ltr'>expelli</span> <span class='ocrx_word' id='word_1_190' title='bbox 1682 431 1766 457; x_wconf 88' lang='lat' dir='ltr'>aulica</span> <span class='ocrx_word' id='word_1_191' title='bbox 1780 431 1908 457; x_wconf 88' lang='lat' dir='ltr'>suauitate</span> <span class='ocrx_word' id='word_1_192' title='bbox 1921 430 2001 456; x_wconf 88' lang='lat' dir='ltr'>Mart.</span> <span class='ocrx_word' id='word_1_193' title='bbox 2018 429 2116 463; x_wconf 87' lang='lat' dir='ltr'>Capell.</span> <span class='ocrx_word' id='word_1_194' title='bbox 2129 438 2146 462; x_wconf 90' lang='lat'><em>9</em></span> <span class='ocrx_word' id='word_1_195' title='bbox 2169 438 2193 464; x_wconf 91' lang='lat' dir='ltr'>p.</span> <span class='ocrx_word' id='word_1_196' title='bbox 2207 438 2259 464; x_wconf 78' lang='lat'>314.</span> <span class='ocrx_word' id='word_1_197' title='bbox 2412 419 2434 441; x_wconf 58' lang='lat'>⁸&gt;</span> 
     </span>
     <span class='ocr_line' id='line_1_45' title="bbox 289 465 2474 517; baseline -0.01 -9"><span class='ocrx_word' id='word_1_198' title='bbox 289 486 387 517; x_wconf 81' lang='lat' dir='ltr'>Argon.</span> <span class='ocrx_word' id='word_1_199' title='bbox 397 490 423 515; x_wconf 86' lang='lat'>7,</span> <span class='ocrx_word' id='word_1_200' title='bbox 438 486 489 505; x_wconf 84' lang='lat'>102.</span> <span class='ocrx_word' id='word_1_201' title='bbox 544 477 642 503; x_wconf 87' lang='lat' dir='ltr'>Lucan.</span> <span class='ocrx_word' id='word_1_202' title='bbox 657 481 679 508; x_wconf 88' lang='lat'>8,</span> <span class='ocrx_word' id='word_1_203' title='bbox 693 484 750 509; x_wconf 86' lang='lat'>494</span> <span class='ocrx_word' id='word_1_204' title='bbox 784 490 829 495; x_wconf 94' lang='lat'>—</span> <span class='ocrx_word' id='word_1_205' title='bbox 865 481 939 501; x_wconf 84' lang='lat' dir='ltr'>exeat</span> <span class='ocrx_word' id='word_1_206' title='bbox 951 473 1011 500; x_wconf 90' lang='lat' dir='ltr'>aula</span> <span class='ocrx_word' id='word_1_207' title='bbox 1047 472 1102 505; x_wconf 75' lang='lat' dir='ltr'>Qu</span> <span class='ocrx_word' id='word_1_208' title='bbox 1116 471 1189 497; x_wconf 88' lang='lat' dir='ltr'>volet</span> <span class='ocrx_word' id='word_1_209' title='bbox 1203 469 1251 494; x_wconf 83' lang='lat' dir='ltr'>esse</span> <span class='ocrx_word' id='word_1_210' title='bbox 1264 468 1331 503; x_wconf 88' lang='lat' dir='ltr'>pius.</span> <span class='ocrx_word' id='word_1_211' title='bbox 1426 474 1504 493; x_wconf 79' lang='lat' dir='ltr'>Avi.</span> <span class='ocrx_word' id='word_1_212' title='bbox 1514 474 1523 492; x_wconf 85' lang='lat'>1</span> <span class='ocrx_word' id='word_1_213' title='bbox 1533 473 1554 492; x_wconf 73' lang='grc' dir='ltr'>Α</span> <span class='ocrx_word' id='word_1_214' title='bbox 1579 465 1711 498; x_wconf 84' lang='lat' dir='ltr'>succidia,</span> <span class='ocrx_word' id='word_1_215' title='bbox 1731 473 1849 502; x_wconf 81' lang='lat' dir='ltr'>corrupta</span> <span class='ocrx_word' id='word_1_216' title='bbox 1866 475 1915 493; x_wconf 85' lang='lat' dir='ltr'>vox</span> <span class='ocrx_word' id='word_1_217' title='bbox 1936 472 1976 502; x_wconf 79' lang='lat' dir='ltr'>ap.</span> <span class='ocrx_word' id='word_1_218' title='bbox 1991 466 2068 492; x_wconf 83' lang='lat' dir='ltr'>Varr.</span> <span class='ocrx_word' id='word_1_219' title='bbox 2083 465 2114 492; x_wconf 83' lang='lat' dir='ltr'>R.</span> <span class='ocrx_word' id='word_1_220' title='bbox 2127 466 2158 492; x_wconf 86' lang='lat' dir='ltr'>R.</span> <span class='ocrx_word' id='word_1_221' title='bbox 2174 473 2206 498; x_wconf 91' lang='lat'>2,</span> <span class='ocrx_word' id='word_1_222' title='bbox 2224 475 2259 499; x_wconf 90' lang='lat'>4,</span> <span class='ocrx_word' id='word_1_223' title='bbox 2275 472 2306 497; x_wconf 88' lang='grc' dir='ltr'>ιι,</span> <span class='ocrx_word' id='word_1_224' title='bbox 2323 465 2365 492; x_wconf 81' lang='lat' dir='ltr'>vbi</span> <span class='ocrx_word' id='word_1_225' title='bbox 2374 467 2433 496; x_wconf 33' lang='grc' dir='ltr'>εἷα,</span> <span class='ocrx_word' id='word_1_226' title='bbox 2452 470 2458 482; x_wconf 73' lang='lat'><em>³</em></span> <span class='ocrx_word' id='word_1_227' title='bbox 2471 480 2474 486; x_wconf 50' lang='grc' dir='ltr'>ι</span> 
     </span>
     <span class='ocr_line' id='line_1_46' title="bbox 288 489 2471 547; baseline -0.012 -4"><span class='ocrx_word' id='word_1_228' title='bbox 288 520 380 545; x_wconf 82' lang='lat' dir='ltr'>Virtus</span> <span class='ocrx_word' id='word_1_229' title='bbox 398 522 423 541; x_wconf 92' lang='lat' dir='ltr'>et</span> <span class='ocrx_word' id='word_1_230' title='bbox 442 515 542 540; x_wconf 83' lang='lat' dir='ltr'>summa</span> <span class='ocrx_word' id='word_1_231' title='bbox 563 512 673 547; x_wconf 80' lang='lat' dir='ltr'>potestas</span> <span class='ocrx_word' id='word_1_232' title='bbox 715 512 780 538; x_wconf 88' lang='lat' dir='ltr'>Non</span> <span class='ocrx_word' id='word_1_233' title='bbox 798 513 902 537; x_wconf 61' lang='lat' dir='ltr'>cocunt.</span> <span class='ocrx_word' id='word_1_234' title='bbox 981 507 1194 542; x_wconf 78' lang='lat' dir='ltr'>Haudquaquam</span> <span class='ocrx_word' id='word_1_235' title='bbox 1215 504 1290 531; x_wconf 85' lang='lat' dir='ltr'>aulae</span> <span class='ocrx_word' id='word_1_236' title='bbox 1308 509 1334 530; x_wconf 85' lang='lat' dir='ltr'>et</span> <span class='ocrx_word' id='word_1_237' title='bbox 1391 505 1553 538; x_wconf 70' lang='lat' dir='ltr'>Inter-preter.</span> <span class='ocrx_word' id='word_1_238' title='bbox 2383 514 2385 518; x_wconf 22' lang='grc' dir='ltr'><em>Α</em></span> <span class='ocrx_word' id='word_1_239' title='bbox 2415 489 2421 496; x_wconf 84' lang='grc'><em>“</em></span> <span class='ocrx_word' id='word_1_240' title='bbox 2449 489 2471 528; x_wconf 33' lang='grc' dir='ltr'>’ζ</span> 
     </span>
     <span class='ocr_line' id='line_1_47' title="bbox 287 531 2474 582; baseline -0.008 -2"><span class='ocrx_word' id='word_1_241' title='bbox 287 551 469 581; x_wconf 65' lang='lat' dir='ltr'>assentantium</span> <span class='ocrx_word' id='word_1_242' title='bbox 489 548 701 576; x_wconf 79' lang='lat' dir='ltr'>accommodatus</span> <span class='ocrx_word' id='word_1_243' title='bbox 722 548 831 582; x_wconf 79' lang='lat' dir='ltr'>ingenio</span> <span class='ocrx_word' id='word_1_244' title='bbox 853 548 928 573; x_wconf 84' lang='lat' dir='ltr'>Curt.</span> <span class='ocrx_word' id='word_1_245' title='bbox 942 550 973 577; x_wconf 76' lang='lat'>8,</span> <span class='ocrx_word' id='word_1_246' title='bbox 986 550 1015 576; x_wconf 79' lang='lat'>8,</span> <span class='ocrx_word' id='word_1_247' title='bbox 1028 552 1066 570; x_wconf 87' lang='lat'>21.</span> <span class='ocrx_word' id='word_1_248' title='bbox 1139 543 1242 569; x_wconf 81' lang='lat' dir='ltr'>Furuac</span> <span class='ocrx_word' id='word_1_249' title='bbox 1261 540 1335 566; x_wconf 85' lang='lat' dir='ltr'>aulae</span> <span class='ocrx_word' id='word_1_250' title='bbox 1346 548 1375 566; x_wconf 90' lang='lat'>10</span> <span class='ocrx_word' id='word_1_251' title='bbox 1427 545 1477 565; x_wconf 75' lang='lat' dir='ltr'>Av</span> <span class='ocrx_word' id='word_1_252' title='bbox 1490 543 1650 569; x_wconf 76' lang='lat' dir='ltr'>1.1&#39;r1cA‚</span> <span class='ocrx_word' id='word_1_253' title='bbox 1675 535 1765 572; x_wconf 81' lang='lat' dir='ltr'>(forte</span> <span class='ocrx_word' id='word_1_254' title='bbox 1785 538 1871 564; x_wconf 74' lang='lat' dir='ltr'>meliur</span> <span class='ocrx_word' id='word_1_255' title='bbox 1887 543 1967 565; x_wconf 76' lang='lat' dir='ltr'>Avs.</span> <span class='ocrx_word' id='word_1_256' title='bbox 1980 537 2127 572; x_wconf 77' lang='lat' dir='ltr'>ET1CA)</span> <span class='ocrx_word' id='word_1_257' title='bbox 2154 545 2193 563; x_wconf 89' lang='lat' dir='ltr'>ae.</span> <span class='ocrx_word' id='word_1_258' title='bbox 2227 536 2250 562; x_wconf 83' lang='lat' dir='ltr'>f.</span> <span class='ocrx_word' id='word_1_259' title='bbox 2285 537 2367 564; x_wconf 78' lang='lat' dir='ltr'>Herba</span> <span class='ocrx_word' id='word_1_260' title='bbox 2393 531 2474 568; x_wconf 59' lang='lat'><em>01&#39;01</em></span> 
     </span>
     <span class='ocr_line' id='line_1_48' title="bbox 289 557 2474 621; baseline -0.012 -5"><span class='ocrx_word' id='word_1_261' title='bbox 289 592 369 620; x_wconf 85' lang='lat' dir='ltr'>Deus,</span> <span class='ocrx_word' id='word_1_262' title='bbox 384 589 457 614; x_wconf 82' lang='lat' dir='ltr'>Pluto</span> <span class='ocrx_word' id='word_1_263' title='bbox 471 595 516 613; x_wconf 73' lang='lat' dir='ltr'>rex</span> <span class='ocrx_word' id='word_1_264' title='bbox 529 584 668 621; x_wconf 76' lang='lat' dir='ltr'>inferorum</span> <span class='ocrx_word' id='word_1_265' title='bbox 687 584 804 618; x_wconf 89' lang='lat' dir='ltr'>Propert.</span> <span class='ocrx_word' id='word_1_266' title='bbox 819 593 847 617; x_wconf 85' lang='lat'>4,</span> <span class='ocrx_word' id='word_1_267' title='bbox 861 592 893 616; x_wconf 87' lang='lat'>11,</span> <span class='ocrx_word' id='word_1_268' title='bbox 907 591 929 615; x_wconf 85' lang='grc'>3.</span> <span class='ocrx_word' id='word_1_269' title='bbox 998 578 1138 607; x_wconf 85' lang='lat' dir='ltr'>Praediues</span> <span class='ocrx_word' id='word_1_270' title='bbox 1154 576 1291 604; x_wconf 79' lang='lat' dir='ltr'>claudian.</span> <span class='ocrx_word' id='word_1_271' title='bbox 1307 576 1336 602; x_wconf 86' lang='lat' dir='ltr'>in</span> <span class='ocrx_word' id='word_1_272' title='bbox 1389 575 1584 602; x_wconf 71' lang='lat' dir='ltr'>chamaemelmn.</span> <span class='ocrx_word' id='word_1_273' title='bbox 1618 571 1696 607; x_wconf 82' lang='lat' dir='ltr'>Apul.</span> <span class='ocrx_word' id='word_1_274' title='bbox 1710 571 1741 598; x_wconf 89' lang='lat' dir='ltr'>de</span> <span class='ocrx_word' id='word_1_275' title='bbox 1755 572 1839 599; x_wconf 88' lang='lat' dir='ltr'>Herb.</span> <span class='ocrx_word' id='word_1_276' title='bbox 1858 582 1879 599; x_wconf 89' lang='lat' dir='ltr'>c.</span> <span class='ocrx_word' id='word_1_277' title='bbox 1894 582 1931 605; x_wconf 85' lang='lat'>23.</span> <span class='ocrx_word' id='word_1_278' title='bbox 2369 557 2392 592; x_wconf 81' lang='lat'>&#39;.</span> <span class='ocrx_word' id='word_1_279' title='bbox 2416 558 2454 590; x_wconf 74' lang='lat' dir='ltr'>&#39;l</span> <span class='ocrx_word' id='word_1_280' title='bbox 2471 576 2474 584; x_wconf 77' lang='grc' dir='ltr'>ι</span> 
     </span>
     <span class='ocr_line' id='line_1_49' title="bbox 290 606 2446 657; baseline -0.008 -6"><span class='ocrx_word' id='word_1_281' title='bbox 290 624 359 652; x_wconf 64' lang='lat' dir='ltr'>Ruti.</span> <span class='ocrx_word' id='word_1_282' title='bbox 367 633 393 655; x_wconf 85' lang='lat'>2,</span> <span class='ocrx_word' id='word_1_283' title='bbox 406 631 462 657; x_wconf 85' lang='lat'>142.</span> <span class='ocrx_word' id='word_1_284' title='bbox 505 621 609 655; x_wconf 79' lang='lat' dir='ltr'>Regalis</span> <span class='ocrx_word' id='word_1_285' title='bbox 623 619 795 646; x_wconf 73' lang='lat' dir='ltr'>Sen.&#39;1&#39;road.</span> <span class='ocrx_word' id='word_1_286' title='bbox 804 627 861 653; x_wconf 85' lang='lat'>772·</span> <span class='ocrx_word' id='word_1_287' title='bbox 919 617 1016 651; x_wconf 79' lang='lat' dir='ltr'>Regiae</span> <span class='ocrx_word' id='word_1_288' title='bbox 1030 615 1105 641; x_wconf 80' lang='lat' dir='ltr'>aulae</span> <span class='ocrx_word' id='word_1_289' title='bbox 1119 620 1227 640; x_wconf 85' lang='lat' dir='ltr'>ornatus</span> <span class='ocrx_word' id='word_1_290' title='bbox 1240 612 1337 638; x_wconf 86' lang='lat' dir='ltr'>habere</span> <span class='ocrx_word' id='word_1_291' title='bbox 1429 618 1450 637; x_wconf 88' lang='lat' dir='ltr'>A</span> <span class='ocrx_word' id='word_1_292' title='bbox 1459 617 1478 636; x_wconf 90' lang='lat' dir='ltr'>v</span> <span class='ocrx_word' id='word_1_293' title='bbox 1489 617 1504 636; x_wconf 89' lang='lat' dir='ltr'>L</span> <span class='ocrx_word' id='word_1_294' title='bbox 1515 617 1523 635; x_wconf 93' lang='lat'>1</span> <span class='ocrx_word' id='word_1_295' title='bbox 1534 617 1551 636; x_wconf 82' lang='lat' dir='ltr'>x</span> <span class='ocrx_word' id='word_1_296' title='bbox 1562 628 1570 641; x_wconf 92' lang='lat'>,</span> <span class='ocrx_word' id='word_1_297' title='bbox 1594 608 1651 634; x_wconf 84' lang='lat' dir='ltr'>icis.</span> <span class='ocrx_word' id='word_1_298' title='bbox 1686 608 1765 644; x_wconf 73' lang='lat' dir='ltr'>Apud</span> <span class='ocrx_word' id='word_1_299' title='bbox 1776 609 1867 643; x_wconf 78' lang='lat' dir='ltr'>Veget.</span> <span class='ocrx_word' id='word_1_300' title='bbox 1888 608 1921 636; x_wconf 92' lang='lat' dir='ltr'>de</span> <span class='ocrx_word' id='word_1_301' title='bbox 1934 609 1972 636; x_wconf 84' lang='lat' dir='ltr'>Re</span> <span class='ocrx_word' id='word_1_302' title='bbox 1984 609 2043 635; x_wconf 86' lang='lat' dir='ltr'>Vet.</span> <span class='ocrx_word' id='word_1_303' title='bbox 2065 617 2074 635; x_wconf 91' lang='grc' dir='ltr'>ι</span> <span class='ocrx_word' id='word_1_304' title='bbox 2083 628 2092 641; x_wconf 92' lang='grc'>,</span> <span class='ocrx_word' id='word_1_305' title='bbox 2111 615 2153 643; x_wconf 79' lang='grc'>57,</span> <span class='ocrx_word' id='word_1_306' title='bbox 2173 606 2236 633; x_wconf 80' lang='lat' dir='ltr'>idem</span> <span class='ocrx_word' id='word_1_307' title='bbox 2255 607 2354 635; x_wconf 74' lang='lat' dir='ltr'>videtur</span> <span class='ocrx_word' id='word_1_308' title='bbox 2373 607 2423 644; x_wconf 72' lang='lat' dir='ltr'>effe,</span> <span class='ocrx_word' id='word_1_309' title='bbox 2440 615 2446 622; x_wconf 82' lang='grc'><em>“</em></span> 
     </span>
     <span class='ocr_line' id='line_1_50' title="bbox 288 630 2469 688; baseline -0.012 -1"><span class='ocrx_word' id='word_1_310' title='bbox 288 660 385 688; x_wconf 90' lang='lat' dir='ltr'>debent</span> <span class='ocrx_word' id='word_1_311' title='bbox 398 658 501 686; x_wconf 86' lang='lat' dir='ltr'>mediae</span> <span class='ocrx_word' id='word_1_312' title='bbox 514 658 606 684; x_wconf 87' lang='lat' dir='ltr'>valuae</span> <span class='ocrx_word' id='word_1_313' title='bbox 620 657 649 683; x_wconf 89' lang='lat' dir='ltr'>in</span> <span class='ocrx_word' id='word_1_314' title='bbox 662 657 734 682; x_wconf 74' lang='lat' dir='ltr'>scena</span> <span class='ocrx_word' id='word_1_315' title='bbox 748 656 856 682; x_wconf 89' lang='lat' dir='ltr'>Vitruu.</span> <span class='ocrx_word' id='word_1_316' title='bbox 874 663 895 686; x_wconf 73' lang='grc' dir='ltr'>ς,</span> <span class='ocrx_word' id='word_1_317' title='bbox 911 661 936 687; x_wconf 77' lang='lat'>7.</span> <span class='ocrx_word' id='word_1_318' title='bbox 1008 650 1134 678; x_wconf 87' lang='lat' dir='ltr'>Sublimis</span> <span class='ocrx_word' id='word_1_319' title='bbox 1153 650 1210 676; x_wconf 87' lang='lat' dir='ltr'>Sen.</span> <span class='ocrx_word' id='word_1_320' title='bbox 1226 647 1337 682; x_wconf 85' lang='lat' dir='ltr'>Hippol.</span> <span class='ocrx_word' id='word_1_321' title='bbox 1392 645 1458 683; x_wconf 82' lang='lat' dir='ltr'>quod</span> <span class='ocrx_word' id='word_1_322' title='bbox 1475 647 1566 677; x_wconf 61' lang='lat' dir='ltr'>aulae,</span> <span class='ocrx_word' id='word_1_323' title='bbox 1579 644 1675 680; x_wconf 77' lang='lat' dir='ltr'>sulcus.</span> <span class='ocrx_word' id='word_1_324' title='bbox 2451 630 2469 664; x_wconf 64' lang='grc' dir='ltr'>’ξ</span> 
     </span>
     <span class='ocr_line' id='line_1_51' title="bbox 288 669 2468 731; baseline -0.009 -8"><span class='ocrx_word' id='word_1_325' title='bbox 288 702 343 731; x_wconf 85' lang='lat'>981.</span> <span class='ocrx_word' id='word_1_326' title='bbox 415 693 579 721; x_wconf 73' lang='lat' dir='ltr'>Sanfflorem</span> <span class='ocrx_word' id='word_1_327' title='bbox 599 699 675 719; x_wconf 90' lang='lat' dir='ltr'>vocat</span> <span class='ocrx_word' id='word_1_328' title='bbox 695 691 812 718; x_wconf 82' lang='lat' dir='ltr'>Martial.</span> <span class='ocrx_word' id='word_1_329' title='bbox 835 699 861 723; x_wconf 78' lang='grc' dir='ltr'>ς,</span> <span class='ocrx_word' id='word_1_330' title='bbox 883 692 899 715; x_wconf 89' lang='lat'><strong>6</strong></span> <span class='ocrx_word' id='word_1_331' title='bbox 926 688 1021 715; x_wconf 85' lang='lat' dir='ltr'>Aulam</span> <span class='ocrx_word' id='word_1_332' title='bbox 1038 689 1194 716; x_wconf 76' lang='lat' dir='ltr'>Domitiani,</span> <span class='ocrx_word' id='word_1_333' title='bbox 1219 688 1247 710; x_wconf 81' lang='lat' dir='ltr'>in</span> <span class='ocrx_word' id='word_1_334' title='bbox 1267 692 1339 719; x_wconf 82' lang='lat' dir='ltr'>quam</span> <span class='ocrx_word' id='word_1_335' title='bbox 1429 686 1658 712; x_wconf 78' lang='lat' dir='ltr'>AVLOEDVS,</span> <span class='ocrx_word' id='word_1_336' title='bbox 1679 680 1698 706; x_wconf 93' lang='lat' dir='ltr'>i.</span> <span class='ocrx_word' id='word_1_337' title='bbox 1725 688 1762 706; x_wconf 90' lang='lat' dir='ltr'>m.</span> <span class='ocrx_word' id='word_1_338' title='bbox 1799 677 1945 714; x_wconf 71' lang='grc' dir='ltr'>[αὖλῳὸδς]</span> <span class='ocrx_word' id='word_1_339' title='bbox 1980 680 2032 715; x_wconf 65' lang='lat' dir='ltr'>Qai</span> <span class='ocrx_word' id='word_1_340' title='bbox 2044 679 2121 705; x_wconf 82' lang='lat' dir='ltr'>tibias</span> <span class='ocrx_word' id='word_1_341' title='bbox 2135 678 2240 715; x_wconf 82' lang='lat' dir='ltr'>inflanti</span> <span class='ocrx_word' id='word_1_342' title='bbox 2253 687 2334 704; x_wconf 85' lang='lat' dir='ltr'>vocem</span> <span class='ocrx_word' id='word_1_343' title='bbox 2347 674 2423 716; x_wconf 54' lang='grc' dir='ltr'><strong>πικρὴ,</strong></span> <span class='ocrx_word' id='word_1_344' title='bbox 2457 669 2468 692; x_wconf 55' lang='lat' dir='ltr'>l</span> 
     </span>
    </p>
   </div>
   <div class='ocr_carea' id='block_1_4' title="bbox 285 714 2424 876">
    <p class='ocr_par' dir='ltr' id='par_1_4' title="bbox 285 714 2424 876">
     <span class='ocr_line' id='line_1_52' title="bbox 285 714 2424 770; baseline -0.009 -11"><span class='ocrx_word' id='word_1_345' title='bbox 285 735 351 770; x_wconf 78' lang='lat' dir='ltr'>petit</span> <span class='ocrx_word' id='word_1_346' title='bbox 359 731 431 768; x_wconf 88' lang='lat' dir='ltr'>suam</span> <span class='ocrx_word' id='word_1_347' title='bbox 443 730 557 757; x_wconf 85' lang='lat' dir='ltr'>chartam</span> <span class='ocrx_word' id='word_1_348' title='bbox 570 729 673 755; x_wconf 75' lang='lat' dir='ltr'>admitti</span> <span class='ocrx_word' id='word_1_349' title='bbox 690 737 705 754; x_wconf 91' lang='lat' dir='ltr'>a</span> <span class='ocrx_word' id='word_1_350' title='bbox 720 727 861 754; x_wconf 72' lang='lat' dir='ltr'>Parthenio.</span> <span class='ocrx_word' id='word_1_351' title='bbox 933 724 1111 759; x_wconf 69' lang='lat' dir='ltr'>metaphorice.</span> <span class='ocrx_word' id='word_1_352' title='bbox 1150 722 1224 754; x_wconf 84' lang='lat' dir='ltr'>Virg.</span> <span class='ocrx_word' id='word_1_353' title='bbox 1240 720 1339 752; x_wconf 88' lang='lat' dir='ltr'>Georg.</span> <span class='ocrx_word' id='word_1_354' title='bbox 1351 723 1377 748; x_wconf 85' lang='lat'>15</span> <span class='ocrx_word' id='word_1_355' title='bbox 1392 717 1490 749; x_wconf 86' lang='lat' dir='ltr'>modat,</span> <span class='ocrx_word' id='word_1_356' title='bbox 1511 723 1535 743; x_wconf 79' lang='lat' dir='ltr'>rt</span> <span class='ocrx_word' id='word_1_357' title='bbox 1555 718 1663 748; x_wconf 76' lang='lat' dir='ltr'>accinit,</span> <span class='ocrx_word' id='word_1_358' title='bbox 1687 725 1741 742; x_wconf 84' lang='lat' dir='ltr'>cum</span> <span class='ocrx_word' id='word_1_359' title='bbox 1757 715 1865 742; x_wconf 87' lang='lat' dir='ltr'>Auletes</span> <span class='ocrx_word' id='word_1_360' title='bbox 1883 715 1954 752; x_wconf 68' lang='lat' dir='ltr'>inflet</span> <span class='ocrx_word' id='word_1_361' title='bbox 1967 718 2026 752; x_wconf 75' lang='lat' dir='ltr'>ipse.</span> <span class='ocrx_word' id='word_1_362' title='bbox 2068 714 2126 742; x_wconf 81' lang='lat' dir='ltr'>Vici.</span> <span class='ocrx_word' id='word_1_363' title='bbox 2142 714 2246 750; x_wconf 75' lang='lat' dir='ltr'>Pausan.</span> <span class='ocrx_word' id='word_1_364' title='bbox 2262 714 2335 740; x_wconf 81' lang='lat' dir='ltr'>Phoc.</span> <span class='ocrx_word' id='word_1_365' title='bbox 2343 721 2371 750; x_wconf 76' lang='lat' dir='ltr'>p.</span> <span class='ocrx_word' id='word_1_366' title='bbox 2379 717 2424 748; x_wconf 61' lang='lat'>32⁴2}</span> 
     </span>
     <span class='ocr_line' id='line_1_53' title="bbox 288 750 2414 804; baseline -0.01 -8"><span class='ocrx_word' id='word_1_367' title='bbox 288 779 324 804; x_wconf 87' lang='lat'>4,</span> <span class='ocrx_word' id='word_1_368' title='bbox 337 777 389 796; x_wconf 83' lang='lat'>202</span> <span class='ocrx_word' id='word_1_369' title='bbox 413 766 443 793; x_wconf 73' lang='lat' dir='ltr'>de</span> <span class='ocrx_word' id='word_1_370' title='bbox 456 766 553 801; x_wconf 73' lang='lat' dir='ltr'>apibus,</span> <span class='ocrx_word' id='word_1_371' title='bbox 589 778 635 784; x_wconf 87' lang='lat'>—-·</span> <span class='ocrx_word' id='word_1_372' title='bbox 669 764 795 798; x_wconf 85' lang='lat' dir='ltr'>aulasque</span> <span class='ocrx_word' id='word_1_373' title='bbox 811 768 836 788; x_wconf 88' lang='lat' dir='ltr'>et</span> <span class='ocrx_word' id='word_1_374' title='bbox 851 769 924 787; x_wconf 87' lang='lat' dir='ltr'>cerea</span> <span class='ocrx_word' id='word_1_375' title='bbox 939 769 1018 795; x_wconf 88' lang='lat' dir='ltr'>regna</span> <span class='ocrx_word' id='word_1_376' title='bbox 1030 758 1151 792; x_wconf 79' lang='lat' dir='ltr'>refigunt.</span> <span class='ocrx_word' id='word_1_377' title='bbox 1187 755 1255 782; x_wconf 83' lang='lat' dir='ltr'>Add.</span> <span class='ocrx_word' id='word_1_378' title='bbox 1270 754 1338 780; x_wconf 86' lang='lat' dir='ltr'>ibid.</span> <span class='ocrx_word' id='word_1_379' title='bbox 1393 753 1450 780; x_wconf 90' lang='lat' dir='ltr'>Cic.</span> <span class='ocrx_word' id='word_1_380' title='bbox 1465 761 1514 787; x_wconf 88' lang='lat' dir='ltr'>pro</span> <span class='ocrx_word' id='word_1_381' title='bbox 1528 753 1650 779; x_wconf 86' lang='lat' dir='ltr'>Muraen.</span> <span class='ocrx_word' id='word_1_382' title='bbox 1664 760 1695 784; x_wconf 86' lang='lat'>29</span> <span class='ocrx_word' id='word_1_383' title='bbox 1716 761 1738 778; x_wconf 90' lang='lat' dir='ltr'>c.</span> <span class='ocrx_word' id='word_1_384' title='bbox 1751 759 1776 783; x_wconf 80' lang='lat'>13</span> <span class='ocrx_word' id='word_1_385' title='bbox 1795 751 1832 778; x_wconf 82' lang='lat' dir='ltr'>Vt</span> <span class='ocrx_word' id='word_1_386' title='bbox 1843 751 1917 778; x_wconf 83' lang='lat' dir='ltr'>aiunt</span> <span class='ocrx_word' id='word_1_387' title='bbox 1929 751 1958 778; x_wconf 89' lang='lat' dir='ltr'>in</span> <span class='ocrx_word' id='word_1_388' title='bbox 1972 751 2079 778; x_wconf 89' lang='lat' dir='ltr'>Graecis</span> <span class='ocrx_word' id='word_1_389' title='bbox 2092 750 2241 777; x_wconf 83' lang='lat' dir='ltr'>artificibus</span> <span class='ocrx_word' id='word_1_390' title='bbox 2257 758 2302 775; x_wconf 83' lang='lat' dir='ltr'>cos</span> <span class='ocrx_word' id='word_1_391' title='bbox 2314 751 2367 777; x_wconf 86' lang='lat' dir='ltr'>aul</span> <span class='ocrx_word' id='word_1_392' title='bbox 2379 752 2414 775; x_wconf 50' lang='grc' dir='ltr'>..η’</span> 
     </span>
     <span class='ocr_line' id='line_1_54' title="bbox 292 774 2420 838; baseline -0.009 -6"><span class='ocrx_word' id='word_1_393' title='bbox 292 814 320 832; x_wconf 85' lang='lat' dir='ltr'>v.</span> <span class='ocrx_word' id='word_1_394' title='bbox 334 813 377 838; x_wconf 87' lang='lat'>90.</span> <span class='ocrx_word' id='word_1_395' title='bbox 419 802 509 834; x_wconf 81' lang='lat' dir='ltr'>Aulai,</span> <span class='ocrx_word' id='word_1_396' title='bbox 526 803 653 838; x_wconf 73' lang='lat' dir='ltr'>genitiuus</span> <span class='ocrx_word' id='word_1_397' title='bbox 665 798 732 835; x_wconf 82' lang='lat' dir='ltr'>apud</span> <span class='ocrx_word' id='word_1_398' title='bbox 739 798 856 825; x_wconf 86' lang='lat' dir='ltr'>Eundem</span> <span class='ocrx_word' id='word_1_399' title='bbox 872 798 935 823; x_wconf 88' lang='lat' dir='ltr'>Aen.</span> <span class='ocrx_word' id='word_1_400' title='bbox 944 804 1030 828; x_wconf 77' lang='lat'>3,3;4.</span> <span class='ocrx_word' id='word_1_401' title='bbox 1187 789 1207 828; x_wconf 60' lang='lat' dir='ltr'>fl</span> <span class='ocrx_word' id='word_1_402' title='bbox 1226 799 1238 823; x_wconf 84' lang='grc'>3</span> <span class='ocrx_word' id='word_1_403' title='bbox 1260 790 1341 816; x_wconf 86' lang='lat' dir='ltr'>Aulas</span> <span class='ocrx_word' id='word_1_404' title='bbox 1393 789 1460 821; x_wconf 82' lang='lat' dir='ltr'>esse,</span> <span class='ocrx_word' id='word_1_405' title='bbox 1478 789 1525 823; x_wconf 90' lang='lat' dir='ltr'>qui</span> <span class='ocrx_word' id='word_1_406' title='bbox 1543 787 1693 814; x_wconf 85' lang='lat' dir='ltr'>citharoedi</span> <span class='ocrx_word' id='word_1_407' title='bbox 1704 788 1753 815; x_wconf 82' lang='lat' dir='ltr'>esse</span> <span class='ocrx_word' id='word_1_408' title='bbox 1770 793 1825 813; x_wconf 86' lang='lat' dir='ltr'>non</span> <span class='ocrx_word' id='word_1_409' title='bbox 1838 788 1995 822; x_wconf 82' lang='lat' dir='ltr'>potuerint3</span> <span class='ocrx_word' id='word_1_410' title='bbox 2020 786 2052 813; x_wconf 84' lang='lat' dir='ltr'>sic</span> <span class='ocrx_word' id='word_1_411' title='bbox 2073 786 2217 813; x_wconf 85' lang='lat' dir='ltr'>nonnullos</span> <span class='ocrx_word' id='word_1_412' title='bbox 2236 785 2371 820; x_wconf 76' lang='lat' dir='ltr'>videmus,</span> <span class='ocrx_word' id='word_1_413' title='bbox 2382 774 2420 812; x_wconf 56' lang='lat' dir='ltr'>‘t‘l‘r</span> 
     </span>
     <span class='ocr_line' id='line_1_55' title="bbox 289 816 2412 876; baseline -0.008 -10"><span class='ocrx_word' id='word_1_414' title='bbox 289 842 302 873; x_wconf 84' lang='lat'><strong>[</strong></span> <span class='ocrx_word' id='word_1_415' title='bbox 309 840 425 876; x_wconf 65' lang='grc' dir='ltr'>χύτρας]</span> <span class='ocrx_word' id='word_1_416' title='bbox 439 837 552 872; x_wconf 81' lang='lat' dir='ltr'>Antiqui</span> <span class='ocrx_word' id='word_1_417' title='bbox 565 836 698 868; x_wconf 86' lang='lat' dir='ltr'>dicebant,</span> <span class='ocrx_word' id='word_1_418' title='bbox 717 844 780 869; x_wconf 89' lang='lat' dir='ltr'>quas</span> <span class='ocrx_word' id='word_1_419' title='bbox 794 842 842 860; x_wconf 89' lang='lat' dir='ltr'>nos</span> <span class='ocrx_word' id='word_1_420' title='bbox 856 833 968 859; x_wconf 83' lang='lat' dir='ltr'>dicimus</span> <span class='ocrx_word' id='word_1_421' title='bbox 983 830 1068 857; x_wconf 85' lang='lat' dir='ltr'>Ollas:</span> <span class='ocrx_word' id='word_1_422' title='bbox 1089 828 1152 863; x_wconf 91' lang='lat' dir='ltr'>quia</span> <span class='ocrx_word' id='word_1_423' title='bbox 1166 826 1266 853; x_wconf 91' lang='lat' dir='ltr'>nullam</span> <span class='ocrx_word' id='word_1_424' title='bbox 1280 826 1339 852; x_wconf 88' lang='lat' dir='ltr'>lite·</span> <span class='ocrx_word' id='word_1_425' title='bbox 1392 830 1513 851; x_wconf 87' lang='lat' dir='ltr'>oratores</span> <span class='ocrx_word' id='word_1_426' title='bbox 1526 823 1636 850; x_wconf 86' lang='lat' dir='ltr'>euadere</span> <span class='ocrx_word' id='word_1_427' title='bbox 1654 833 1709 850; x_wconf 87' lang='lat' dir='ltr'>non</span> <span class='ocrx_word' id='word_1_428' title='bbox 1721 828 1880 859; x_wconf 85' lang='lat' dir='ltr'>potuerunt,</span> <span class='ocrx_word' id='word_1_429' title='bbox 1894 832 1938 849; x_wconf 90' lang='lat' dir='ltr'>eos</span> <span class='ocrx_word' id='word_1_430' title='bbox 1951 823 1984 850; x_wconf 91' lang='lat' dir='ltr'>ad</span> <span class='ocrx_word' id='word_1_431' title='bbox 1997 823 2063 850; x_wconf 86' lang='lat' dir='ltr'>iuris</span> <span class='ocrx_word' id='word_1_432' title='bbox 2076 822 2195 850; x_wconf 86' lang='lat' dir='ltr'>studium</span> <span class='ocrx_word' id='word_1_433' title='bbox 2208 821 2342 849; x_wconf 86' lang='lat' dir='ltr'>deuenire.</span> <span class='ocrx_word' id='word_1_434' title='bbox 2377 828 2379 830; x_wconf 86' lang='lat'>&#39;</span> <span class='ocrx_word' id='word_1_435' title='bbox 2397 816 2412 826; x_wconf 21' lang='grc' dir='ltr'>’ἡ</span> 
     </span>
    </p>
   </div>
   <div class='ocr_carea' id='block_1_5' title="bbox 291 843 2464 989">
    <p class='ocr_par' dir='ltr' id='par_1_5' title="bbox 291 843 2464 989">
     <span class='ocr_line' id='line_1_56' title="bbox 291 843 2433 911; baseline -0.013 -7"><span class='ocrx_word' id='word_1_436' title='bbox 291 886 349 904; x_wconf 87' lang='lat' dir='ltr'>ram</span> <span class='ocrx_word' id='word_1_437' title='bbox 362 874 540 911; x_wconf 80' lang='lat' dir='ltr'>geminabant.</span> <span class='ocrx_word' id='word_1_438' title='bbox 576 873 668 907; x_wconf 83' lang='lat' dir='ltr'>Itaque</span> <span class='ocrx_word' id='word_1_439' title='bbox 679 871 816 898; x_wconf 88' lang='lat' dir='ltr'>Aulicocia</span> <span class='ocrx_word' id='word_1_440' title='bbox 831 875 906 900; x_wconf 83' lang='lat' dir='ltr'>exta,</span> <span class='ocrx_word' id='word_1_441' title='bbox 933 869 1009 900; x_wconf 83' lang='lat' dir='ltr'>Qae</span> <span class='ocrx_word' id='word_1_442' title='bbox 1023 866 1051 891; x_wconf 92' lang='lat' dir='ltr'>in</span> <span class='ocrx_word' id='word_1_443' title='bbox 1064 865 1132 891; x_wconf 86' lang='lat' dir='ltr'>aulis</span> <span class='ocrx_word' id='word_1_444' title='bbox 1145 862 1339 897; x_wconf 78' lang='lat' dir='ltr'>coquebantur,</span> <span class='ocrx_word' id='word_1_445' title='bbox 1393 861 1439 887; x_wconf 87' lang='lat' dir='ltr'>dat</span> <span class='ocrx_word' id='word_1_446' title='bbox 1450 870 1479 886; x_wconf 86' lang='lat' dir='ltr'>ac</span> <span class='ocrx_word' id='word_1_447' title='bbox 1491 863 1581 895; x_wconf 78' lang='lat' dir='ltr'>repetit</span> <span class='ocrx_word' id='word_1_448' title='bbox 1595 860 1703 894; x_wconf 61' lang='lat' dir='ltr'>Qun&amp;</span> <span class='ocrx_word' id='word_1_449' title='bbox 1720 868 1742 892; x_wconf 81' lang='grc'>3,</span> <span class='ocrx_word' id='word_1_450' title='bbox 1755 864 1779 892; x_wconf 77' lang='grc'>8,</span> <span class='ocrx_word' id='word_1_451' title='bbox 1792 866 1836 894; x_wconf 83' lang='lat'>79.</span> <span class='ocrx_word' id='word_1_452' title='bbox 2378 843 2388 878; x_wconf 38' lang='grc' dir='ltr'>ξ’-</span> <span class='ocrx_word' id='word_1_453' title='bbox 2406 847 2433 882; x_wconf 59' lang='lat'>{¹</span> 
     </span>
     <span class='ocr_line' id='line_1_57' title="bbox 291 877 2464 946; baseline -0.011 -7"><span class='ocrx_word' id='word_1_454' title='bbox 291 912 432 943; x_wconf 78' lang='lat' dir='ltr'>dicebant,</span> <span class='ocrx_word' id='word_1_455' title='bbox 448 913 466 937; x_wconf 82' lang='lat' dir='ltr'>i.</span> <span class='ocrx_word' id='word_1_456' title='bbox 483 909 566 936; x_wconf 81' lang='lat' dir='ltr'>Elixa.</span> <span class='ocrx_word' id='word_1_457' title='bbox 604 909 673 934; x_wconf 76' lang='lat' dir='ltr'>Haec</span> <span class='ocrx_word' id='word_1_458' title='bbox 693 907 789 933; x_wconf 81' lang='lat' dir='ltr'>Festus.</span> <span class='ocrx_word' id='word_1_459' title='bbox 832 905 918 946; x_wconf 32' lang='lat' dir='ltr'>,Plana</span> <span class='ocrx_word' id='word_1_460' title='bbox 933 903 992 943; x_wconf 82' lang='lat' dir='ltr'>Aul.</span> <span class='ocrx_word' id='word_1_461' title='bbox 1008 911 1036 934; x_wconf 90' lang='lat'>4,</span> <span class='ocrx_word' id='word_1_462' title='bbox 1054 909 1082 940; x_wconf 68' lang='lat'>2,</span> <span class='ocrx_word' id='word_1_463' title='bbox 1102 909 1130 926; x_wconf 86' lang='lat' dir='ltr'>io</span> <span class='ocrx_word' id='word_1_464' title='bbox 1153 898 1269 934; x_wconf 85' lang='lat' dir='ltr'>Aedepol</span> <span class='ocrx_word' id='word_1_465' title='bbox 1291 906 1339 924; x_wconf 87' lang='lat' dir='ltr'>nae</span> <span class='ocrx_word' id='word_1_466' title='bbox 1348 905 1384 923; x_wconf 82' lang='lat'>20</span> <span class='ocrx_word' id='word_1_467' title='bbox 1429 903 1508 923; x_wconf 84' lang='lat' dir='ltr'>AVL</span> <span class='ocrx_word' id='word_1_468' title='bbox 1519 902 1594 938; x_wconf 70' lang='lat' dir='ltr'>0.N&#39;.</span> <span class='ocrx_word' id='word_1_469' title='bbox 1616 893 1748 938; x_wconf 62' lang='grc' dir='ltr'>ζ”Λυλων]</span> <span class='ocrx_word' id='word_1_470' title='bbox 1784 896 1862 921; x_wconf 82' lang='lat' dir='ltr'>Mons</span> <span class='ocrx_word' id='word_1_471' title='bbox 1874 894 2003 921; x_wconf 81' lang='lat' dir='ltr'>Calabriae</span> <span class='ocrx_word' id='word_1_472' title='bbox 2021 901 2110 921; x_wconf 81' lang='lat' dir='ltr'>contra</span> <span class='ocrx_word' id='word_1_473' title='bbox 2124 894 2292 921; x_wconf 82' lang='lat' dir='ltr'>Tarentinam</span> <span class='ocrx_word' id='word_1_474' title='bbox 2304 896 2378 931; x_wconf 79' lang='lat' dir='ltr'>regi</span> <span class='ocrx_word' id='word_1_475' title='bbox 2413 877 2435 930; x_wconf 15' lang='lat'>¹⁵3¹!</span> <span class='ocrx_word' id='word_1_476' title='bbox 2461 919 2464 923; x_wconf 32' lang='grc' dir='ltr'>Ι</span> 
     </span>
     <span class='ocr_line' id='line_1_58' title="bbox 291 929 2429 989; baseline -0.01 -14"><span class='ocrx_word' id='word_1_477' title='bbox 291 949 348 989; x_wconf 75' lang='lat' dir='ltr'>illic</span> <span class='ocrx_word' id='word_1_478' title='bbox 367 947 505 983; x_wconf 78' lang='lat' dir='ltr'>pulchram</span> <span class='ocrx_word' id='word_1_479' title='bbox 524 943 647 980; x_wconf 78' lang='lat' dir='ltr'>praedam</span> <span class='ocrx_word' id='word_1_480' title='bbox 662 950 737 978; x_wconf 85' lang='lat' dir='ltr'>agat,</span> <span class='ocrx_word' id='word_1_481' title='bbox 759 942 776 968; x_wconf 86' lang='lat' dir='ltr'>si</span> <span class='ocrx_word' id='word_1_482' title='bbox 812 949 852 967; x_wconf 83' lang='lat' dir='ltr'>uis</span> <span class='ocrx_word' id='word_1_483' title='bbox 871 940 945 966; x_wconf 84' lang='lat' dir='ltr'>illam</span> <span class='ocrx_word' id='word_1_484' title='bbox 962 941 1096 965; x_wconf 82' lang='lat' dir='ltr'>inuenerit</span> <span class='ocrx_word' id='word_1_485' title='bbox 1115 935 1201 962; x_wconf 86' lang='lat' dir='ltr'>aulam</span> <span class='ocrx_word' id='word_1_486' title='bbox 1220 934 1340 962; x_wconf 87' lang='lat' dir='ltr'>onustam</span> <span class='ocrx_word' id='word_1_487' title='bbox 1388 931 1471 969; x_wconf 77' lang='lat' dir='ltr'>ferax</span> <span class='ocrx_word' id='word_1_488' title='bbox 1489 932 1545 959; x_wconf 84' lang='lat' dir='ltr'>bom</span> <span class='ocrx_word' id='word_1_489' title='bbox 1566 941 1631 958; x_wconf 75' lang='lat' dir='ltr'>vim.</span> <span class='ocrx_word' id='word_1_490' title='bbox 1685 933 1753 959; x_wconf 87' lang='lat' dir='ltr'>Hor.</span> <span class='ocrx_word' id='word_1_491' title='bbox 1767 931 1856 958; x_wconf 90' lang='lat' dir='ltr'>Carm.</span> <span class='ocrx_word' id='word_1_492' title='bbox 1875 939 1902 963; x_wconf 90' lang='lat'>2,</span> <span class='ocrx_word' id='word_1_493' title='bbox 1922 932 1948 963; x_wconf 87' lang='lat'>6,</span> <span class='ocrx_word' id='word_1_494' title='bbox 1963 935 1988 960; x_wconf 91' lang='lat'>18</span> <span class='ocrx_word' id='word_1_495' title='bbox 2024 945 2060 951; x_wconf 91' lang='lat'>—</span> <span class='ocrx_word' id='word_1_496' title='bbox 2097 936 2123 956; x_wconf 87' lang='lat' dir='ltr'>et</span> <span class='ocrx_word' id='word_1_497' title='bbox 2141 929 2241 956; x_wconf 86' lang='lat' dir='ltr'>amicus</span> <span class='ocrx_word' id='word_1_498' title='bbox 2255 929 2344 956; x_wconf 88' lang='lat' dir='ltr'>Aulon</span> <span class='ocrx_word' id='word_1_499' title='bbox 2412 932 2429 952; x_wconf 80' lang='grc' dir='ltr'><strong>.ἱ·ι</strong></span> 
     </span>
    </p>
   </div>
   <div class='ocr_carea' id='block_1_6' title="bbox 289 952 2474 1027">
    <p class='ocr_par' dir='ltr' id='par_1_6' title="bbox 289 952 2474 1027">
     <span class='ocr_line' id='line_1_59' title="bbox 289 952 2474 1027; baseline -0.013 -15"><span class='ocrx_word' id='word_1_500' title='bbox 289 993 360 1012; x_wconf 84' lang='lat' dir='ltr'>auri.</span> <span class='ocrx_word' id='word_1_501' title='bbox 398 982 472 1020; x_wconf 86' lang='lat' dir='ltr'>Conf.</span> <span class='ocrx_word' id='word_1_502' title='bbox 487 982 567 1009; x_wconf 85' lang='lat' dir='ltr'>Curc.</span> <span class='ocrx_word' id='word_1_503' title='bbox 582 989 605 1012; x_wconf 86' lang='lat'>2,</span> <span class='ocrx_word' id='word_1_504' title='bbox 618 988 641 1012; x_wconf 84' lang='grc'>3,</span> <span class='ocrx_word' id='word_1_505' title='bbox 654 985 694 1009; x_wconf 79' lang='lat'>89.</span> <span class='ocrx_word' id='word_1_506' title='bbox 748 979 788 1003; x_wconf 78' lang='lat' dir='ltr'>Ru</span> <span class='ocrx_word' id='word_1_507' title='bbox 809 997 814 1002; x_wconf 90' lang='lat'>.</span> <span class='ocrx_word' id='word_1_508' title='bbox 828 985 854 1007; x_wconf 86' lang='lat'>1,</span> <span class='ocrx_word' id='word_1_509' title='bbox 867 984 896 1006; x_wconf 88' lang='lat'>2,</span> <span class='ocrx_word' id='word_1_510' title='bbox 912 980 957 1009; x_wconf 84' lang='lat'>47.</span> <span class='ocrx_word' id='word_1_511' title='bbox 1010 973 1077 999; x_wconf 89' lang='lat' dir='ltr'>Cato</span> <span class='ocrx_word' id='word_1_512' title='bbox 1097 972 1128 998; x_wconf 86' lang='lat' dir='ltr'>R.</span> <span class='ocrx_word' id='word_1_513' title='bbox 1142 972 1174 999; x_wconf 84' lang='lat' dir='ltr'>R.</span> <span class='ocrx_word' id='word_1_514' title='bbox 1191 977 1229 1005; x_wconf 77' lang='lat'>85.</span> <span class='ocrx_word' id='word_1_515' title='bbox 1254 973 1286 997; x_wconf 86' lang='lat' dir='ltr'>it.</span> <span class='ocrx_word' id='word_1_516' title='bbox 1302 978 1341 1004; x_wconf 82' lang='lat'>32,</span> <span class='ocrx_word' id='word_1_517' title='bbox 1396 969 1452 996; x_wconf 83' lang='lat' dir='ltr'>tilis</span> <span class='ocrx_word' id='word_1_518' title='bbox 1466 967 1568 995; x_wconf 87' lang='lat' dir='ltr'>Baccho</span> <span class='ocrx_word' id='word_1_519' title='bbox 1586 967 1701 994; x_wconf 90' lang='lat' dir='ltr'>nimium</span> <span class='ocrx_word' id='word_1_520' title='bbox 1715 967 1833 994; x_wconf 81' lang='lat' dir='ltr'>Falernis</span> <span class='ocrx_word' id='word_1_521' title='bbox 1867 966 1975 993; x_wconf 90' lang='lat' dir='ltr'>Inuidet</span> <span class='ocrx_word' id='word_1_522' title='bbox 1989 966 2058 992; x_wconf 87' lang='lat' dir='ltr'>vuis.</span> <span class='ocrx_word' id='word_1_523' title='bbox 2374 959 2380 974; x_wconf 80' lang='grc'>-’</span> <span class='ocrx_word' id='word_1_524' title='bbox 2417 952 2436 1027; x_wconf 50' lang='lat'>&#39;4¹&#39;</span> <span class='ocrx_word' id='word_1_525' title='bbox 2471 987 2474 997; x_wconf 69' lang='lat'>‹</span> 
     </span>
    </p>
   </div>
   <div class='ocr_carea' id='block_1_7' title="bbox 290 1002 2436 1124">
    <p class='ocr_par' dir='ltr' id='par_1_7' title="bbox 290 1002 2436 1124">
     <span class='ocr_line' id='line_1_60' title="bbox 291 1002 2429 1052; baseline -0.012 -5"><span class='ocrx_word' id='word_1_526' title='bbox 291 1030 310 1048; x_wconf 88' lang='grc' dir='ltr'>ι.</span> <span class='ocrx_word' id='word_1_527' title='bbox 337 1024 415 1049; x_wconf 59' lang='lat' dir='ltr'>insi.</span> <span class='ocrx_word' id='word_1_528' title='bbox 457 1015 568 1052; x_wconf 63' lang='lat' dir='ltr'>Qun&amp;</span> <span class='ocrx_word' id='word_1_529' title='bbox 582 1024 609 1050; x_wconf 86' lang='lat'>7,</span> <span class='ocrx_word' id='word_1_530' title='bbox 623 1024 649 1048; x_wconf 87' lang='lat'>9,</span> <span class='ocrx_word' id='word_1_531' title='bbox 665 1024 691 1047; x_wconf 77' lang='lat'>4·</span> <span class='ocrx_word' id='word_1_532' title='bbox 728 1013 800 1039; x_wconf 88' lang='lat' dir='ltr'>Non.</span> <span class='ocrx_word' id='word_1_533' title='bbox 817 1019 850 1044; x_wconf 79' lang='grc' dir='ltr'>ις,</span> <span class='ocrx_word' id='word_1_534' title='bbox 866 1019 884 1036; x_wconf 87' lang='lat'>1.</span> <span class='ocrx_word' id='word_1_535' title='bbox 1432 1011 1609 1035; x_wconf 79' lang='lat' dir='ltr'>AVLVLA,</span> <span class='ocrx_word' id='word_1_536' title='bbox 1651 1024 1658 1030; x_wconf 83' lang='lat'>.</span> <span class='ocrx_word' id='word_1_537' title='bbox 1677 1011 1794 1035; x_wconf 84' lang='lat' dir='ltr'>OLLA,</span> <span class='ocrx_word' id='word_1_538' title='bbox 1823 1002 1877 1029; x_wconf 83' lang='lat' dir='ltr'>vid.</span> <span class='ocrx_word' id='word_1_539' title='bbox 1897 1008 2017 1029; x_wconf 81' lang='lat' dir='ltr'>AVLA.</span> <span class='ocrx_word' id='word_1_540' title='bbox 2418 1023 2429 1031; x_wconf 41' lang='grc' dir='ltr'><strong>Η</strong></span> 
     </span>
     <span class='ocr_line' id='line_1_61' title="bbox 328 1031 2436 1088; baseline -0.01 -5"><span class='ocrx_word' id='word_1_541' title='bbox 328 1064 350 1083; x_wconf 84' lang='grc' dir='ltr'>Α</span> <span class='ocrx_word' id='word_1_542' title='bbox 359 1063 379 1082; x_wconf 87' lang='grc' dir='ltr'><strong><em>ν</em></strong></span> <span class='ocrx_word' id='word_1_543' title='bbox 390 1061 437 1082; x_wconf 86' lang='lat' dir='ltr'>LA</span> <span class='ocrx_word' id='word_1_544' title='bbox 447 1061 475 1081; x_wconf 81' lang='lat' dir='ltr'>R.</span> <span class='ocrx_word' id='word_1_545' title='bbox 512 1052 658 1088; x_wconf 76' lang='lat' dir='ltr'>Operculum</span> <span class='ocrx_word' id='word_1_546' title='bbox 672 1048 739 1075; x_wconf 69' lang='lat' dir='ltr'>ollae.</span> <span class='ocrx_word' id='word_1_547' title='bbox 775 1046 857 1073; x_wconf 87' lang='lat' dir='ltr'>Aular</span> <span class='ocrx_word' id='word_1_548' title='bbox 876 1044 1029 1081; x_wconf 85' lang='lat' dir='ltr'>impositum</span> <span class='ocrx_word' id='word_1_549' title='bbox 1042 1045 1120 1071; x_wconf 83' lang='lat' dir='ltr'>Varr.</span> <span class='ocrx_word' id='word_1_550' title='bbox 1136 1043 1167 1070; x_wconf 88' lang='lat' dir='ltr'>R.</span> <span class='ocrx_word' id='word_1_551' title='bbox 1182 1044 1213 1070; x_wconf 85' lang='lat' dir='ltr'>R.</span> <span class='ocrx_word' id='word_1_552' title='bbox 1228 1051 1251 1075; x_wconf 80' lang='lat'>3,</span> <span class='ocrx_word' id='word_1_553' title='bbox 1265 1049 1301 1075; x_wconf 82' lang='grc' dir='ltr'>ις,</span> <span class='ocrx_word' id='word_1_554' title='bbox 1316 1050 1342 1074; x_wconf 87' lang='lat'>2,</span> <span class='ocrx_word' id='word_1_555' title='bbox 1432 1048 1454 1067; x_wconf 84' lang='grc' dir='ltr'>Α</span> <span class='ocrx_word' id='word_1_556' title='bbox 1463 1048 1483 1067; x_wconf 84' lang='grc' dir='ltr'><strong><em>ν</em></strong></span> <span class='ocrx_word' id='word_1_557' title='bbox 1492 1047 1509 1066; x_wconf 89' lang='lat' dir='ltr'>L</span> <span class='ocrx_word' id='word_1_558' title='bbox 1519 1046 1539 1065; x_wconf 90' lang='lat' dir='ltr'>V</span> <span class='ocrx_word' id='word_1_559' title='bbox 1549 1047 1572 1066; x_wconf 85' lang='lat' dir='ltr'>s.</span> <span class='ocrx_word' id='word_1_560' title='bbox 1607 1039 1620 1073; x_wconf 97' lang='lat'>[</span> <span class='ocrx_word' id='word_1_561' title='bbox 1635 1040 1732 1074; x_wconf 78' lang='grc' dir='ltr'>Αυλος]</span> <span class='ocrx_word' id='word_1_562' title='bbox 1770 1041 1919 1065; x_wconf 83' lang='lat' dir='ltr'>Praenomen</span> <span class='ocrx_word' id='word_1_563' title='bbox 1940 1044 1995 1064; x_wconf 84' lang='lat' dir='ltr'>crat</span> <span class='ocrx_word' id='word_1_564' title='bbox 2009 1038 2128 1063; x_wconf 87' lang='lat' dir='ltr'>Romanis</span> <span class='ocrx_word' id='word_1_565' title='bbox 2148 1038 2206 1064; x_wconf 87' lang='lat' dir='ltr'>olim</span> <span class='ocrx_word' id='word_1_566' title='bbox 2219 1036 2362 1073; x_wconf 81' lang='lat' dir='ltr'>familiare,</span> <span class='ocrx_word' id='word_1_567' title='bbox 2426 1031 2436 1059; x_wconf 75' lang='lat' dir='ltr'>&#39;l</span> 
     </span>
     <span class='ocr_line' id='line_1_62' title="bbox 290 1067 2422 1124; baseline -0.01 -4"><span class='ocrx_word' id='word_1_568' title='bbox 290 1102 321 1120; x_wconf 75' lang='lat' dir='ltr'>ex</span> <span class='ocrx_word' id='word_1_569' title='bbox 336 1089 480 1119; x_wconf 67' lang='lat' dir='ltr'>coniec‘iura</span> <span class='ocrx_word' id='word_1_570' title='bbox 493 1089 631 1124; x_wconf 79' lang='lat' dir='ltr'>Scaligeri‚</span> <span class='ocrx_word' id='word_1_571' title='bbox 651 1088 693 1120; x_wconf 80' lang='lat' dir='ltr'>qui</span> <span class='ocrx_word' id='word_1_572' title='bbox 712 1082 806 1109; x_wconf 66' lang='lat' dir='ltr'>diflum</span> <span class='ocrx_word' id='word_1_573' title='bbox 821 1089 914 1118; x_wconf 79' lang='lat' dir='ltr'>putat,</span> <span class='ocrx_word' id='word_1_574' title='bbox 932 1088 962 1108; x_wconf 82' lang='lat' dir='ltr'>vt</span> <span class='ocrx_word' id='word_1_575' title='bbox 975 1080 1074 1108; x_wconf 88' lang='lat' dir='ltr'>Puteal.</span> <span class='ocrx_word' id='word_1_576' title='bbox 1351 1076 1448 1113; x_wconf 79' lang='lat' dir='ltr'>23sola</span> <span class='ocrx_word' id='word_1_577' title='bbox 1464 1077 1494 1102; x_wconf 84' lang='lat' dir='ltr'>A.</span> <span class='ocrx_word' id='word_1_578' title='bbox 1508 1077 1583 1102; x_wconf 81' lang='lat' dir='ltr'>litera</span> <span class='ocrx_word' id='word_1_579' title='bbox 1592 1075 1750 1111; x_wconf 75' lang='lat' dir='ltr'>scribebant,</span> <span class='ocrx_word' id='word_1_580' title='bbox 1770 1082 1800 1101; x_wconf 83' lang='lat' dir='ltr'>vt</span> <span class='ocrx_word' id='word_1_581' title='bbox 1814 1075 1845 1100; x_wconf 88' lang='lat' dir='ltr'>A.</span> <span class='ocrx_word' id='word_1_582' title='bbox 1860 1073 1972 1100; x_wconf 83' lang='lat' dir='ltr'>Gellius.</span> <span class='ocrx_word' id='word_1_583' title='bbox 2010 1073 2072 1101; x_wconf 84' lang='lat' dir='ltr'>Sunt</span> <span class='ocrx_word' id='word_1_584' title='bbox 2086 1082 2144 1100; x_wconf 77' lang='lat' dir='ltr'>vero</span> <span class='ocrx_word' id='word_1_585' title='bbox 2157 1073 2236 1105; x_wconf 87' lang='lat' dir='ltr'>Auli,</span> <span class='ocrx_word' id='word_1_586' title='bbox 2250 1073 2298 1107; x_wconf 90' lang='lat' dir='ltr'>qui</span> <span class='ocrx_word' id='word_1_587' title='bbox 2311 1067 2379 1115; x_wconf 36' lang='lat' dir='ltr'>diis-2</span> <span class='ocrx_word' id='word_1_588' title='bbox 2418 1076 2422 1112; x_wconf 58' lang='grc' dir='ltr'>ζ</span> 
     </span>
    </p>
   </div>
   <div class='ocr_carea' id='block_1_8' title="bbox 327 1107 2356 1158">
    <p class='ocr_par' dir='ltr' id='par_1_8' title="bbox 327 1107 2356 1158">
     <span class='ocr_line' id='line_1_63' title="bbox 327 1107 2356 1158; baseline -0.009 -3"><span class='ocrx_word' id='word_1_589' title='bbox 327 1125 507 1158; x_wconf 60' lang='grc' dir='ltr'>ΑνιῦιΑ,</span> <span class='ocrx_word' id='word_1_590' title='bbox 529 1133 566 1151; x_wconf 90' lang='lat' dir='ltr'>ae.</span> <span class='ocrx_word' id='word_1_591' title='bbox 598 1122 617 1147; x_wconf 92' lang='lat' dir='ltr'>f.</span> <span class='ocrx_word' id='word_1_592' title='bbox 645 1120 748 1147; x_wconf 86' lang='lat' dir='ltr'>Dimin.</span> <span class='ocrx_word' id='word_1_593' title='bbox 785 1116 944 1154; x_wconf 63' lang='grc' dir='ltr'><strong>[χυτρίδιον]</strong></span> <span class='ocrx_word' id='word_1_594' title='bbox 978 1117 1019 1145; x_wconf 87' lang='lat' dir='ltr'>Ab</span> <span class='ocrx_word' id='word_1_595' title='bbox 1033 1116 1158 1151; x_wconf 77' lang='lat' dir='ltr'>Aulapro</span> <span class='ocrx_word' id='word_1_596' title='bbox 1173 1114 1238 1142; x_wconf 89' lang='lat' dir='ltr'>Olla.</span> <span class='ocrx_word' id='word_1_597' title='bbox 1272 1112 1343 1140; x_wconf 85' lang='lat' dir='ltr'>Vnde</span> <span class='ocrx_word' id='word_1_598' title='bbox 1396 1112 1469 1139; x_wconf 88' lang='lat' dir='ltr'>tibus</span> <span class='ocrx_word' id='word_1_599' title='bbox 1488 1112 1646 1144; x_wconf 86' lang='lat' dir='ltr'>nascuntur,</span> <span class='ocrx_word' id='word_1_600' title='bbox 1679 1110 1779 1139; x_wconf 88' lang='lat' dir='ltr'>Probus</span> <span class='ocrx_word' id='word_1_601' title='bbox 1798 1111 1827 1137; x_wconf 90' lang='lat' dir='ltr'>in</span> <span class='ocrx_word' id='word_1_602' title='bbox 1845 1110 1914 1145; x_wconf 69' lang='lat' dir='ltr'>Epir.</span> <span class='ocrx_word' id='word_1_603' title='bbox 1934 1119 1995 1147; x_wconf 82' lang='lat' dir='ltr'>quae</span> <span class='ocrx_word' id='word_1_604' title='bbox 2018 1110 2117 1136; x_wconf 75' lang='lat' dir='ltr'>Valerio</span> <span class='ocrx_word' id='word_1_605' title='bbox 2136 1110 2265 1140; x_wconf 79' lang='lat' dir='ltr'>Maximo,</span> <span class='ocrx_word' id='word_1_606' title='bbox 2290 1115 2320 1135; x_wconf 82' lang='lat' dir='ltr'>vt</span> <span class='ocrx_word' id='word_1_607' title='bbox 2339 1107 2356 1136; x_wconf 83' lang='lat' dir='ltr'>d</span> 
     </span>
    </p>
   </div>
   <div class='ocr_carea' id='block_1_9' title="bbox 290 1147 2048 1234">
    <p class='ocr_par' dir='ltr' id='par_1_9' title="bbox 290 1147 2048 1234">
     <span class='ocr_line' id='line_1_64' title="bbox 291 1147 1612 1191; baseline -0.014 0"><span class='ocrx_word' id='word_1_608' title='bbox 291 1163 429 1191; x_wconf 80' lang='lat' dir='ltr'>Aulularia</span> <span class='ocrx_word' id='word_1_609' title='bbox 443 1161 528 1188; x_wconf 87' lang='lat' dir='ltr'>Plauti</span> <span class='ocrx_word' id='word_1_610' title='bbox 543 1157 641 1185; x_wconf 84' lang='lat' dir='ltr'>fabula.</span> <span class='ocrx_word' id='word_1_611' title='bbox 683 1155 751 1181; x_wconf 89' lang='lat' dir='ltr'>Plin.</span> <span class='ocrx_word' id='word_1_612' title='bbox 767 1160 803 1188; x_wconf 81' lang='lat'>18,</span> <span class='ocrx_word' id='word_1_613' title='bbox 819 1163 842 1181; x_wconf 92' lang='grc' dir='ltr'>ιι</span> <span class='ocrx_word' id='word_1_614' title='bbox 862 1155 1003 1189; x_wconf 82' lang='lat' dir='ltr'>Artoptam</span> <span class='ocrx_word' id='word_1_615' title='bbox 1015 1153 1121 1180; x_wconf 80' lang='lat' dir='ltr'>Plautus</span> <span class='ocrx_word' id='word_1_616' title='bbox 1134 1150 1248 1186; x_wconf 87' lang='lat' dir='ltr'>appellat</span> <span class='ocrx_word' id='word_1_617' title='bbox 1261 1150 1291 1176; x_wconf 89' lang='lat' dir='ltr'>in</span> <span class='ocrx_word' id='word_1_618' title='bbox 1303 1149 1342 1176; x_wconf 81' lang='lat' dir='ltr'>fa·</span> <span class='ocrx_word' id='word_1_619' title='bbox 1395 1148 1459 1176; x_wconf 75' lang='lat' dir='ltr'>liber</span> <span class='ocrx_word' id='word_1_620' title='bbox 1465 1147 1612 1184; x_wconf 81' lang='lat' dir='ltr'>subiicitur.</span> 
     </span>
     <span class='ocr_line' id='line_1_65' title="bbox 290 1183 2048 1234; baseline -0.024 -6"><span class='ocrx_word' id='word_1_621' title='bbox 290 1200 352 1228; x_wconf 86' lang='lat' dir='ltr'>bula</span> <span class='ocrx_word' id='word_1_622' title='bbox 367 1207 447 1234; x_wconf 88' lang='lat' dir='ltr'>quarn</span> <span class='ocrx_word' id='word_1_623' title='bbox 460 1194 626 1223; x_wconf 83' lang='lat' dir='ltr'>Aululariam</span> <span class='ocrx_word' id='word_1_624' title='bbox 640 1191 749 1226; x_wconf 87' lang='lat' dir='ltr'>scripsit.</span> <span class='ocrx_word' id='word_1_625' title='bbox 1805 1184 1833 1216; x_wconf 72' lang='lat' dir='ltr'>A</span> <span class='ocrx_word' id='word_1_626' title='bbox 1906 1184 1936 1215; x_wconf 85' lang='lat' dir='ltr'>V</span> <span class='ocrx_word' id='word_1_627' title='bbox 2008 1183 2048 1215; x_wconf 82' lang='lat' dir='ltr'>M</span> 
     </span>
    </p>
   </div>
   <div class='ocr_carea' id='block_1_10' title="bbox 289 1220 2429 1304">
    <p class='ocr_par' dir='ltr' id='par_1_10' title="bbox 289 1220 2429 1304">
     <span class='ocr_line' id='line_1_66' title="bbox 329 1220 2429 1262; baseline -0.014 0"><span class='ocrx_word' id='word_1_628' title='bbox 329 1244 349 1262; x_wconf 82' lang='grc' dir='ltr'>Α</span> <span class='ocrx_word' id='word_1_629' title='bbox 360 1243 379 1261; x_wconf 84' lang='grc' dir='ltr'><strong><em>ν</em></strong></span> <span class='ocrx_word' id='word_1_630' title='bbox 391 1241 405 1260; x_wconf 69' lang='lat'>1.</span> <span class='ocrx_word' id='word_1_631' title='bbox 417 1233 429 1260; x_wconf 76' lang='grc' dir='ltr'><em>ἴ</em></span> <span class='ocrx_word' id='word_1_632' title='bbox 437 1239 514 1260; x_wconf 79' lang='lat' dir='ltr'>cvs.</span> <span class='ocrx_word' id='word_1_633' title='bbox 551 1229 612 1255; x_wconf 89' lang='lat' dir='ltr'>Adi.</span> <span class='ocrx_word' id='word_1_634' title='bbox 648 1226 770 1262; x_wconf 62' lang='grc' dir='ltr'><strong>[αὔλιος]</strong></span> <span class='ocrx_word' id='word_1_635' title='bbox 808 1226 954 1261; x_wconf 80' lang='lat' dir='ltr'>Apparatus</span> <span class='ocrx_word' id='word_1_636' title='bbox 972 1224 1090 1256; x_wconf 84' lang='lat' dir='ltr'>aulicus,</span> <span class='ocrx_word' id='word_1_637' title='bbox 1109 1223 1192 1259; x_wconf 84' lang='lat' dir='ltr'>qualis</span> <span class='ocrx_word' id='word_1_638' title='bbox 1202 1221 1270 1258; x_wconf 75' lang='lat' dir='ltr'>Jblct</span> <span class='ocrx_word' id='word_1_639' title='bbox 1277 1220 1343 1258; x_wconf 77' lang='lat' dir='ltr'>fieri</span> <span class='ocrx_word' id='word_1_640' title='bbox 2418 1235 2429 1248; x_wconf 21' lang='grc'>,1</span> 
     </span>
     <span class='ocr_line' id='line_1_67' title="bbox 289 1252 2421 1304; baseline -0.009 -6"><span class='ocrx_word' id='word_1_641' title='bbox 289 1275 317 1298; x_wconf 80' lang='lat' dir='ltr'>in</span> <span class='ocrx_word' id='word_1_642' title='bbox 331 1270 440 1297; x_wconf 69' lang='lat' dir='ltr'>domibus</span> <span class='ocrx_word' id='word_1_643' title='bbox 453 1276 537 1304; x_wconf 79' lang='lat' dir='ltr'>regum</span> <span class='ocrx_word' id='word_1_644' title='bbox 548 1266 655 1292; x_wconf 88' lang='lat' dir='ltr'>Sueton.</span> <span class='ocrx_word' id='word_1_645' title='bbox 670 1264 698 1290; x_wconf 92' lang='lat' dir='ltr'>in</span> <span class='ocrx_word' id='word_1_646' title='bbox 712 1262 814 1289; x_wconf 90' lang='lat' dir='ltr'>Domit.</span> <span class='ocrx_word' id='word_1_647' title='bbox 828 1271 856 1295; x_wconf 85' lang='lat'>4.</span> <span class='ocrx_word' id='word_1_648' title='bbox 910 1260 1045 1288; x_wconf 90' lang='lat' dir='ltr'>Conuiuia</span> <span class='ocrx_word' id='word_1_649' title='bbox 1057 1259 1144 1286; x_wconf 86' lang='lat' dir='ltr'>Sedul.</span> <span class='ocrx_word' id='word_1_650' title='bbox 1160 1267 1180 1290; x_wconf 89' lang='lat'>1,</span> <span class='ocrx_word' id='word_1_651' title='bbox 1194 1266 1246 1290; x_wconf 81' lang='lat'><strong>¹93·</strong></span> <span class='ocrx_word' id='word_1_652' title='bbox 1295 1258 1385 1285; x_wconf 72' lang='lat' dir='ltr'>Re-ao</span> <span class='ocrx_word' id='word_1_653' title='bbox 1438 1261 1580 1283; x_wconf 81' lang='lat' dir='ltr'>AVMAR</span> <span class='ocrx_word' id='word_1_654' title='bbox 1590 1262 1598 1281; x_wconf 96' lang='lat'>1</span> <span class='ocrx_word' id='word_1_655' title='bbox 1609 1261 1681 1287; x_wconf 87' lang='lat' dir='ltr'>VM,</span> <span class='ocrx_word' id='word_1_656' title='bbox 1709 1253 1734 1291; x_wconf 91' lang='lat' dir='ltr'>s.</span> <span class='ocrx_word' id='word_1_657' title='bbox 1757 1260 1789 1282; x_wconf 82' lang='lat' dir='ltr'>vt</span> <span class='ocrx_word' id='word_1_658' title='bbox 1808 1255 1938 1281; x_wconf 68' lang='lat' dir='ltr'>Mercerus</span> <span class='ocrx_word' id='word_1_659' title='bbox 1957 1253 2042 1286; x_wconf 78' lang='lat' dir='ltr'>dedit,</span> <span class='ocrx_word' id='word_1_660' title='bbox 2064 1258 2312 1285; x_wconf 79' lang='lat' dir='ltr'>AVMAT1VM‚</span> <span class='ocrx_word' id='word_1_661' title='bbox 2337 1252 2364 1280; x_wconf 81' lang='lat' dir='ltr'>di</span> <span class='ocrx_word' id='word_1_662' title='bbox 2382 1271 2384 1274; x_wconf 90' lang='lat'><em>-</em></span> <span class='ocrx_word' id='word_1_663' title='bbox 2415 1260 2421 1284; x_wconf 72' lang='grc' dir='ltr'>τ,</span> 
     </span>
    </p>
   </div>
   <div class='ocr_carea' id='block_1_11' title="bbox 288 1288 2429 1441">
    <p class='ocr_par' dir='ltr' id='par_1_11' title="bbox 288 1288 2429 1441">
     <span class='ocr_line' id='line_1_68' title="bbox 292 1288 2420 1335; baseline -0.009 -2"><span class='ocrx_word' id='word_1_664' title='bbox 292 1306 411 1333; x_wconf 73' lang='lat' dir='ltr'>verentia</span> <span class='ocrx_word' id='word_1_665' title='bbox 426 1304 520 1331; x_wconf 83' lang='lat' dir='ltr'>domus</span> <span class='ocrx_word' id='word_1_666' title='bbox 536 1302 636 1328; x_wconf 84' lang='lat' dir='ltr'>aulicae</span> <span class='ocrx_word' id='word_1_667' title='bbox 650 1300 734 1335; x_wconf 84' lang='lat' dir='ltr'>Spart.</span> <span class='ocrx_word' id='word_1_668' title='bbox 750 1297 833 1325; x_wconf 87' lang='lat' dir='ltr'>Hadr.</span> <span class='ocrx_word' id='word_1_669' title='bbox 853 1306 875 1324; x_wconf 88' lang='lat' dir='ltr'>c.</span> <span class='ocrx_word' id='word_1_670' title='bbox 891 1305 922 1324; x_wconf 91' lang='grc' dir='ltr'>ιι.</span> <span class='ocrx_word' id='word_1_671' title='bbox 992 1295 1148 1323; x_wconf 62' lang='lat' dir='ltr'>Luctatores</span> <span class='ocrx_word' id='word_1_672' title='bbox 1168 1293 1252 1320; x_wconf 87' lang='lat' dir='ltr'>aulici</span> <span class='ocrx_word' id='word_1_673' title='bbox 1273 1294 1343 1319; x_wconf 89' lang='lat' dir='ltr'>Suet.</span> <span class='ocrx_word' id='word_1_674' title='bbox 1392 1291 1446 1329; x_wconf 76' lang='lat' dir='ltr'>fic.</span> <span class='ocrx_word' id='word_1_675' title='bbox 1462 1291 1580 1326; x_wconf 87' lang='lat' dir='ltr'>Fulgent.</span> <span class='ocrx_word' id='word_1_676' title='bbox 1600 1300 1627 1317; x_wconf 90' lang='lat' dir='ltr'>n.</span> <span class='ocrx_word' id='word_1_677' title='bbox 1642 1293 1672 1323; x_wconf 85' lang='lat'>63</span> <span class='ocrx_word' id='word_1_678' title='bbox 1693 1291 1779 1317; x_wconf 81' lang='lat' dir='ltr'>Locus</span> <span class='ocrx_word' id='word_1_679' title='bbox 1792 1291 1904 1317; x_wconf 87' lang='lat' dir='ltr'>secretus</span> <span class='ocrx_word' id='word_1_680' title='bbox 1923 1289 2062 1326; x_wconf 87' lang='lat' dir='ltr'>publicus,</span> <span class='ocrx_word' id='word_1_681' title='bbox 2084 1289 2147 1315; x_wconf 87' lang='lat' dir='ltr'>sicut</span> <span class='ocrx_word' id='word_1_682' title='bbox 2163 1289 2193 1315; x_wconf 93' lang='lat' dir='ltr'>in</span> <span class='ocrx_word' id='word_1_683' title='bbox 2213 1288 2322 1315; x_wconf 84' lang='lat' dir='ltr'>theatris</span> <span class='ocrx_word' id='word_1_684' title='bbox 2329 1290 2345 1321; x_wconf 80' lang='grc'>,“</span> <span class='ocrx_word' id='word_1_685' title='bbox 2356 1297 2380 1317; x_wconf 69' lang='lat' dir='ltr'>a</span> <span class='ocrx_word' id='word_1_686' title='bbox 2418 1304 2420 1312; x_wconf 76' lang='grc'>.</span> 
     </span>
     <span class='ocr_line' id='line_1_69' title="bbox 291 1325 2419 1393; baseline -0.009 -23"><span class='ocrx_word' id='word_1_687' title='bbox 291 1344 394 1370; x_wconf 83' lang='lat' dir='ltr'>Neron.</span> <span class='ocrx_word' id='word_1_688' title='bbox 408 1348 450 1374; x_wconf 81' lang='lat'>43.</span> <span class='ocrx_word' id='word_1_689' title='bbox 521 1337 641 1365; x_wconf 86' lang='lat' dir='ltr'>Miuistri</span> <span class='ocrx_word' id='word_1_690' title='bbox 654 1334 769 1370; x_wconf 81' lang='lat' dir='ltr'>Capitol.</span> <span class='ocrx_word' id='word_1_691' title='bbox 785 1334 833 1360; x_wconf 88' lang='lat' dir='ltr'>Pio</span> <span class='ocrx_word' id='word_1_692' title='bbox 852 1343 874 1360; x_wconf 89' lang='lat' dir='ltr'>c.</span> <span class='ocrx_word' id='word_1_693' title='bbox 890 1341 927 1360; x_wconf 89' lang='lat'>10.</span> <span class='ocrx_word' id='word_1_694' title='bbox 1088 1328 1113 1393; x_wconf 53' lang='grc' dir='ltr'>Β</span> <span class='ocrx_word' id='word_1_695' title='bbox 1133 1339 1149 1357; x_wconf 87' lang='lat'>2</span> <span class='ocrx_word' id='word_1_696' title='bbox 1180 1327 1346 1362; x_wconf 76' lang='lat' dir='ltr'>Substantiue,</span> <span class='ocrx_word' id='word_1_697' title='bbox 1398 1328 1480 1355; x_wconf 88' lang='lat' dir='ltr'>circo.</span> <span class='ocrx_word' id='word_1_698' title='bbox 1517 1328 1623 1354; x_wconf 85' lang='lat' dir='ltr'>Petron.</span> <span class='ocrx_word' id='word_1_699' title='bbox 1644 1326 1755 1353; x_wconf 82' lang='lat' dir='ltr'>Arbiter</span> <span class='ocrx_word' id='word_1_700' title='bbox 1774 1327 1841 1358; x_wconf 88' lang='lat' dir='ltr'>(Fra</span> <span class='ocrx_word' id='word_1_701' title='bbox 1861 1335 1896 1354; x_wconf 92' lang='lat' dir='ltr'>m.</span> <span class='ocrx_word' id='word_1_702' title='bbox 1916 1335 1940 1361; x_wconf 92' lang='lat' dir='ltr'>p.</span> <span class='ocrx_word' id='word_1_703' title='bbox 1955 1329 2022 1361; x_wconf 84' lang='lat'><strong>673)</strong></span> <span class='ocrx_word' id='word_1_704' title='bbox 2044 1326 2074 1351; x_wconf 91' lang='lat' dir='ltr'>In</span> <span class='ocrx_word' id='word_1_705' title='bbox 2088 1325 2245 1352; x_wconf 89' lang='lat' dir='ltr'>Aumarium</span> <span class='ocrx_word' id='word_1_706' title='bbox 2265 1325 2419 1356; x_wconf 63' lang='grc' dir='ltr'>ιιιειιιςιῑίι,,ι</span> 
     </span>
     <span class='ocr_line' id='line_1_70' title="bbox 288 1342 2429 1415; baseline -0.009 -9"><span class='ocrx_word' id='word_1_707' title='bbox 288 1382 332 1415; x_wconf 78' lang='lat' dir='ltr'>qni</span> <span class='ocrx_word' id='word_1_708' title='bbox 345 1378 461 1405; x_wconf 76' lang='lat' dir='ltr'>habitant</span> <span class='ocrx_word' id='word_1_709' title='bbox 478 1378 505 1401; x_wconf 82' lang='lat' dir='ltr'>in</span> <span class='ocrx_word' id='word_1_710' title='bbox 517 1376 590 1404; x_wconf 87' lang='lat' dir='ltr'>aula,</span> <span class='ocrx_word' id='word_1_711' title='bbox 602 1373 752 1409; x_wconf 54' lang='lat' dir='ltr'>familiares</span> <span class='ocrx_word' id='word_1_712' title='bbox 763 1372 833 1406; x_wconf 62' lang='lat' dir='ltr'><em>regis</em></span> <span class='ocrx_word' id='word_1_713' title='bbox 841 1370 894 1406; x_wconf 63' lang='lat' dir='ltr'><em>sui·</em></span> <span class='ocrx_word' id='word_1_714' title='bbox 931 1367 1071 1403; x_wconf 53' lang='lat' dir='ltr'>Nep-¹405</span> <span class='ocrx_word' id='word_1_715' title='bbox 1115 1372 1212 1393; x_wconf 63' lang='lat' dir='ltr'>&amp;tames</span> <span class='ocrx_word' id='word_1_716' title='bbox 1227 1374 1281 1391; x_wconf 89' lang='lat' dir='ltr'>non</span> <span class='ocrx_word' id='word_1_717' title='bbox 1296 1364 1346 1391; x_wconf 88' lang='lat' dir='ltr'>mi·</span> <span class='ocrx_word' id='word_1_718' title='bbox 1398 1362 1511 1390; x_wconf 85' lang='lat' dir='ltr'>conieci.</span> <span class='ocrx_word' id='word_1_719' title='bbox 1547 1364 1579 1391; x_wconf 86' lang='lat' dir='ltr'>In</span> <span class='ocrx_word' id='word_1_720' title='bbox 1594 1365 1659 1390; x_wconf 88' lang='lat' dir='ltr'>mira</span> <span class='ocrx_word' id='word_1_721' title='bbox 1672 1366 1795 1390; x_wconf 79' lang='lat' dir='ltr'>varietate</span> <span class='ocrx_word' id='word_1_722' title='bbox 1807 1364 1829 1389; x_wconf 80' lang='lat' dir='ltr'>le</span> <span class='ocrx_word' id='word_1_723' title='bbox 1857 1364 1924 1388; x_wconf 82' lang='lat' dir='ltr'>ionis</span> <span class='ocrx_word' id='word_1_724' title='bbox 1940 1369 1964 1388; x_wconf 81' lang='lat' dir='ltr'>et</span> <span class='ocrx_word' id='word_1_725' title='bbox 1977 1360 2191 1394; x_wconf 53' lang='lat' dir='ltr'>coniecturarum,</span> <span class='ocrx_word' id='word_1_726' title='bbox 2204 1360 2375 1397; x_wconf 67' lang='lat' dir='ltr'>planiffimum·</span> <span class='ocrx_word' id='word_1_727' title='bbox 2385 1342 2429 1379; x_wconf 47' lang='lat' dir='ltr'>&#39;‘l-4</span> 
     </span>
     <span class='ocr_line' id='line_1_71' title="bbox 290 1396 2429 1441; baseline -0.008 0"><span class='ocrx_word' id='word_1_728' title='bbox 290 1423 383 1441; x_wconf 87' lang='lat' dir='ltr'>norem</span> <span class='ocrx_word' id='word_1_729' title='bbox 397 1411 529 1439; x_wconf 86' lang='lat' dir='ltr'>inuidiam</span> <span class='ocrx_word' id='word_1_730' title='bbox 550 1409 700 1436; x_wconf 88' lang='lat' dir='ltr'>aulicorum</span> <span class='ocrx_word' id='word_1_731' title='bbox 721 1407 832 1441; x_wconf 82' lang='lat' dir='ltr'>excepit.</span> <span class='ocrx_word' id='word_1_732' title='bbox 886 1405 994 1431; x_wconf 89' lang='lat' dir='ltr'>Sueton.</span> <span class='ocrx_word' id='word_1_733' title='bbox 1009 1403 1095 1438; x_wconf 80' lang='lat' dir='ltr'>Calig.</span> <span class='ocrx_word' id='word_1_734' title='bbox 1113 1411 1140 1436; x_wconf 82' lang='lat'>19</span> <span class='ocrx_word' id='word_1_735' title='bbox 1158 1402 1243 1428; x_wconf 83' lang='lat' dir='ltr'>Causa</span> <span class='ocrx_word' id='word_1_736' title='bbox 1257 1401 1290 1428; x_wconf 87' lang='lat' dir='ltr'>ab</span> <span class='ocrx_word' id='word_1_737' title='bbox 1305 1401 1345 1427; x_wconf 84' lang='lat' dir='ltr'>&#39;m-</span> <span class='ocrx_word' id='word_1_738' title='bbox 1399 1398 1432 1433; x_wconf 72' lang='lat' dir='ltr'>est</span> <span class='ocrx_word' id='word_1_739' title='bbox 1453 1399 1624 1432; x_wconf 81' lang='lat' dir='ltr'>Armarium,</span> <span class='ocrx_word' id='word_1_740' title='bbox 1647 1398 1712 1436; x_wconf 83' lang='lat' dir='ltr'>quod</span> <span class='ocrx_word' id='word_1_741' title='bbox 1726 1408 1742 1426; x_wconf 90' lang='lat' dir='ltr'>a</span> <span class='ocrx_word' id='word_1_742' title='bbox 1758 1396 1870 1426; x_wconf 56' lang='lat' dir='ltr'>distante</span> <span class='ocrx_word' id='word_1_743' title='bbox 1889 1398 2039 1425; x_wconf 75' lang='lat' dir='ltr'>balbutiente</span> <span class='ocrx_word' id='word_1_744' title='bbox 2057 1399 2134 1424; x_wconf 77' lang='lat' dir='ltr'>nimis</span> <span class='ocrx_word' id='word_1_745' title='bbox 2146 1397 2229 1434; x_wconf 79' lang='lat' dir='ltr'>facile</span> <span class='ocrx_word' id='word_1_746' title='bbox 2249 1399 2277 1424; x_wconf 83' lang='lat' dir='ltr'>in</span> <span class='ocrx_word' id='word_1_747' title='bbox 2290 1397 2386 1425; x_wconf 81' lang='grc' dir='ltr'><strong>Λιιιιιιι,</strong></span> <span class='ocrx_word' id='word_1_748' title='bbox 2411 1396 2429 1432; x_wconf 47' lang='lat'>³7.</span> 
     </span>
    </p>
   </div>
   <div class='ocr_carea' id='block_1_12' title="bbox 283 1437 2422 1667">
    <p class='ocr_par' dir='ltr' id='par_1_12' title="bbox 283 1437 2422 1559">
     <span class='ocr_line' id='line_1_72' title="bbox 290 1437 2422 1480; baseline -0.013 -2"><span class='ocrx_word' id='word_1_749' title='bbox 290 1449 437 1477; x_wconf 85' lang='lat' dir='ltr'>terioribus</span> <span class='ocrx_word' id='word_1_750' title='bbox 455 1446 549 1474; x_wconf 84' lang='lat' dir='ltr'>aulicis</span> <span class='ocrx_word' id='word_1_751' title='bbox 569 1445 684 1480; x_wconf 83' lang='lat' dir='ltr'>prodita.</span> <span class='ocrx_word' id='word_1_752' title='bbox 738 1441 902 1469; x_wconf 87' lang='lat' dir='ltr'>Canentibus</span> <span class='ocrx_word' id='word_1_753' title='bbox 921 1440 1015 1467; x_wconf 81' lang='lat' dir='ltr'>aulicis</span> <span class='ocrx_word' id='word_1_754' title='bbox 1032 1439 1129 1467; x_wconf 59' lang='lat' dir='ltr'>Victor</span> <span class='ocrx_word' id='word_1_755' title='bbox 1148 1437 1181 1464; x_wconf 91' lang='lat' dir='ltr'>de</span> <span class='ocrx_word' id='word_1_756' title='bbox 1195 1438 1268 1465; x_wconf 85' lang='lat' dir='ltr'>Caes.</span> <span class='ocrx_word' id='word_1_757' title='bbox 1287 1446 1308 1464; x_wconf 89' lang='lat' dir='ltr'>c.</span> <span class='ocrx_word' id='word_1_758' title='bbox 1324 1438 1386 1470; x_wconf 71' lang='grc' dir='ltr'>5.ὃὶ</span> <span class='ocrx_word' id='word_1_759' title='bbox 1399 1438 1497 1463; x_wconf 75' lang='lat' dir='ltr'>mutari</span> <span class='ocrx_word' id='word_1_760' title='bbox 1510 1437 1606 1472; x_wconf 76' lang='lat' dir='ltr'>potuit.</span> <span class='ocrx_word' id='word_1_761' title='bbox 2380 1446 2385 1458; x_wconf 63' lang='lat' dir='ltr'><em>a</em></span> <span class='ocrx_word' id='word_1_762' title='bbox 2407 1446 2422 1457; x_wconf 73' lang='grc'>,,,</span> 
     </span>
     <span class='ocr_line' id='line_1_73' title="bbox 291 1472 2416 1522; baseline -0.017 -9"><span class='ocrx_word' id='word_1_763' title='bbox 291 1486 365 1522; x_wconf 88' lang='lat' dir='ltr'>Conf.</span> <span class='ocrx_word' id='word_1_764' title='bbox 380 1485 502 1512; x_wconf 89' lang='lat' dir='ltr'>Mamert.</span> <span class='ocrx_word' id='word_1_765' title='bbox 516 1482 589 1508; x_wconf 89' lang='lat' dir='ltr'>Grat.</span> <span class='ocrx_word' id='word_1_766' title='bbox 603 1480 654 1506; x_wconf 71' lang='lat' dir='ltr'>aet.</span> <span class='ocrx_word' id='word_1_767' title='bbox 667 1479 700 1506; x_wconf 90' lang='lat' dir='ltr'>ad</span> <span class='ocrx_word' id='word_1_768' title='bbox 714 1478 763 1505; x_wconf 90' lang='lat' dir='ltr'>Iul.</span> <span class='ocrx_word' id='word_1_769' title='bbox 784 1487 807 1505; x_wconf 93' lang='lat' dir='ltr'>c.</span> <span class='ocrx_word' id='word_1_770' title='bbox 823 1486 846 1504; x_wconf 91' lang='lat'>11</span> <span class='ocrx_word' id='word_1_771' title='bbox 871 1484 894 1503; x_wconf 73' lang='lat' dir='ltr'>rt</span> <span class='ocrx_word' id='word_1_772' title='bbox 913 1485 950 1510; x_wconf 91' lang='lat'>19.</span> <span class='ocrx_word' id='word_1_773' title='bbox 1107 1472 1129 1513; x_wconf 54' lang='lat' dir='ltr'><strong>ff</strong></span> <span class='ocrx_word' id='word_1_774' title='bbox 1150 1483 1163 1507; x_wconf 84' lang='lat'>3</span> <span class='ocrx_word' id='word_1_775' title='bbox 1188 1475 1251 1501; x_wconf 78' lang='lat' dir='ltr'>Alia</span> <span class='ocrx_word' id='word_1_776' title='bbox 1261 1472 1345 1510; x_wconf 68' lang='lat' dir='ltr'>figni.</span> <span class='ocrx_word' id='word_1_777' title='bbox 1802 1473 1830 1505; x_wconf 75' lang='lat' dir='ltr'>A</span> <span class='ocrx_word' id='word_1_778' title='bbox 1903 1473 1934 1503; x_wconf 84' lang='lat' dir='ltr'>V</span> <span class='ocrx_word' id='word_1_779' title='bbox 2007 1472 2036 1504; x_wconf 86' lang='lat' dir='ltr'>O</span> <span class='ocrx_word' id='word_1_780' title='bbox 2414 1479 2416 1483; x_wconf 68' lang='grc'>,</span> 
     </span>
     <span class='ocr_line' id='line_1_74' title="bbox 283 1512 1009 1559; baseline -0.015 -10"><span class='ocrx_word' id='word_1_781' title='bbox 283 1522 421 1559; x_wconf 61' lang='lat' dir='ltr'>jin-atione,</span> <span class='ocrx_word' id='word_1_782' title='bbox 441 1519 471 1546; x_wconf 83' lang='lat' dir='ltr'>ab</span> <span class='ocrx_word' id='word_1_783' title='bbox 483 1517 560 1544; x_wconf 71' lang='grc' dir='ltr'>ἐυλός</span> <span class='ocrx_word' id='word_1_784' title='bbox 580 1516 660 1548; x_wconf 76' lang='lat' dir='ltr'>tibia,</span> <span class='ocrx_word' id='word_1_785' title='bbox 679 1514 733 1542; x_wconf 80' lang='lat' dir='ltr'>vicl.</span> <span class='ocrx_word' id='word_1_786' title='bbox 743 1512 800 1550; x_wconf 61' lang='lat' dir='ltr'>past</span> <span class='ocrx_word' id='word_1_787' title='bbox 818 1518 1009 1540; x_wconf 70' lang='lat' dir='ltr'>AVLETicvs.</span> 
     </span>
    </p>

    <p class='ocr_par' dir='ltr' id='par_1_13' title="bbox 288 1538 2421 1667">
     <span class='ocr_line' id='line_1_75' title="bbox 329 1538 2421 1586; baseline -0.015 -4"><span class='ocrx_word' id='word_1_788' title='bbox 329 1561 511 1586; x_wconf 73' lang='lat' dir='ltr'>AVLAEA‚</span> <span class='ocrx_word' id='word_1_789' title='bbox 530 1561 619 1579; x_wconf 89' lang='lat' dir='ltr'>orum.</span> <span class='ocrx_word' id='word_1_790' title='bbox 654 1560 681 1577; x_wconf 89' lang='lat' dir='ltr'>n.</span> <span class='ocrx_word' id='word_1_791' title='bbox 720 1550 855 1583; x_wconf 69' lang='grc' dir='ltr'><strong>[αὐλαῖαι]</strong></span> <span class='ocrx_word' id='word_1_792' title='bbox 899 1549 957 1575; x_wconf 77' lang='lat' dir='ltr'>Fere</span> <span class='ocrx_word' id='word_1_793' title='bbox 970 1550 999 1573; x_wconf 79' lang='lat' dir='ltr'>in</span> <span class='ocrx_word' id='word_1_794' title='bbox 1009 1547 1048 1583; x_wconf 81' lang='lat' dir='ltr'>pl.</span> <span class='ocrx_word' id='word_1_795' title='bbox 1061 1547 1169 1583; x_wconf 76' lang='lat' dir='ltr'>legitur,</span> <span class='ocrx_word' id='word_1_796' title='bbox 1188 1551 1214 1571; x_wconf 83' lang='lat' dir='ltr'>et</span> <span class='ocrx_word' id='word_1_797' title='bbox 1231 1544 1264 1571; x_wconf 88' lang='lat' dir='ltr'>ab</span> <span class='ocrx_word' id='word_1_798' title='bbox 1277 1544 1347 1571; x_wconf 84' lang='lat' dir='ltr'>Aula</span> <span class='ocrx_word' id='word_1_799' title='bbox 1436 1541 1590 1576; x_wconf 76' lang='lat' dir='ltr'>Av6eo‚</span> <span class='ocrx_word' id='word_1_800' title='bbox 1618 1546 1673 1569; x_wconf 64' lang='lat' dir='ltr'>are.</span> <span class='ocrx_word' id='word_1_801' title='bbox 1709 1541 1874 1577; x_wconf 46' lang='lat' dir='ltr'>[oe’noxoezz&#39;ffi</span> <span class='ocrx_word' id='word_1_802' title='bbox 1896 1542 2041 1579; x_wconf 53' lang='grc' dir='ltr'>ἐκπρὲπω]</span> <span class='ocrx_word' id='word_1_803' title='bbox 2088 1541 2205 1570; x_wconf 67' lang='lat' dir='ltr'><em>vocando</em></span> <span class='ocrx_word' id='word_1_804' title='bbox 2217 1544 2345 1577; x_wconf 59' lang='lat' dir='ltr'>Primum,</span> <span class='ocrx_word' id='word_1_805' title='bbox 2367 1554 2389 1568; x_wconf 19' lang='grc' dir='ltr'>,ἵ</span> <span class='ocrx_word' id='word_1_806' title='bbox 2418 1538 2421 1549; x_wconf 66' lang='lat'><em>2</em></span> 
     </span>
     <span class='ocr_line' id='line_1_76' title="bbox 289 1574 2354 1627; baseline -0.009 -6"><span class='ocrx_word' id='word_1_807' title='bbox 289 1594 438 1621; x_wconf 58' lang='lat' dir='ltr'>clamatur,-</span> <span class='ocrx_word' id='word_1_808' title='bbox 450 1588 628 1627; x_wconf 78' lang='lat' dir='ltr'>stgnificatque</span> <span class='ocrx_word' id='word_1_809' title='bbox 642 1588 812 1617; x_wconf 82' lang='lat' dir='ltr'>Ornamenta,</span> <span class='ocrx_word' id='word_1_810' title='bbox 832 1583 920 1621; x_wconf 81' lang='lat' dir='ltr'>quibus</span> <span class='ocrx_word' id='word_1_811' title='bbox 934 1584 1003 1610; x_wconf 81' lang='lat' dir='ltr'>aulae</span> <span class='ocrx_word' id='word_1_812' title='bbox 1022 1589 1046 1608; x_wconf 73' lang='lat' dir='ltr'>et</span> <span class='ocrx_word' id='word_1_813' title='bbox 1060 1585 1130 1609; x_wconf 85' lang='lat' dir='ltr'>atria</span> <span class='ocrx_word' id='word_1_814' title='bbox 1149 1591 1198 1619; x_wconf 85' lang='lat' dir='ltr'>qua</span> <span class='ocrx_word' id='word_1_815' title='bbox 1210 1588 1345 1614; x_wconf 82' lang='lat' dir='ltr'>ornantur,</span> <span class='ocrx_word' id='word_1_816' title='bbox 1417 1589 1542 1616; x_wconf 78' lang='lat' dir='ltr'>uacunque</span> <span class='ocrx_word' id='word_1_817' title='bbox 1567 1581 1619 1606; x_wconf 81' lang='lat' dir='ltr'>alia</span> <span class='ocrx_word' id='word_1_818' title='bbox 1643 1581 1760 1612; x_wconf 71' lang='lat' dir='ltr'>ratione,</span> <span class='ocrx_word' id='word_1_819' title='bbox 1783 1580 1910 1606; x_wconf 70' lang='lat' dir='ltr'>retrahere</span> <span class='ocrx_word' id='word_1_820' title='bbox 1935 1586 2008 1615; x_wconf 84' lang='lat' dir='ltr'>atque</span> <span class='ocrx_word' id='word_1_821' title='bbox 2032 1585 2151 1605; x_wconf 77' lang='lat' dir='ltr'>auertere.</span> <span class='ocrx_word' id='word_1_822' title='bbox 2228 1578 2285 1604; x_wconf 90' lang='lat' dir='ltr'>Cic.</span> <span class='ocrx_word' id='word_1_823' title='bbox 2306 1574 2354 1613; x_wconf 80' lang='lat' dir='ltr'>pro</span> 
     </span>
     <span class='ocr_line' id='line_1_77' title="bbox 288 1590 2320 1667; baseline -0.008 -11"><span class='ocrx_word' id='word_1_824' title='bbox 288 1639 339 1667; x_wconf 88' lang='lat' dir='ltr'>qua</span> <span class='ocrx_word' id='word_1_825' title='bbox 350 1635 437 1656; x_wconf 84' lang='lat' dir='ltr'>contra</span> <span class='ocrx_word' id='word_1_826' title='bbox 450 1623 550 1653; x_wconf 70' lang='lat' dir='ltr'>inuefla</span> <span class='ocrx_word' id='word_1_827' title='bbox 563 1630 637 1650; x_wconf 79' lang='lat' dir='ltr'>vento</span> <span class='ocrx_word' id='word_1_828' title='bbox 648 1625 804 1648; x_wconf 77' lang='lat' dir='ltr'>muniuntur.</span> <span class='ocrx_word' id='word_1_829' title='bbox 840 1621 969 1648; x_wconf 79' lang='lat' dir='ltr'>Sollcmnis</span> <span class='ocrx_word' id='word_1_830' title='bbox 986 1628 1067 1645; x_wconf 80' lang='lat' dir='ltr'>corum</span> <span class='ocrx_word' id='word_1_831' title='bbox 1080 1617 1139 1654; x_wconf 78' lang='lat' dir='ltr'>usus</span> <span class='ocrx_word' id='word_1_832' title='bbox 1153 1621 1181 1644; x_wconf 86' lang='lat' dir='ltr'>in</span> <span class='ocrx_word' id='word_1_833' title='bbox 1188 1618 1298 1644; x_wconf 78' lang='lat' dir='ltr'>theatris</span> <span class='ocrx_word' id='word_1_834' title='bbox 1312 1616 1385 1648; x_wconf 83' lang='lat' dir='ltr'>ad40</span> <span class='ocrx_word' id='word_1_835' title='bbox 1399 1590 1489 1644; x_wconf 46' lang='lat' dir='ltr'>amer.</span> <span class='ocrx_word' id='word_1_836' title='bbox 1509 1624 1545 1649; x_wconf 92' lang='lat'>90</span> <span class='ocrx_word' id='word_1_837' title='bbox 1570 1615 1637 1642; x_wconf 90' lang='lat' dir='ltr'>Non</span> <span class='ocrx_word' id='word_1_838' title='bbox 1661 1616 1758 1641; x_wconf 83' lang='lat' dir='ltr'>necesse</span> <span class='ocrx_word' id='word_1_839' title='bbox 1785 1615 1822 1641; x_wconf 85' lang='lat' dir='ltr'>est</span> <span class='ocrx_word' id='word_1_840' title='bbox 1844 1623 1935 1641; x_wconf 87' lang='lat' dir='ltr'>omnes</span> <span class='ocrx_word' id='word_1_841' title='bbox 1959 1622 2169 1641; x_wconf 86' lang='lat' dir='ltr'>commemorare</span> <span class='ocrx_word' id='word_1_842' title='bbox 2181 1614 2301 1640; x_wconf 78' lang='lat' dir='ltr'>‘Curtios</span> <span class='ocrx_word' id='word_1_843' title='bbox 2312 1634 2320 1646; x_wconf 95' lang='lat'><em>‚</em></span> 
     </span>
    </p>
   </div>
   <div class='ocr_carea' id='block_1_13' title="bbox 282 1640 2440 2770">
    <p class='ocr_par' dir='ltr' id='par_1_14' title="bbox 282 1640 2440 2770">
     <span class='ocr_line' id='line_1_78' title="bbox 282 1640 2421 1728; baseline -0.007 -36"><span class='ocrx_word' id='word_1_844' title='bbox 282 1666 385 1728; x_wconf 54' lang='lat' dir='ltr'>{renam</span> <span class='ocrx_word' id='word_1_845' title='bbox 395 1661 533 1699; x_wconf 73' lang='lat' dir='ltr'>tegendam.</span> <span class='ocrx_word' id='word_1_846' title='bbox 571 1661 609 1686; x_wconf 75' lang='lat' dir='ltr'>De</span> <span class='ocrx_word' id='word_1_847' title='bbox 616 1658 739 1691; x_wconf 76' lang='lat' dir='ltr'>hisVirg.</span> <span class='ocrx_word' id='word_1_848' title='bbox 748 1658 845 1690; x_wconf 84' lang='lat' dir='ltr'>Georg.</span> <span class='ocrx_word' id='word_1_849' title='bbox 854 1665 876 1688; x_wconf 83' lang='grc'>3,</span> <span class='ocrx_word' id='word_1_850' title='bbox 885 1664 914 1688; x_wconf 80' lang='lat'>25</span> <span class='ocrx_word' id='word_1_851' title='bbox 929 1656 1064 1689; x_wconf 87' lang='lat' dir='ltr'>Purpurea</span> <span class='ocrx_word' id='word_1_852' title='bbox 1079 1654 1177 1680; x_wconf 83' lang='lat' dir='ltr'>intexti</span> <span class='ocrx_word' id='word_1_853' title='bbox 1190 1653 1285 1679; x_wconf 86' lang='lat' dir='ltr'>tollant</span> <span class='ocrx_word' id='word_1_854' title='bbox 1299 1662 1344 1679; x_wconf 91' lang='lat' dir='ltr'>au-</span> <span class='ocrx_word' id='word_1_855' title='bbox 1399 1652 1517 1687; x_wconf 89' lang='lat' dir='ltr'>denique</span> <span class='ocrx_word' id='word_1_856' title='bbox 1530 1652 1696 1683; x_wconf 86' lang='lat' dir='ltr'>Mamercos,</span> <span class='ocrx_word' id='word_1_857' title='bbox 1714 1659 1783 1685; x_wconf 87' lang='lat' dir='ltr'>quos</span> <span class='ocrx_word' id='word_1_858' title='bbox 1798 1651 1850 1677; x_wconf 91' lang='lat' dir='ltr'>iam</span> <span class='ocrx_word' id='word_1_859' title='bbox 1864 1657 1933 1678; x_wconf 82' lang='lat' dir='ltr'>aetas</span> <span class='ocrx_word' id='word_1_860' title='bbox 1951 1659 1966 1677; x_wconf 87' lang='lat' dir='ltr'>a</span> <span class='ocrx_word' id='word_1_861' title='bbox 1980 1651 2086 1685; x_wconf 89' lang='lat' dir='ltr'>praeliis</span> <span class='ocrx_word' id='word_1_862' title='bbox 2101 1648 2238 1676; x_wconf 88' lang='lat' dir='ltr'>auocabat.</span> <span class='ocrx_word' id='word_1_863' title='bbox 2309 1649 2385 1677; x_wconf 53' lang='lat' dir='ltr'>Idem*</span> <span class='ocrx_word' id='word_1_864' title='bbox 2404 1640 2421 1678; x_wconf 57' lang='grc' dir='ltr'>,ἶ</span> 
     </span>
     <span class='ocr_line' id='line_1_79' title="bbox 302 1678 2429 1728; baseline -0.008 -3"><span class='ocrx_word' id='word_1_865' title='bbox 302 1710 348 1728; x_wconf 75' lang='lat' dir='ltr'>aea</span> <span class='ocrx_word' id='word_1_866' title='bbox 359 1698 489 1727; x_wconf 89' lang='lat' dir='ltr'>Britanni.</span> <span class='ocrx_word' id='word_1_867' title='bbox 532 1695 580 1723; x_wconf 79' lang='lat' dir='ltr'>Vbi</span> <span class='ocrx_word' id='word_1_868' title='bbox 593 1695 666 1720; x_wconf 82' lang='lat' dir='ltr'>Seru.</span> <span class='ocrx_word' id='word_1_869' title='bbox 688 1694 746 1719; x_wconf 87' lang='lat' dir='ltr'>Hoc</span> <span class='ocrx_word' id='word_1_870' title='bbox 760 1692 902 1718; x_wconf 83' lang='lat' dir='ltr'>secundum</span> <span class='ocrx_word' id='word_1_871' title='bbox 916 1690 1056 1718; x_wconf 84' lang='lat' dir='ltr'>historiam</span> <span class='ocrx_word' id='word_1_872' title='bbox 1070 1690 1106 1716; x_wconf 87' lang='lat' dir='ltr'>est</span> <span class='ocrx_word' id='word_1_873' title='bbox 1118 1689 1256 1724; x_wconf 86' lang='lat' dir='ltr'>loquutus.</span> <span class='ocrx_word' id='word_1_874' title='bbox 1283 1698 1346 1715; x_wconf 91' lang='lat' dir='ltr'>nam</span> <span class='ocrx_word' id='word_1_875' title='bbox 1400 1688 1479 1715; x_wconf 90' lang='lat' dir='ltr'>Arch.</span> <span class='ocrx_word' id='word_1_876' title='bbox 1495 1696 1523 1714; x_wconf 86' lang='lat'>12.</span> <span class='ocrx_word' id='word_1_877' title='bbox 1544 1688 1589 1714; x_wconf 90' lang='lat' dir='ltr'>Me</span> <span class='ocrx_word' id='word_1_878' title='bbox 1603 1692 1692 1713; x_wconf 85' lang='lat' dir='ltr'>autem</span> <span class='ocrx_word' id='word_1_879' title='bbox 1712 1686 1778 1721; x_wconf 88' lang='lat' dir='ltr'>quid</span> <span class='ocrx_word' id='word_1_880' title='bbox 1791 1686 1902 1721; x_wconf 87' lang='lat' dir='ltr'>pudeat,</span> <span class='ocrx_word' id='word_1_881' title='bbox 1923 1687 1971 1721; x_wconf 88' lang='lat' dir='ltr'>qui</span> <span class='ocrx_word' id='word_1_882' title='bbox 1990 1688 2029 1713; x_wconf 83' lang='lat' dir='ltr'>tot</span> <span class='ocrx_word' id='word_1_883' title='bbox 2049 1695 2130 1712; x_wconf 87' lang='lat' dir='ltr'>annos</span> <span class='ocrx_word' id='word_1_884' title='bbox 2150 1686 2187 1712; x_wconf 85' lang='lat' dir='ltr'>ita</span> <span class='ocrx_word' id='word_1_885' title='bbox 2205 1686 2271 1712; x_wconf 83' lang='lat' dir='ltr'>vino</span> <span class='ocrx_word' id='word_1_886' title='bbox 2284 1685 2384 1712; x_wconf 70' lang='lat' dir='ltr'>Iudice}</span> <span class='ocrx_word' id='word_1_887' title='bbox 2398 1678 2429 1709; x_wconf 61' lang='grc' dir='ltr'><strong>.”“ι·</strong></span> 
     </span>
     <span class='ocr_line' id='line_1_80' title="bbox 290 1717 2430 1771; baseline -0.007 -9"><span class='ocrx_word' id='word_1_888' title='bbox 290 1735 431 1771; x_wconf 75' lang='lat' dir='ltr'>Augustus,</span> <span class='ocrx_word' id='word_1_889' title='bbox 445 1732 584 1768; x_wconf 83' lang='lat' dir='ltr'>postquam</span> <span class='ocrx_word' id='word_1_890' title='bbox 596 1729 662 1756; x_wconf 88' lang='lat' dir='ltr'>vicit</span> <span class='ocrx_word' id='word_1_891' title='bbox 675 1729 840 1755; x_wconf 86' lang='lat' dir='ltr'>Britanniam</span> <span class='ocrx_word' id='word_1_892' title='bbox 850 1747 858 1759; x_wconf 91' lang='lat'>,</span> <span class='ocrx_word' id='word_1_893' title='bbox 876 1727 1006 1761; x_wconf 82' lang='lat' dir='ltr'>plurimos</span> <span class='ocrx_word' id='word_1_894' title='bbox 1021 1725 1052 1752; x_wconf 86' lang='lat' dir='ltr'>de</span> <span class='ocrx_word' id='word_1_895' title='bbox 1072 1725 1195 1760; x_wconf 75' lang='lat' dir='ltr'>captiuiS,</span> <span class='ocrx_word' id='word_1_896' title='bbox 1214 1733 1281 1759; x_wconf 88' lang='lat' dir='ltr'>quos</span> <span class='ocrx_word' id='word_1_897' title='bbox 1299 1723 1344 1750; x_wconf 88' lang='lat' dir='ltr'>ad·</span> <span class='ocrx_word' id='word_1_898' title='bbox 1399 1724 1432 1751; x_wconf 90' lang='lat' dir='ltr'>ab</span> <span class='ocrx_word' id='word_1_899' title='bbox 1449 1723 1503 1749; x_wconf 86' lang='lat' dir='ltr'>illis</span> <span class='ocrx_word' id='word_1_900' title='bbox 1516 1722 1592 1749; x_wconf 89' lang='lat' dir='ltr'>nullo</span> <span class='ocrx_word' id='word_1_901' title='bbox 1605 1731 1648 1748; x_wconf 86' lang='lat' dir='ltr'>me</span> <span class='ocrx_word' id='word_1_902' title='bbox 1662 1730 1780 1756; x_wconf 85' lang='lat' dir='ltr'>vnquam</span> <span class='ocrx_word' id='word_1_903' title='bbox 1792 1728 1930 1757; x_wconf 88' lang='lat' dir='ltr'>tempore,</span> <span class='ocrx_word' id='word_1_904' title='bbox 1946 1729 1991 1749; x_wconf 88' lang='lat' dir='ltr'>aut</span> <span class='ocrx_word' id='word_1_905' title='bbox 2003 1721 2188 1752; x_wconf 86' lang='lat' dir='ltr'>commodum,</span> <span class='ocrx_word' id='word_1_906' title='bbox 2203 1727 2247 1748; x_wconf 88' lang='lat' dir='ltr'>aut</span> <span class='ocrx_word' id='word_1_907' title='bbox 2261 1722 2347 1748; x_wconf 90' lang='lat' dir='ltr'>otium</span> <span class='ocrx_word' id='word_1_908' title='bbox 2392 1732 2402 1746; x_wconf 71' lang='grc' dir='ltr'>-ι</span> <span class='ocrx_word' id='word_1_909' title='bbox 2426 1717 2430 1730; x_wconf 84' lang='grc'><strong>“</strong></span> 
     </span>
     <span class='ocr_line' id='line_1_81' title="bbox 290 1750 2430 1803; baseline -0.007 -4"><span class='ocrx_word' id='word_1_910' title='bbox 290 1773 417 1803; x_wconf 84' lang='lat' dir='ltr'>duxerat,</span> <span class='ocrx_word' id='word_1_911' title='bbox 433 1768 546 1796; x_wconf 85' lang='lat' dir='ltr'>donauit</span> <span class='ocrx_word' id='word_1_912' title='bbox 560 1766 592 1793; x_wconf 90' lang='lat' dir='ltr'>ad</span> <span class='ocrx_word' id='word_1_913' title='bbox 605 1763 693 1792; x_wconf 87' lang='lat' dir='ltr'>officia</span> <span class='ocrx_word' id='word_1_914' title='bbox 706 1763 855 1790; x_wconf 85' lang='lat' dir='ltr'>theatralia.</span> <span class='ocrx_word' id='word_1_915' title='bbox 894 1762 974 1788; x_wconf 91' lang='lat' dir='ltr'>Dedit</span> <span class='ocrx_word' id='word_1_916' title='bbox 988 1762 1070 1788; x_wconf 84' lang='lat' dir='ltr'>etiam</span> <span class='ocrx_word' id='word_1_917' title='bbox 1082 1762 1190 1793; x_wconf 87' lang='lat' dir='ltr'>aulaea,</span> <span class='ocrx_word' id='word_1_918' title='bbox 1208 1760 1236 1786; x_wconf 91' lang='lat' dir='ltr'>id</span> <span class='ocrx_word' id='word_1_919' title='bbox 1249 1759 1286 1786; x_wconf 91' lang='lat' dir='ltr'>est</span> <span class='ocrx_word' id='word_1_920' title='bbox 1299 1768 1344 1786; x_wconf 88' lang='lat' dir='ltr'>ve·</span> <span class='ocrx_word' id='word_1_921' title='bbox 1400 1759 1557 1786; x_wconf 84' lang='lat' dir='ltr'>abstraxerit</span> <span class='ocrx_word' id='word_1_922' title='bbox 1567 1778 1576 1790; x_wconf 95' lang='lat'>‚</span> <span class='ocrx_word' id='word_1_923' title='bbox 1595 1763 1641 1784; x_wconf 86' lang='lat' dir='ltr'>aut</span> <span class='ocrx_word' id='word_1_924' title='bbox 1659 1757 1782 1792; x_wconf 89' lang='lat' dir='ltr'>voluptas</span> <span class='ocrx_word' id='word_1_925' title='bbox 1800 1758 1936 1790; x_wconf 84' lang='lat' dir='ltr'>auocarit,</span> <span class='ocrx_word' id='word_1_926' title='bbox 1963 1764 2008 1785; x_wconf 88' lang='lat' dir='ltr'>aut</span> <span class='ocrx_word' id='word_1_927' title='bbox 2028 1758 2144 1792; x_wconf 90' lang='lat' dir='ltr'>denique</span> <span class='ocrx_word' id='word_1_928' title='bbox 2163 1758 2268 1784; x_wconf 85' lang='lat' dir='ltr'>somnus</span> <span class='ocrx_word' id='word_1_929' title='bbox 2287 1750 2430 1785; x_wconf 50' lang='lat' dir='ltr'>retardari!</span> 
     </span>
     <span class='ocr_line' id='line_1_82' title="bbox 290 1792 2411 1840; baseline -0.007 -5"><span class='ocrx_word' id='word_1_930' title='bbox 290 1808 405 1839; x_wconf 80' lang='lat' dir='ltr'>lamina,</span> <span class='ocrx_word' id='word_1_931' title='bbox 421 1805 451 1831; x_wconf 89' lang='lat' dir='ltr'>in</span> <span class='ocrx_word' id='word_1_932' title='bbox 470 1803 568 1840; x_wconf 84' lang='lat' dir='ltr'>quibus</span> <span class='ocrx_word' id='word_1_933' title='bbox 587 1801 742 1836; x_wconf 84' lang='lat' dir='ltr'>depinxerat</span> <span class='ocrx_word' id='word_1_934' title='bbox 759 1798 889 1825; x_wconf 60' lang='lat' dir='ltr'>victorias</span> <span class='ocrx_word' id='word_1_935' title='bbox 909 1798 981 1829; x_wconf 84' lang='lat' dir='ltr'>suas,</span> <span class='ocrx_word' id='word_1_936' title='bbox 1004 1802 1030 1823; x_wconf 90' lang='lat' dir='ltr'>et</span> <span class='ocrx_word' id='word_1_937' title='bbox 1048 1796 1275 1831; x_wconf 87' lang='lat' dir='ltr'>quemadmodum</span> <span class='ocrx_word' id='word_1_938' title='bbox 1288 1796 1382 1828; x_wconf 79' lang='lat' dir='ltr'>Bri-45</span> <span class='ocrx_word' id='word_1_939' title='bbox 1401 1797 1432 1823; x_wconf 83' lang='lat' dir='ltr'>Et</span> <span class='ocrx_word' id='word_1_940' title='bbox 1449 1794 1481 1821; x_wconf 92' lang='lat' dir='ltr'>de</span> <span class='ocrx_word' id='word_1_941' title='bbox 1493 1794 1587 1828; x_wconf 86' lang='lat' dir='ltr'>Arusp.</span> <span class='ocrx_word' id='word_1_942' title='bbox 1602 1793 1677 1828; x_wconf 86' lang='lat' dir='ltr'>Resp.</span> <span class='ocrx_word' id='word_1_943' title='bbox 1698 1798 1723 1822; x_wconf 90' lang='lat'>18</span> <span class='ocrx_word' id='word_1_944' title='bbox 1745 1802 1766 1819; x_wconf 89' lang='lat' dir='ltr'>c.</span> <span class='ocrx_word' id='word_1_945' title='bbox 1783 1801 1800 1826; x_wconf 89' lang='lat'><em>9</em></span> <span class='ocrx_word' id='word_1_946' title='bbox 1822 1793 1919 1827; x_wconf 88' lang='lat' dir='ltr'>Neque</span> <span class='ocrx_word' id='word_1_947' title='bbox 1932 1793 1954 1819; x_wconf 91' lang='lat' dir='ltr'>is</span> <span class='ocrx_word' id='word_1_948' title='bbox 1970 1795 2041 1825; x_wconf 83' lang='lat' dir='ltr'>sum,</span> <span class='ocrx_word' id='word_1_949' title='bbox 2055 1794 2101 1827; x_wconf 92' lang='lat' dir='ltr'>qui</span> <span class='ocrx_word' id='word_1_950' title='bbox 2117 1793 2180 1819; x_wconf 88' lang='lat' dir='ltr'>sicui</span> <span class='ocrx_word' id='word_1_951' title='bbox 2193 1793 2264 1820; x_wconf 87' lang='lat' dir='ltr'>forte</span> <span class='ocrx_word' id='word_1_952' title='bbox 2277 1793 2370 1820; x_wconf 88' lang='lat' dir='ltr'>videor</span> <span class='ocrx_word' id='word_1_953' title='bbox 2381 1792 2411 1829; x_wconf 62' lang='grc' dir='ltr'>μ’</span> 
     </span>
     <span class='ocr_line' id='line_1_83' title="bbox 289 1827 2428 1872; baseline -0.007 -1"><span class='ocrx_word' id='word_1_954' title='bbox 289 1843 366 1872; x_wconf 86' lang='lat' dir='ltr'>tanni</span> <span class='ocrx_word' id='word_1_955' title='bbox 379 1842 412 1870; x_wconf 86' lang='lat' dir='ltr'>ab</span> <span class='ocrx_word' id='word_1_956' title='bbox 429 1850 462 1868; x_wconf 91' lang='lat' dir='ltr'>eo</span> <span class='ocrx_word' id='word_1_957' title='bbox 474 1839 582 1871; x_wconf 86' lang='lat' dir='ltr'>donati,</span> <span class='ocrx_word' id='word_1_958' title='bbox 599 1837 690 1864; x_wconf 86' lang='lat' dir='ltr'>eadem</span> <span class='ocrx_word' id='word_1_959' title='bbox 707 1835 766 1862; x_wconf 87' lang='lat' dir='ltr'>vela</span> <span class='ocrx_word' id='word_1_960' title='bbox 782 1838 918 1870; x_wconf 86' lang='lat' dir='ltr'>portarent</span> <span class='ocrx_word' id='word_1_961' title='bbox 932 1844 937 1859; x_wconf 91' lang='lat'>:</span> <span class='ocrx_word' id='word_1_962' title='bbox 964 1841 1032 1867; x_wconf 86' lang='lat' dir='ltr'>quae</span> <span class='ocrx_word' id='word_1_963' title='bbox 1048 1840 1142 1859; x_wconf 84' lang='lat' dir='ltr'>reuera</span> <span class='ocrx_word' id='word_1_964' title='bbox 1158 1837 1264 1866; x_wconf 86' lang='lat' dir='ltr'>portare</span> <span class='ocrx_word' id='word_1_965' title='bbox 1285 1840 1347 1857; x_wconf 88' lang='lat' dir='ltr'>con·</span> <span class='ocrx_word' id='word_1_966' title='bbox 1402 1839 1483 1867; x_wconf 89' lang='lat' dir='ltr'>quam</span> <span class='ocrx_word' id='word_1_967' title='bbox 1499 1830 1614 1861; x_wconf 87' lang='lat' dir='ltr'>caeteri,</span> <span class='ocrx_word' id='word_1_968' title='bbox 1632 1829 1680 1864; x_wconf 91' lang='lat' dir='ltr'>qui</span> <span class='ocrx_word' id='word_1_969' title='bbox 1693 1837 1777 1863; x_wconf 88' lang='lat' dir='ltr'>aeque</span> <span class='ocrx_word' id='word_1_970' title='bbox 1796 1834 1875 1863; x_wconf 84' lang='lat' dir='ltr'>atque</span> <span class='ocrx_word' id='word_1_971' title='bbox 1887 1837 1950 1863; x_wconf 88' lang='lat' dir='ltr'>ego,</span> <span class='ocrx_word' id='word_1_972' title='bbox 1970 1829 2029 1854; x_wconf 86' lang='lat' dir='ltr'>sunt</span> <span class='ocrx_word' id='word_1_973' title='bbox 2043 1829 2182 1863; x_wconf 80' lang='lat' dir='ltr'>occupati,</span> <span class='ocrx_word' id='word_1_974' title='bbox 2202 1829 2302 1856; x_wconf 85' lang='lat' dir='ltr'>versari</span> <span class='ocrx_word' id='word_1_975' title='bbox 2321 1829 2349 1856; x_wconf 87' lang='lat' dir='ltr'>in</span> <span class='ocrx_word' id='word_1_976' title='bbox 2364 1827 2428 1856; x_wconf 73' lang='lat' dir='ltr'>stud»</span> 
     </span>
     <span class='ocr_line' id='line_1_84' title="bbox 290 1864 2426 1912; baseline -0.007 -5"><span class='ocrx_word' id='word_1_977' title='bbox 290 1882 445 1911; x_wconf 85' lang='lat' dir='ltr'>sueuerant,</span> <span class='ocrx_word' id='word_1_978' title='bbox 467 1885 547 1912; x_wconf 87' lang='lat' dir='ltr'>quam</span> <span class='ocrx_word' id='word_1_979' title='bbox 569 1882 627 1901; x_wconf 88' lang='lat' dir='ltr'>rem</span> <span class='ocrx_word' id='word_1_980' title='bbox 647 1873 716 1899; x_wconf 86' lang='lat' dir='ltr'>mira</span> <span class='ocrx_word' id='word_1_981' title='bbox 736 1869 854 1906; x_wconf 83' lang='lat' dir='ltr'>expreffit</span> <span class='ocrx_word' id='word_1_982' title='bbox 867 1869 1043 1903; x_wconf 85' lang='lat' dir='ltr'>ambiguitate</span> <span class='ocrx_word' id='word_1_983' title='bbox 1062 1874 1108 1894; x_wconf 77' lang='lat' dir='ltr'>etc.</span> <span class='ocrx_word' id='word_1_984' title='bbox 1148 1866 1238 1903; x_wconf 77' lang='lat' dir='ltr'>Nefiio</span> <span class='ocrx_word' id='word_1_985' title='bbox 1254 1873 1347 1898; x_wconf 81' lang='lat' dir='ltr'>tamen,</span> <span class='ocrx_word' id='word_1_986' title='bbox 1401 1867 1542 1893; x_wconf 89' lang='lat' dir='ltr'>literarum</span> <span class='ocrx_word' id='word_1_987' title='bbox 1552 1885 1561 1898; x_wconf 92' lang='lat'>,</span> <span class='ocrx_word' id='word_1_988' title='bbox 1579 1865 1620 1891; x_wconf 90' lang='lat' dir='ltr'>his</span> <span class='ocrx_word' id='word_1_989' title='bbox 1634 1864 1765 1897; x_wconf 65' lang='lat' dir='ltr'>delecter,</span> <span class='ocrx_word' id='word_1_990' title='bbox 1783 1870 1827 1890; x_wconf 89' lang='lat' dir='ltr'>aut</span> <span class='ocrx_word' id='word_1_991' title='bbox 1841 1870 1900 1890; x_wconf 89' lang='lat' dir='ltr'>vtar</span> <span class='ocrx_word' id='word_1_992' title='bbox 1914 1865 2026 1890; x_wconf 90' lang='lat' dir='ltr'>omnino</span> <span class='ocrx_word' id='word_1_993' title='bbox 2041 1864 2125 1890; x_wconf 82' lang='lat' dir='ltr'>literis</span> <span class='ocrx_word' id='word_1_994' title='bbox 2135 1884 2143 1896; x_wconf 89' lang='lat'>,</span> <span class='ocrx_word' id='word_1_995' title='bbox 2156 1873 2223 1898; x_wconf 85' lang='lat' dir='ltr'>quae</span> <span class='ocrx_word' id='word_1_996' title='bbox 2235 1865 2337 1892; x_wconf 87' lang='lat' dir='ltr'>nostros</span> <span class='ocrx_word' id='word_1_997' title='bbox 2348 1864 2426 1895; x_wconf 62' lang='lat' dir='ltr'>anima</span> 
     </span>
     <span class='ocr_line' id='line_1_85' title="bbox 289 1899 2410 1951; baseline -0.007 -11"><span class='ocrx_word' id='word_1_998' title='bbox 289 1927 323 1945; x_wconf 76' lang='lat' dir='ltr'>an</span> <span class='ocrx_word' id='word_1_999' title='bbox 330 1911 516 1951; x_wconf 74' lang='lat' dir='ltr'>fimpliciusfit</span> <span class='ocrx_word' id='word_1_1000' title='bbox 530 1911 627 1942; x_wconf 79' lang='lat' dir='ltr'>dicere,</span> <span class='ocrx_word' id='word_1_1001' title='bbox 646 1911 756 1935; x_wconf 79' lang='lat' dir='ltr'>intextos</span> <span class='ocrx_word' id='word_1_1002' title='bbox 769 1908 925 1937; x_wconf 79' lang='lat' dir='ltr'>Britannos,</span> <span class='ocrx_word' id='word_1_1003' title='bbox 944 1913 1031 1931; x_wconf 84' lang='lat' dir='ltr'>nouam</span> <span class='ocrx_word' id='word_1_1004' title='bbox 1043 1910 1157 1940; x_wconf 71' lang='lat' dir='ltr'>gentem,</span> <span class='ocrx_word' id='word_1_1005' title='bbox 1173 1911 1244 1938; x_wconf 85' lang='lat' dir='ltr'>quam</span> <span class='ocrx_word' id='word_1_1006' title='bbox 1258 1902 1348 1938; x_wconf 58' lang='lat' dir='ltr'>Cacsar</span> <span class='ocrx_word' id='word_1_1007' title='bbox 1403 1902 1554 1933; x_wconf 88' lang='lat' dir='ltr'>deterrent,</span> <span class='ocrx_word' id='word_1_1008' title='bbox 1571 1908 1650 1934; x_wconf 87' lang='lat' dir='ltr'>atque</span> <span class='ocrx_word' id='word_1_1009' title='bbox 1664 1906 1776 1926; x_wconf 88' lang='lat' dir='ltr'>auocant</span> <span class='ocrx_word' id='word_1_1010' title='bbox 1794 1909 1809 1925; x_wconf 92' lang='lat' dir='ltr'>a</span> <span class='ocrx_word' id='word_1_1011' title='bbox 1821 1900 1961 1934; x_wconf 79' lang='lat' dir='ltr'>religione.</span> <span class='ocrx_word' id='word_1_1012' title='bbox 2034 1899 2090 1926; x_wconf 89' lang='lat' dir='ltr'>Cic.</span> <span class='ocrx_word' id='word_1_1013' title='bbox 2105 1899 2218 1934; x_wconf 79' lang='lat' dir='ltr'>Philipp.</span> <span class='ocrx_word' id='word_1_1014' title='bbox 2233 1909 2245 1927; x_wconf 89' lang='lat'><em>2</em></span> <span class='ocrx_word' id='word_1_1015' title='bbox 2275 1909 2312 1933; x_wconf 81' lang='grc' dir='ltr'>ιις</span> <span class='ocrx_word' id='word_1_1016' title='bbox 2330 1899 2380 1927; x_wconf 88' lang='lat' dir='ltr'>Sed</span> <span class='ocrx_word' id='word_1_1017' title='bbox 2393 1899 2410 1926; x_wconf 85' lang='lat' dir='ltr'>si</span> 
     </span>
     <span class='ocr_line' id='line_1_86' title="bbox 289 1921 2422 1981; baseline -0.008 -4"><span class='ocrx_word' id='word_1_1018' title='bbox 289 1962 307 1981; x_wconf 79' lang='lat' dir='ltr'>a</span> <span class='ocrx_word' id='word_1_1019' title='bbox 325 1956 430 1978; x_wconf 72' lang='lat' dir='ltr'>eruerat.</span> <span class='ocrx_word' id='word_1_1020' title='bbox 469 1949 506 1975; x_wconf 83' lang='lat' dir='ltr'>Hi</span> <span class='ocrx_word' id='word_1_1021' title='bbox 517 1947 574 1973; x_wconf 86' lang='lat' dir='ltr'>dum</span> <span class='ocrx_word' id='word_1_1022' title='bbox 586 1955 598 1972; x_wconf 88' lang='lat' dir='ltr'>e</span> <span class='ocrx_word' id='word_1_1023' title='bbox 609 1945 680 1981; x_wconf 83' lang='lat' dir='ltr'>sulco</span> <span class='ocrx_word' id='word_1_1024' title='bbox 688 1944 735 1980; x_wconf 85' lang='lat' dir='ltr'>suo</span> <span class='ocrx_word' id='word_1_1025' title='bbox 745 1942 880 1979; x_wconf 78' lang='lat' dir='ltr'>paullatim</span> <span class='ocrx_word' id='word_1_1026' title='bbox 893 1941 1006 1978; x_wconf 74' lang='lat' dir='ltr'>surgunt</span> <span class='ocrx_word' id='word_1_1027' title='bbox 1025 1940 1122 1966; x_wconf 79' lang='lat' dir='ltr'>euoluta</span> <span class='ocrx_word' id='word_1_1028' title='bbox 1135 1940 1237 1970; x_wconf 83' lang='lat' dir='ltr'>aulaea,</span> <span class='ocrx_word' id='word_1_1029' title='bbox 1257 1940 1349 1973; x_wconf 78' lang='lat' dir='ltr'>capiti·</span> <span class='ocrx_word' id='word_1_1030' title='bbox 1405 1938 1462 1964; x_wconf 89' lang='lat' dir='ltr'>laus</span> <span class='ocrx_word' id='word_1_1031' title='bbox 1476 1937 1582 1963; x_wconf 87' lang='lat' dir='ltr'>allicere</span> <span class='ocrx_word' id='word_1_1032' title='bbox 1598 1935 1630 1962; x_wconf 87' lang='lat' dir='ltr'>ad</span> <span class='ocrx_word' id='word_1_1033' title='bbox 1643 1935 1714 1962; x_wconf 59' lang='lat' dir='ltr'>recte</span> <span class='ocrx_word' id='word_1_1034' title='bbox 1727 1935 1879 1961; x_wconf 87' lang='lat' dir='ltr'>faciendum</span> <span class='ocrx_word' id='word_1_1035' title='bbox 1900 1944 1954 1961; x_wconf 90' lang='lat' dir='ltr'>non</span> <span class='ocrx_word' id='word_1_1036' title='bbox 1967 1935 2068 1970; x_wconf 84' lang='lat' dir='ltr'>potest,</span> <span class='ocrx_word' id='word_1_1037' title='bbox 2085 1944 2118 1961; x_wconf 88' lang='lat' dir='ltr'>ne</span> <span class='ocrx_word' id='word_1_1038' title='bbox 2137 1943 2220 1962; x_wconf 81' lang='lat' dir='ltr'>metus</span> <span class='ocrx_word' id='word_1_1039' title='bbox 2240 1921 2347 1972; x_wconf 63' lang='lat' dir='ltr'>q&#39;uidem</span> <span class='ocrx_word' id='word_1_1040' title='bbox 2366 1944 2381 1964; x_wconf 77' lang='lat' dir='ltr'>a</span> <span class='ocrx_word' id='word_1_1041' title='bbox 2394 1935 2422 1962; x_wconf 87' lang='lat' dir='ltr'>fo</span> 
     </span>
     <span class='ocr_line' id='line_1_87' title="bbox 324 1960 2439 2019; baseline -0.008 -10"><span class='ocrx_word' id='word_1_1042' title='bbox 324 1997 336 2014; x_wconf 76' lang='lat'><em>5</em></span> <span class='ocrx_word' id='word_1_1043' title='bbox 356 1987 510 2019; x_wconf 81' lang='lat' dir='ltr'>humerisque</span> <span class='ocrx_word' id='word_1_1044' title='bbox 525 1983 583 2018; x_wconf 85' lang='lat' dir='ltr'>suis</span> <span class='ocrx_word' id='word_1_1045' title='bbox 598 1983 710 2016; x_wconf 78' lang='lat' dir='ltr'>primum</span> <span class='ocrx_word' id='word_1_1046' title='bbox 732 1977 910 2014; x_wconf 75' lang='lat' dir='ltr'>emergentibus</span> <span class='ocrx_word' id='word_1_1047' title='bbox 930 1976 1015 2003; x_wconf 74' lang='lat' dir='ltr'>tollere</span> <span class='ocrx_word' id='word_1_1048' title='bbox 1038 1975 1093 2012; x_wconf 79' lang='lat' dir='ltr'>ipsa</span> <span class='ocrx_word' id='word_1_1049' title='bbox 1114 1976 1200 2001; x_wconf 77' lang='lat' dir='ltr'>aulaea</span> <span class='ocrx_word' id='word_1_1050' title='bbox 1221 1973 1349 2000; x_wconf 78' lang='lat' dir='ltr'>videntur.</span> <span class='ocrx_word' id='word_1_1051' title='bbox 1358 1981 1390 2007; x_wconf 80' lang='lat'>50</span> <span class='ocrx_word' id='word_1_1052' title='bbox 1404 1972 1512 2000; x_wconf 80' lang='lat' dir='ltr'>diffimis</span> <span class='ocrx_word' id='word_1_1053' title='bbox 1530 1971 1608 1999; x_wconf 66' lang='lat' dir='ltr'>saetis</span> <span class='ocrx_word' id='word_1_1054' title='bbox 1626 1970 1710 2006; x_wconf 85' lang='lat' dir='ltr'>potest</span> <span class='ocrx_word' id='word_1_1055' title='bbox 1728 1972 1863 1996; x_wconf 76' lang='lat' dir='ltr'>auocare?</span> <span class='ocrx_word' id='word_1_1056' title='bbox 1916 1970 1990 1997; x_wconf 84' lang='lat' dir='ltr'>Idem</span> <span class='ocrx_word' id='word_1_1057' title='bbox 2006 1971 2078 1997; x_wconf 86' lang='lat' dir='ltr'>Fam.</span> <span class='ocrx_word' id='word_1_1058' title='bbox 2091 1981 2123 2005; x_wconf 81' lang='lat'>4,</span> <span class='ocrx_word' id='word_1_1059' title='bbox 2136 1979 2149 2004; x_wconf 78' lang='grc' dir='ltr'><strong><em>ς</em></strong></span> <span class='ocrx_word' id='word_1_1060' title='bbox 2174 1973 2260 1999; x_wconf 66' lang='lat' dir='ltr'>Etiam</span> <span class='ocrx_word' id='word_1_1061' title='bbox 2278 1978 2306 1999; x_wconf 70' lang='lat' dir='ltr'>tu</span> <span class='ocrx_word' id='word_1_1062' title='bbox 2325 1971 2358 1998; x_wconf 69' lang='lat' dir='ltr'>ab</span> <span class='ocrx_word' id='word_1_1063' title='bbox 2377 1971 2421 1998; x_wconf 83' lang='lat' dir='ltr'>his</span> <span class='ocrx_word' id='word_1_1064' title='bbox 2436 1960 2439 2000; x_wconf 56' lang='grc' dir='ltr'>ἱ</span> 
     </span>
     <span class='ocr_line' id='line_1_88' title="bbox 293 2001 2440 2051; baseline -0.008 -2"><span class='ocrx_word' id='word_1_1065' title='bbox 293 2021 377 2051; x_wconf 86' lang='lat' dir='ltr'>Ouid.</span> <span class='ocrx_word' id='word_1_1066' title='bbox 391 2021 456 2047; x_wconf 82' lang='lat' dir='ltr'>Met.</span> <span class='ocrx_word' id='word_1_1067' title='bbox 470 2027 494 2051; x_wconf 83' lang='grc'>3,</span> <span class='ocrx_word' id='word_1_1068' title='bbox 510 2027 555 2050; x_wconf 88' lang='grc' dir='ltr'><strong>ιιι,</strong></span> <span class='ocrx_word' id='word_1_1069' title='bbox 574 2022 658 2043; x_wconf 88' lang='lat' dir='ltr'>totam</span> <span class='ocrx_word' id='word_1_1070' title='bbox 672 2023 730 2040; x_wconf 88' lang='lat' dir='ltr'>rem</span> <span class='ocrx_word' id='word_1_1071' title='bbox 749 2023 798 2039; x_wconf 82' lang='lat' dir='ltr'>non</span> <span class='ocrx_word' id='word_1_1072' title='bbox 812 2012 946 2047; x_wconf 84' lang='lat' dir='ltr'>describit,</span> <span class='ocrx_word' id='word_1_1073' title='bbox 959 2012 1007 2047; x_wconf 73' lang='lat' dir='ltr'>fid</span> <span class='ocrx_word' id='word_1_1074' title='bbox 1022 2014 1123 2047; x_wconf 82' lang='lat' dir='ltr'>pingit,</span> <span class='ocrx_word' id='word_1_1075' title='bbox 1143 2019 1203 2046; x_wconf 79' lang='lat' dir='ltr'>quae</span> <span class='ocrx_word' id='word_1_1076' title='bbox 1217 2010 1258 2036; x_wconf 75' lang='lat' dir='ltr'>hic</span> <span class='ocrx_word' id='word_1_1077' title='bbox 1271 2011 1350 2046; x_wconf 78' lang='lat' dir='ltr'>legere</span> <span class='ocrx_word' id='word_1_1078' title='bbox 1403 2008 1483 2037; x_wconf 83' lang='lat' dir='ltr'>rebus</span> <span class='ocrx_word' id='word_1_1079' title='bbox 1498 2009 1618 2035; x_wconf 87' lang='lat' dir='ltr'>animum</span> <span class='ocrx_word' id='word_1_1080' title='bbox 1633 2006 1665 2033; x_wconf 93' lang='lat' dir='ltr'>ad</span> <span class='ocrx_word' id='word_1_1081' title='bbox 1678 2006 1868 2041; x_wconf 84' lang='lat' dir='ltr'>cogitationem</span> <span class='ocrx_word' id='word_1_1082' title='bbox 1882 2012 1956 2033; x_wconf 85' lang='lat' dir='ltr'>tuam</span> <span class='ocrx_word' id='word_1_1083' title='bbox 1971 2015 2054 2033; x_wconf 88' lang='lat' dir='ltr'>auoca</span> <span class='ocrx_word' id='word_1_1084' title='bbox 2068 2017 2073 2031; x_wconf 88' lang='lat'>:</span> <span class='ocrx_word' id='word_1_1085' title='bbox 2097 2013 2174 2042; x_wconf 88' lang='lat' dir='ltr'>atque</span> <span class='ocrx_word' id='word_1_1086' title='bbox 2192 2017 2222 2034; x_wconf 87' lang='lat' dir='ltr'>ea</span> <span class='ocrx_word' id='word_1_1087' title='bbox 2239 2006 2421 2042; x_wconf 78' lang='lat' dir='ltr'>potius‘remir</span> <span class='ocrx_word' id='word_1_1088' title='bbox 2435 2001 2440 2044; x_wconf 66' lang='lat' dir='ltr'>l</span> 
     </span>
     <span class='ocr_line' id='line_1_89' title="bbox 294 2042 2421 2094; baseline -0.007 -11"><span class='ocrx_word' id='word_1_1089' title='bbox 294 2066 382 2094; x_wconf 73' lang='lat' dir='ltr'>operae</span> <span class='ocrx_word' id='word_1_1090' title='bbox 395 2057 509 2093; x_wconf 73' lang='lat' dir='ltr'>pretium</span> <span class='ocrx_word' id='word_1_1091' title='bbox 526 2051 560 2088; x_wconf 70' lang='lat' dir='ltr'>est</span> <span class='ocrx_word' id='word_1_1092' title='bbox 574 2063 582 2077; x_wconf 95' lang='lat'>.·</span> <span class='ocrx_word' id='word_1_1093' title='bbox 609 2052 735 2081; x_wconf 76' lang='lat' dir='ltr'>Dixerat,</span> <span class='ocrx_word' id='word_1_1094' title='bbox 754 2055 785 2075; x_wconf 86' lang='lat' dir='ltr'>vt</span> <span class='ocrx_word' id='word_1_1095' title='bbox 801 2057 812 2074; x_wconf 84' lang='lat' dir='ltr'>e</span> <span class='ocrx_word' id='word_1_1096' title='bbox 826 2054 895 2074; x_wconf 72' lang='lat' dir='ltr'>terra</span> <span class='ocrx_word' id='word_1_1097' title='bbox 904 2047 1053 2082; x_wconf 78' lang='lat' dir='ltr'>prodierint</span> <span class='ocrx_word' id='word_1_1098' title='bbox 1066 2046 1170 2081; x_wconf 82' lang='lat' dir='ltr'>fratres</span> <span class='ocrx_word' id='word_1_1099' title='bbox 1183 2046 1223 2072; x_wconf 87' lang='lat' dir='ltr'>illi</span> <span class='ocrx_word' id='word_1_1100' title='bbox 1235 2045 1349 2072; x_wconf 81' lang='lat' dir='ltr'>Cadmei:</span> <span class='ocrx_word' id='word_1_1101' title='bbox 1403 2047 1490 2077; x_wconf 88' lang='lat' dir='ltr'>scere,</span> <span class='ocrx_word' id='word_1_1102' title='bbox 1510 2052 1577 2080; x_wconf 87' lang='lat' dir='ltr'>quae</span> <span class='ocrx_word' id='word_1_1103' title='bbox 1596 2043 1676 2078; x_wconf 83' lang='lat' dir='ltr'>digna</span> <span class='ocrx_word' id='word_1_1104' title='bbox 1695 2048 1740 2069; x_wconf 88' lang='lat' dir='ltr'>tua</span> <span class='ocrx_word' id='word_1_1105' title='bbox 1759 2043 1869 2077; x_wconf 88' lang='lat' dir='ltr'>persona</span> <span class='ocrx_word' id='word_1_1106' title='bbox 1889 2043 1957 2069; x_wconf 88' lang='lat' dir='ltr'>sunt.</span> <span class='ocrx_word' id='word_1_1107' title='bbox 2026 2042 2093 2068; x_wconf 83' lang='lat' dir='ltr'>Plin.</span> <span class='ocrx_word' id='word_1_1108' title='bbox 2107 2042 2183 2077; x_wconf 87' lang='lat' dir='ltr'>Epist.</span> <span class='ocrx_word' id='word_1_1109' title='bbox 2196 2052 2223 2076; x_wconf 89' lang='lat'>9,</span> <span class='ocrx_word' id='word_1_1110' title='bbox 2237 2052 2263 2075; x_wconf 87' lang='lat'>2,</span> <span class='ocrx_word' id='word_1_1111' title='bbox 2277 2052 2287 2069; x_wconf 88' lang='lat'>1</span> <span class='ocrx_word' id='word_1_1112' title='bbox 2307 2042 2421 2075; x_wconf 75' lang='lat' dir='ltr'>Distring</span> 
     </span>
     <span class='ocr_line' id='line_1_90' title="bbox 295 2077 2421 2129; baseline -0.007 -13"><span class='ocrx_word' id='word_1_1113' title='bbox 295 2094 386 2126; x_wconf 59' lang='lat' dir='ltr'>addit,</span> <span class='ocrx_word' id='word_1_1114' title='bbox 543 2123 549 2129; x_wconf 37' lang='lat'>⁸</span> <span class='ocrx_word' id='word_1_1115' title='bbox 771 2119 777 2124; x_wconf 92' lang='lat'>.</span> <span class='ocrx_word' id='word_1_1116' title='bbox 1014 2115 1020 2121; x_wconf 88' lang='lat'>.</span> <span class='ocrx_word' id='word_1_1117' title='bbox 1404 2080 1454 2106; x_wconf 91' lang='lat' dir='ltr'>bar</span> <span class='ocrx_word' id='word_1_1118' title='bbox 1468 2079 1578 2114; x_wconf 84' lang='lat' dir='ltr'>frigidis</span> <span class='ocrx_word' id='word_1_1119' title='bbox 1589 2079 1721 2114; x_wconf 84' lang='lat' dir='ltr'>negotiis,</span> <span class='ocrx_word' id='word_1_1120' title='bbox 1739 2087 1807 2112; x_wconf 88' lang='lat' dir='ltr'>quae</span> <span class='ocrx_word' id='word_1_1121' title='bbox 1820 2078 1896 2105; x_wconf 72' lang='lat' dir='ltr'>simul</span> <span class='ocrx_word' id='word_1_1122' title='bbox 1914 2085 1941 2105; x_wconf 91' lang='lat' dir='ltr'>et</span> <span class='ocrx_word' id='word_1_1123' title='bbox 1955 2083 2068 2105; x_wconf 86' lang='lat' dir='ltr'>auocant</span> <span class='ocrx_word' id='word_1_1124' title='bbox 2086 2079 2205 2104; x_wconf 87' lang='lat' dir='ltr'>animum</span> <span class='ocrx_word' id='word_1_1125' title='bbox 2217 2084 2243 2104; x_wconf 88' lang='lat' dir='ltr'>et</span> <span class='ocrx_word' id='word_1_1126' title='bbox 2258 2077 2421 2104; x_wconf 82' lang='lat' dir='ltr'>comminuui</span> 
     </span>
     <span class='ocr_line' id='line_1_91' title="bbox 445 2108 2420 2153; baseline -0.008 0"><span class='ocrx_word' id='word_1_1127' title='bbox 445 2125 487 2153; x_wconf 88' lang='lat' dir='ltr'>Sic</span> <span class='ocrx_word' id='word_1_1128' title='bbox 503 2123 552 2152; x_wconf 74' lang='lat' dir='ltr'>vbi</span> <span class='ocrx_word' id='word_1_1129' title='bbox 569 2122 703 2150; x_wconf 88' lang='lat' dir='ltr'>tolluntur</span> <span class='ocrx_word' id='word_1_1130' title='bbox 719 2120 791 2147; x_wconf 73' lang='lat' dir='ltr'>festis</span> <span class='ocrx_word' id='word_1_1131' title='bbox 812 2118 903 2145; x_wconf 83' lang='lat' dir='ltr'>aulaea</span> <span class='ocrx_word' id='word_1_1132' title='bbox 922 2116 1035 2143; x_wconf 76' lang='lat' dir='ltr'>theatris</span> <span class='ocrx_word' id='word_1_1133' title='bbox 1405 2115 1508 2140; x_wconf 89' lang='lat' dir='ltr'>Auocat</span> <span class='ocrx_word' id='word_1_1134' title='bbox 1524 2123 1539 2139; x_wconf 92' lang='lat' dir='ltr'>a</span> <span class='ocrx_word' id='word_1_1135' title='bbox 1553 2114 1632 2139; x_wconf 81' lang='lat' dir='ltr'>rebus</span> <span class='ocrx_word' id='word_1_1136' title='bbox 1646 2113 1768 2147; x_wconf 85' lang='lat' dir='ltr'>gerendis</span> <span class='ocrx_word' id='word_1_1137' title='bbox 1787 2113 1906 2140; x_wconf 60' lang='lat' dir='ltr'>senectus</span> <span class='ocrx_word' id='word_1_1138' title='bbox 1927 2114 1983 2140; x_wconf 87' lang='lat' dir='ltr'>Cic.</span> <span class='ocrx_word' id='word_1_1139' title='bbox 1999 2113 2031 2140; x_wconf 90' lang='lat' dir='ltr'>de</span> <span class='ocrx_word' id='word_1_1140' title='bbox 2045 2113 2145 2140; x_wconf 64' lang='lat' dir='ltr'>Sene&amp;</span> <span class='ocrx_word' id='word_1_1141' title='bbox 2160 2120 2186 2146; x_wconf 79' lang='grc' dir='ltr'>ις</span> <span class='ocrx_word' id='word_1_1142' title='bbox 2206 2122 2227 2139; x_wconf 90' lang='lat' dir='ltr'>c.</span> <span class='ocrx_word' id='word_1_1143' title='bbox 2243 2119 2264 2145; x_wconf 81' lang='grc' dir='ltr'>ς.</span> <span class='ocrx_word' id='word_1_1144' title='bbox 2335 2108 2420 2138; x_wconf 84' lang='lat' dir='ltr'>Auoc¹</span> 
     </span>
     <span class='ocr_line' id='line_1_92' title="bbox 451 2141 2417 2196; baseline -0.009 -9"><span class='ocrx_word' id='word_1_1145' title='bbox 451 2162 564 2196; x_wconf 84' lang='lat' dir='ltr'>Surgere</span> <span class='ocrx_word' id='word_1_1146' title='bbox 579 2158 648 2193; x_wconf 83' lang='lat' dir='ltr'>signa</span> <span class='ocrx_word' id='word_1_1147' title='bbox 661 2157 762 2189; x_wconf 87' lang='lat' dir='ltr'>solent,</span> <span class='ocrx_word' id='word_1_1148' title='bbox 782 2155 952 2189; x_wconf 88' lang='lat' dir='ltr'>primumque</span> <span class='ocrx_word' id='word_1_1149' title='bbox 964 2150 1101 2179; x_wconf 83' lang='lat' dir='ltr'>ostendere</span> <span class='ocrx_word' id='word_1_1150' title='bbox 1115 2149 1233 2182; x_wconf 88' lang='lat' dir='ltr'>vultum,</span> <span class='ocrx_word' id='word_1_1151' title='bbox 1362 2157 1390 2184; x_wconf 80' lang='lat'>55</span> <span class='ocrx_word' id='word_1_1152' title='bbox 1404 2148 1505 2176; x_wconf 86' lang='lat' dir='ltr'>milites</span> <span class='ocrx_word' id='word_1_1153' title='bbox 1522 2157 1537 2175; x_wconf 89' lang='lat' dir='ltr'>a</span> <span class='ocrx_word' id='word_1_1154' title='bbox 1555 2147 1633 2182; x_wconf 85' lang='lat' dir='ltr'>signis</span> <span class='ocrx_word' id='word_1_1155' title='bbox 1647 2148 1727 2174; x_wconf 89' lang='lat' dir='ltr'>Trai.</span> <span class='ocrx_word' id='word_1_1156' title='bbox 1743 2148 1775 2173; x_wconf 84' lang='lat' dir='ltr'>ad</span> <span class='ocrx_word' id='word_1_1157' title='bbox 1789 2148 1855 2174; x_wconf 88' lang='lat' dir='ltr'>Plin.</span> <span class='ocrx_word' id='word_1_1158' title='bbox 1868 2149 1914 2182; x_wconf 90' lang='lat' dir='ltr'>Ep.</span> <span class='ocrx_word' id='word_1_1159' title='bbox 1931 2158 1969 2181; x_wconf 87' lang='grc' dir='ltr'>ιο,</span> <span class='ocrx_word' id='word_1_1160' title='bbox 1985 2158 2019 2181; x_wconf 85' lang='grc' dir='ltr'>3ι.</span> <span class='ocrx_word' id='word_1_1161' title='bbox 2089 2150 2210 2176; x_wconf 88' lang='lat' dir='ltr'>Auocare</span> <span class='ocrx_word' id='word_1_1162' title='bbox 2228 2141 2346 2182; x_wconf 82' lang='lat' dir='ltr'>aliquem</span> <span class='ocrx_word' id='word_1_1163' title='bbox 2363 2155 2378 2174; x_wconf 83' lang='lat' dir='ltr'>a</span> <span class='ocrx_word' id='word_1_1164' title='bbox 2400 2161 2417 2170; x_wconf 70' lang='lat'>..</span> 
     </span>
     <span class='ocr_line' id='line_1_93' title="bbox 452 2170 2418 2229; baseline -0.008 -5"><span class='ocrx_word' id='word_1_1165' title='bbox 452 2199 565 2224; x_wconf 86' lang='lat' dir='ltr'>Caetera</span> <span class='ocrx_word' id='word_1_1166' title='bbox 585 2194 740 2229; x_wconf 87' lang='lat' dir='ltr'>paullatim,</span> <span class='ocrx_word' id='word_1_1167' title='bbox 764 2190 925 2226; x_wconf 86' lang='lat' dir='ltr'>placidoque</span> <span class='ocrx_word' id='word_1_1168' title='bbox 946 2187 1040 2215; x_wconf 58' lang='lat' dir='ltr'>educta</span> <span class='ocrx_word' id='word_1_1169' title='bbox 1060 2193 1153 2213; x_wconf 87' lang='lat' dir='ltr'>tenore</span> <span class='ocrx_word' id='word_1_1170' title='bbox 1402 2184 1509 2212; x_wconf 84' lang='lat' dir='ltr'>tuendis</span> <span class='ocrx_word' id='word_1_1171' title='bbox 1526 2183 1603 2210; x_wconf 86' lang='lat' dir='ltr'>malis</span> <span class='ocrx_word' id='word_1_1172' title='bbox 1623 2182 1680 2210; x_wconf 89' lang='lat' dir='ltr'>Cic.</span> <span class='ocrx_word' id='word_1_1173' title='bbox 1695 2182 1779 2208; x_wconf 89' lang='lat' dir='ltr'>Tusc.</span> <span class='ocrx_word' id='word_1_1174' title='bbox 1791 2191 1815 2214; x_wconf 83' lang='lat'>3,</span> <span class='ocrx_word' id='word_1_1175' title='bbox 1828 2190 1856 2214; x_wconf 79' lang='lat'>33</span> <span class='ocrx_word' id='word_1_1176' title='bbox 1876 2193 1897 2209; x_wconf 88' lang='lat' dir='ltr'>c.</span> <span class='ocrx_word' id='word_1_1177' title='bbox 1913 2186 1950 2209; x_wconf 86' lang='lat'>16.</span> <span class='ocrx_word' id='word_1_1178' title='bbox 2026 2184 2134 2210; x_wconf 83' lang='lat' dir='ltr'>Paruuli</span> <span class='ocrx_word' id='word_1_1179' title='bbox 2151 2183 2290 2218; x_wconf 75' lang='lat' dir='ltr'>pusiones,</span> <span class='ocrx_word' id='word_1_1180' title='bbox 2309 2191 2365 2218; x_wconf 93' lang='lat' dir='ltr'>quo</span> <span class='ocrx_word' id='word_1_1181' title='bbox 2391 2170 2418 2204; x_wconf 52' lang='lat'>(3²</span> 
     </span>
     <span class='ocr_line' id='line_1_94' title="bbox 452 2217 2377 2265; baseline -0.01 -6"><span class='ocrx_word' id='word_1_1182' title='bbox 452 2233 529 2259; x_wconf 86' lang='lat' dir='ltr'>Tota</span> <span class='ocrx_word' id='word_1_1183' title='bbox 550 2235 657 2265; x_wconf 87' lang='lat' dir='ltr'>patent,</span> <span class='ocrx_word' id='word_1_1184' title='bbox 677 2229 787 2262; x_wconf 88' lang='lat' dir='ltr'>imoque</span> <span class='ocrx_word' id='word_1_1185' title='bbox 806 2225 884 2261; x_wconf 82' lang='lat' dir='ltr'>pedes</span> <span class='ocrx_word' id='word_1_1186' title='bbox 903 2226 932 2251; x_wconf 90' lang='lat' dir='ltr'>in</span> <span class='ocrx_word' id='word_1_1187' title='bbox 949 2224 1068 2257; x_wconf 84' lang='lat' dir='ltr'>margine</span> <span class='ocrx_word' id='word_1_1188' title='bbox 1089 2226 1200 2256; x_wconf 88' lang='lat' dir='ltr'>ponunt.</span> <span class='ocrx_word' id='word_1_1189' title='bbox 1343 2252 1349 2258; x_wconf 47' lang='grc'><em>“</em></span> <span class='ocrx_word' id='word_1_1190' title='bbox 1403 2226 1482 2248; x_wconf 88' lang='lat' dir='ltr'>neant</span> <span class='ocrx_word' id='word_1_1191' title='bbox 1502 2218 1666 2254; x_wconf 85' lang='lat' dir='ltr'>ploratibus,</span> <span class='ocrx_word' id='word_1_1192' title='bbox 1686 2217 1816 2253; x_wconf 75' lang='lat' dir='ltr'>pupulOS,</span> <span class='ocrx_word' id='word_1_1193' title='bbox 1841 2218 1986 2253; x_wconf 86' lang='lat' dir='ltr'>equuleos,</span> <span class='ocrx_word' id='word_1_1194' title='bbox 2012 2226 2091 2252; x_wconf 87' lang='lat' dir='ltr'>panes</span> <span class='ocrx_word' id='word_1_1195' title='bbox 2109 2219 2259 2253; x_wconf 84' lang='lat' dir='ltr'>accipiunt,</span> <span class='ocrx_word' id='word_1_1196' title='bbox 2278 2218 2377 2253; x_wconf 72' lang='lat' dir='ltr'>quibus</span> 
     </span>
     <span class='ocr_line' id='line_1_95' title="bbox 295 2252 2383 2303; baseline -0.01 -2"><span class='ocrx_word' id='word_1_1197' title='bbox 295 2268 366 2301; x_wconf 73' lang='lat' dir='ltr'>Illud</span> <span class='ocrx_word' id='word_1_1198' title='bbox 375 2277 434 2296; x_wconf 62' lang='lat' dir='ltr'>vero</span> <span class='ocrx_word' id='word_1_1199' title='bbox 454 2266 522 2296; x_wconf 56' lang='lat' dir='ltr'>reste</span> <span class='ocrx_word' id='word_1_1200' title='bbox 533 2266 639 2303; x_wconf 76' lang='lat' dir='ltr'>subiicit</span> <span class='ocrx_word' id='word_1_1201' title='bbox 654 2264 761 2291; x_wconf 62' lang='lat' dir='ltr'>serulus</span> <span class='ocrx_word' id='word_1_1202' title='bbox 781 2262 799 2288; x_wconf 81' lang='lat'>1-</span> <span class='ocrx_word' id='word_1_1203' title='bbox 812 2271 833 2288; x_wconf 72' lang='lat' dir='ltr'>C·</span> <span class='ocrx_word' id='word_1_1204' title='bbox 855 2261 955 2287; x_wconf 66' lang='lat' dir='ltr'>AUlaea</span> <span class='ocrx_word' id='word_1_1205' title='bbox 974 2259 1047 2285; x_wconf 60' lang='lat' dir='ltr'>difffl</span> <span class='ocrx_word' id='word_1_1206' title='bbox 1066 2257 1109 2291; x_wconf 63' lang='lat' dir='ltr'>‘iffi’</span> <span class='ocrx_word' id='word_1_1207' title='bbox 1129 2256 1161 2283; x_wconf 68' lang='lat' dir='ltr'>ab</span> <span class='ocrx_word' id='word_1_1208' title='bbox 1181 2254 1248 2282; x_wconf 65' lang='grc' dir='ltr'>ΑΠῙό</span> <span class='ocrx_word' id='word_1_1209' title='bbox 1268 2252 1353 2280; x_wconf 62' lang='lat' dir='ltr'>fflfflll</span> <span class='ocrx_word' id='word_1_1210' title='bbox 1405 2264 1464 2283; x_wconf 88' lang='lat' dir='ltr'>care</span> <span class='ocrx_word' id='word_1_1211' title='bbox 1478 2256 1503 2281; x_wconf 88' lang='lat' dir='ltr'>se</span> <span class='ocrx_word' id='word_1_1212' title='bbox 1518 2254 1610 2289; x_wconf 81' lang='lat' dir='ltr'>pollint</span> <span class='ocrx_word' id='word_1_1213' title='bbox 1624 2255 1688 2280; x_wconf 88' lang='lat' dir='ltr'>Arn.</span> <span class='ocrx_word' id='word_1_1214' title='bbox 1704 2261 1720 2287; x_wconf 83' lang='lat'>7</span> <span class='ocrx_word' id='word_1_1215' title='bbox 1739 2262 1764 2287; x_wconf 87' lang='lat' dir='ltr'>p.</span> <span class='ocrx_word' id='word_1_1216' title='bbox 1780 2261 1831 2286; x_wconf 83' lang='lat'>213.</span> <span class='ocrx_word' id='word_1_1217' title='bbox 1897 2254 1954 2281; x_wconf 87' lang='lat' dir='ltr'>Cic.</span> <span class='ocrx_word' id='word_1_1218' title='bbox 1968 2253 2000 2280; x_wconf 85' lang='lat' dir='ltr'>de</span> <span class='ocrx_word' id='word_1_1219' title='bbox 2013 2254 2106 2280; x_wconf 87' lang='lat' dir='ltr'>Diuin.</span> <span class='ocrx_word' id='word_1_1220' title='bbox 2119 2263 2140 2286; x_wconf 87' lang='lat'>1,</span> <span class='ocrx_word' id='word_1_1221' title='bbox 2153 2263 2188 2280; x_wconf 82' lang='lat'>111</span> <span class='ocrx_word' id='word_1_1222' title='bbox 2209 2254 2310 2281; x_wconf 88' lang='lat' dir='ltr'>Rarum</span> <span class='ocrx_word' id='word_1_1223' title='bbox 2325 2253 2362 2281; x_wconf 84' lang='lat' dir='ltr'>est</span> <span class='ocrx_word' id='word_1_1224' title='bbox 2379 2268 2383 2277; x_wconf 83' lang='lat'>‹</span> 
     </span>
     <span class='ocr_line' id='line_1_96' title="bbox 294 2288 2351 2342; baseline -0.012 -7"><span class='ocrx_word' id='word_1_1225' title='bbox 294 2307 383 2342; x_wconf 75' lang='lat' dir='ltr'>regis,</span> <span class='ocrx_word' id='word_1_1226' title='bbox 403 2306 432 2332; x_wconf 89' lang='lat' dir='ltr'>in</span> <span class='ocrx_word' id='word_1_1227' title='bbox 445 2313 496 2340; x_wconf 88' lang='lat' dir='ltr'>qua</span> <span class='ocrx_word' id='word_1_1228' title='bbox 512 2303 629 2338; x_wconf 89' lang='lat' dir='ltr'>primum</span> <span class='ocrx_word' id='word_1_1229' title='bbox 643 2300 751 2326; x_wconf 81' lang='lat' dir='ltr'>inuenta</span> <span class='ocrx_word' id='word_1_1230' title='bbox 770 2298 831 2324; x_wconf 90' lang='lat' dir='ltr'>vela</span> <span class='ocrx_word' id='word_1_1231' title='bbox 847 2296 894 2322; x_wconf 90' lang='lat' dir='ltr'>illa</span> <span class='ocrx_word' id='word_1_1232' title='bbox 906 2295 1033 2329; x_wconf 82' lang='lat' dir='ltr'>ingentia.</span> <span class='ocrx_word' id='word_1_1233' title='bbox 1087 2292 1131 2319; x_wconf 87' lang='lat' dir='ltr'>Ad</span> <span class='ocrx_word' id='word_1_1234' title='bbox 1149 2290 1287 2317; x_wconf 81' lang='lat' dir='ltr'>theatralia</span> <span class='ocrx_word' id='word_1_1235' title='bbox 1306 2289 1353 2314; x_wconf 82' lang='lat' dir='ltr'>illa</span> <span class='ocrx_word' id='word_1_1236' title='bbox 1406 2291 1467 2318; x_wconf 85' lang='lat' dir='ltr'>dam</span> <span class='ocrx_word' id='word_1_1237' title='bbox 1482 2298 1563 2324; x_wconf 85' lang='lat' dir='ltr'>genus</span> <span class='ocrx_word' id='word_1_1238' title='bbox 1575 2297 1688 2320; x_wconf 87' lang='lat' dir='ltr'>eorum,</span> <span class='ocrx_word' id='word_1_1239' title='bbox 1710 2288 1758 2322; x_wconf 90' lang='lat' dir='ltr'>qui</span> <span class='ocrx_word' id='word_1_1240' title='bbox 1771 2289 1797 2314; x_wconf 91' lang='lat' dir='ltr'>se</span> <span class='ocrx_word' id='word_1_1241' title='bbox 1810 2296 1825 2314; x_wconf 88' lang='lat' dir='ltr'>a</span> <span class='ocrx_word' id='word_1_1242' title='bbox 1837 2296 1950 2323; x_wconf 77' lang='lat' dir='ltr'>corporev</span> <span class='ocrx_word' id='word_1_1243' title='bbox 1963 2296 2091 2322; x_wconf 85' lang='lat' dir='ltr'>auocent,</span> <span class='ocrx_word' id='word_1_1244' title='bbox 2111 2296 2136 2316; x_wconf 88' lang='lat' dir='ltr'>et</span> <span class='ocrx_word' id='word_1_1245' title='bbox 2150 2289 2183 2316; x_wconf 86' lang='lat' dir='ltr'>ad</span> <span class='ocrx_word' id='word_1_1246' title='bbox 2196 2289 2351 2317; x_wconf 73' lang='lat' dir='ltr'>diuinarum</span> 
     </span>
     <span class='ocr_line' id='line_1_97' title="bbox 296 2323 2372 2377; baseline -0.009 -7"><span class='ocrx_word' id='word_1_1247' title='bbox 296 2344 388 2371; x_wconf 86' lang='lat' dir='ltr'>aulaea</span> <span class='ocrx_word' id='word_1_1248' title='bbox 400 2340 503 2377; x_wconf 72' lang='lat' dir='ltr'>respicit</span> <span class='ocrx_word' id='word_1_1249' title='bbox 514 2339 610 2366; x_wconf 82' lang='lat' dir='ltr'>Horat.</span> <span class='ocrx_word' id='word_1_1250' title='bbox 625 2336 704 2371; x_wconf 78' lang='lat' dir='ltr'>Epist.</span> <span class='ocrx_word' id='word_1_1251' title='bbox 719 2342 745 2368; x_wconf 92' lang='lat'>2,</span> <span class='ocrx_word' id='word_1_1252' title='bbox 760 2343 786 2366; x_wconf 87' lang='lat'>1,</span> <span class='ocrx_word' id='word_1_1253' title='bbox 800 2337 844 2366; x_wconf 82' lang='lat'>189</span> <span class='ocrx_word' id='word_1_1254' title='bbox 871 2328 995 2365; x_wconf 79' lang='lat' dir='ltr'>Qa&#39;tuor</span> <span class='ocrx_word' id='word_1_1255' title='bbox 1012 2334 1057 2355; x_wconf 88' lang='lat' dir='ltr'>aut</span> <span class='ocrx_word' id='word_1_1256' title='bbox 1096 2328 1165 2354; x_wconf 65' lang='lat' dir='ltr'>iures</span> <span class='ocrx_word' id='word_1_1257' title='bbox 1185 2325 1275 2353; x_wconf 69' lang='lat' dir='ltr'>aulaea</span> <span class='ocrx_word' id='word_1_1258' title='bbox 1295 2331 1390 2365; x_wconf 27' lang='lat' dir='ltr'>mel-60</span> <span class='ocrx_word' id='word_1_1259' title='bbox 1405 2325 1589 2361; x_wconf 83' lang='lat' dir='ltr'>cognitionem</span> <span class='ocrx_word' id='word_1_1260' title='bbox 1609 2332 1672 2350; x_wconf 85' lang='lat' dir='ltr'>cura</span> <span class='ocrx_word' id='word_1_1261' title='bbox 1691 2323 1767 2350; x_wconf 90' lang='lat' dir='ltr'>omni</span> <span class='ocrx_word' id='word_1_1262' title='bbox 1787 2323 1928 2359; x_wconf 87' lang='lat' dir='ltr'>studioque</span> <span class='ocrx_word' id='word_1_1263' title='bbox 1946 2325 2092 2360; x_wconf 87' lang='lat' dir='ltr'>rapiantur.</span> <span class='ocrx_word' id='word_1_1264' title='bbox 2169 2326 2290 2352; x_wconf 85' lang='lat' dir='ltr'>Auocare</span> <span class='ocrx_word' id='word_1_1265' title='bbox 2312 2335 2328 2353; x_wconf 87' lang='lat' dir='ltr'>a</span> <span class='ocrx_word' id='word_1_1266' title='bbox 2345 2335 2372 2361; x_wconf 91' lang='lat' dir='ltr'>p</span> 
     </span>
     <span class='ocr_line' id='line_1_98' title="bbox 298 2358 2375 2428; baseline -0.01 -22"><span class='ocrx_word' id='word_1_1267' title='bbox 298 2381 407 2407; x_wconf 77' lang='lat' dir='ltr'>muntur</span> <span class='ocrx_word' id='word_1_1268' title='bbox 421 2378 449 2404; x_wconf 91' lang='lat' dir='ltr'>in</span> <span class='ocrx_word' id='word_1_1269' title='bbox 463 2376 557 2408; x_wconf 86' lang='lat' dir='ltr'>horas,</span> <span class='ocrx_word' id='word_1_1270' title='bbox 574 2380 604 2400; x_wconf 80' lang='lat' dir='ltr'>vt</span> <span class='ocrx_word' id='word_1_1271' title='bbox 618 2372 677 2399; x_wconf 83' lang='lat' dir='ltr'>adeo</span> <span class='ocrx_word' id='word_1_1272' title='bbox 689 2374 716 2398; x_wconf 89' lang='lat' dir='ltr'>in</span> <span class='ocrx_word' id='word_1_1273' title='bbox 728 2376 840 2407; x_wconf 73' lang='lat' dir='ltr'>apertam</span> <span class='ocrx_word' id='word_1_1274' title='bbox 846 2367 949 2404; x_wconf 74' lang='lat' dir='ltr'>stenam</span> <span class='ocrx_word' id='word_1_1275' title='bbox 962 2365 1053 2428; x_wconf 37' lang='lat' dir='ltr'>pro-[ape</span> <span class='ocrx_word' id='word_1_1276' title='bbox 1083 2373 1111 2390; x_wconf 83' lang='lat' dir='ltr'>us</span> <span class='ocrx_word' id='word_1_1277' title='bbox 1120 2369 1219 2400; x_wconf 75' lang='lat' dir='ltr'>pateat.</span> <span class='ocrx_word' id='word_1_1278' title='bbox 1254 2361 1297 2401; x_wconf 70' lang='lat' dir='ltr'>¹Ita</span> <span class='ocrx_word' id='word_1_1279' title='bbox 1310 2359 1354 2385; x_wconf 77' lang='lat' dir='ltr'>diu</span> <span class='ocrx_word' id='word_1_1280' title='bbox 1406 2362 1481 2389; x_wconf 80' lang='lat' dir='ltr'>Idem</span> <span class='ocrx_word' id='word_1_1281' title='bbox 1495 2360 1527 2388; x_wconf 84' lang='lat' dir='ltr'>de</span> <span class='ocrx_word' id='word_1_1282' title='bbox 1542 2359 1636 2395; x_wconf 83' lang='lat' dir='ltr'>Legib.</span> <span class='ocrx_word' id='word_1_1283' title='bbox 1653 2368 1685 2392; x_wconf 86' lang='lat'>2,</span> <span class='ocrx_word' id='word_1_1284' title='bbox 1705 2367 1723 2392; x_wconf 87' lang='lat'><em>9</em></span> <span class='ocrx_word' id='word_1_1285' title='bbox 1749 2369 1770 2385; x_wconf 87' lang='lat' dir='ltr'>c.</span> <span class='ocrx_word' id='word_1_1286' title='bbox 1786 2368 1804 2392; x_wconf 94' lang='lat'>4</span> <span class='ocrx_word' id='word_1_1287' title='bbox 1830 2360 1886 2392; x_wconf 75' lang='lat' dir='ltr'>sie,</span> <span class='ocrx_word' id='word_1_1288' title='bbox 1907 2360 2024 2387; x_wconf 90' lang='lat' dir='ltr'>Auocari</span> <span class='ocrx_word' id='word_1_1289' title='bbox 2043 2369 2058 2387; x_wconf 88' lang='lat' dir='ltr'>a</span> <span class='ocrx_word' id='word_1_1290' title='bbox 2078 2358 2154 2387; x_wconf 74' lang='lat' dir='ltr'>&#39;vitiis</span> <span class='ocrx_word' id='word_1_1291' title='bbox 2173 2361 2213 2388; x_wconf 91' lang='lat' dir='ltr'>Id.</span> <span class='ocrx_word' id='word_1_1292' title='bbox 2226 2360 2259 2388; x_wconf 87' lang='lat' dir='ltr'>de</span> <span class='ocrx_word' id='word_1_1293' title='bbox 2272 2362 2338 2389; x_wconf 75' lang='lat' dir='ltr'>Fato</span> <span class='ocrx_word' id='word_1_1294' title='bbox 2352 2370 2375 2389; x_wconf 85' lang='lat'>11</span> 
     </span>
     <span class='ocr_line' id='line_1_99' title="bbox 298 2395 2393 2450; baseline -0.009 -8"><span class='ocrx_word' id='word_1_1295' title='bbox 298 2421 382 2450; x_wconf 78' lang='lat' dir='ltr'>nempe</span> <span class='ocrx_word' id='word_1_1296' title='bbox 394 2413 469 2440; x_wconf 83' lang='lat' dir='ltr'>durat</span> <span class='ocrx_word' id='word_1_1297' title='bbox 479 2409 548 2439; x_wconf 70' lang='lat' dir='ltr'>aHio</span> <span class='ocrx_word' id='word_1_1298' title='bbox 554 2409 668 2447; x_wconf 77' lang='lat' dir='ltr'>fabulae.</span> <span class='ocrx_word' id='word_1_1299' title='bbox 706 2408 737 2434; x_wconf 87' lang='lat' dir='ltr'>In</span> <span class='ocrx_word' id='word_1_1300' title='bbox 747 2405 803 2443; x_wconf 79' lang='lat' dir='ltr'>fine</span> <span class='ocrx_word' id='word_1_1301' title='bbox 814 2405 944 2431; x_wconf 79' lang='lat' dir='ltr'>tolluntur.</span> <span class='ocrx_word' id='word_1_1302' title='bbox 1000 2402 1011 2428; x_wconf 88' lang='lat' dir='ltr'>I</span> <span class='ocrx_word' id='word_1_1303' title='bbox 1032 2410 1074 2427; x_wconf 87' lang='lat' dir='ltr'>em</span> <span class='ocrx_word' id='word_1_1304' title='bbox 1088 2400 1119 2426; x_wconf 89' lang='lat' dir='ltr'>A.</span> <span class='ocrx_word' id='word_1_1305' title='bbox 1135 2400 1161 2425; x_wconf 90' lang='lat' dir='ltr'>P.</span> <span class='ocrx_word' id='word_1_1306' title='bbox 1174 2407 1219 2431; x_wconf 79' lang='lat'>134</span> <span class='ocrx_word' id='word_1_1307' title='bbox 1239 2397 1266 2423; x_wconf 75' lang='lat' dir='ltr'>Sl</span> <span class='ocrx_word' id='word_1_1308' title='bbox 1280 2395 1352 2431; x_wconf 77' lang='lat' dir='ltr'>plau·</span> <span class='ocrx_word' id='word_1_1309' title='bbox 1407 2399 1431 2425; x_wconf 90' lang='lat' dir='ltr'>A</span> <span class='ocrx_word' id='word_1_1310' title='bbox 1445 2405 1508 2424; x_wconf 86' lang='lat' dir='ltr'>cura</span> <span class='ocrx_word' id='word_1_1311' title='bbox 1522 2396 1595 2423; x_wconf 90' lang='lat' dir='ltr'>vocis</span> <span class='ocrx_word' id='word_1_1312' title='bbox 1610 2395 1741 2422; x_wconf 80' lang='lat' dir='ltr'>dicentem</span> <span class='ocrx_word' id='word_1_1313' title='bbox 1760 2400 1854 2422; x_wconf 88' lang='lat' dir='ltr'>auocat</span> <span class='ocrx_word' id='word_1_1314' title='bbox 1872 2395 1980 2423; x_wconf 67' lang='lat' dir='ltr'>affectus</span> <span class='ocrx_word' id='word_1_1315' title='bbox 2000 2395 2132 2431; x_wconf 63' lang='lat' dir='ltr'>Qinefil.</span> <span class='ocrx_word' id='word_1_1316' title='bbox 2146 2404 2180 2430; x_wconf 91' lang='grc' dir='ltr'>ιι,</span> <span class='ocrx_word' id='word_1_1317' title='bbox 2192 2405 2216 2430; x_wconf 87' lang='grc'>3,</span> <span class='ocrx_word' id='word_1_1318' title='bbox 2229 2405 2269 2431; x_wconf 80' lang='lat'>25.</span> <span class='ocrx_word' id='word_1_1319' title='bbox 2339 2398 2381 2425; x_wconf 84' lang='lat' dir='ltr'>Au</span> <span class='ocrx_word' id='word_1_1320' title='bbox 2388 2403 2393 2420; x_wconf 83' lang='grc'>.’</span> 
     </span>
     <span class='ocr_line' id='line_1_100' title="bbox 300 2430 2400 2482; baseline -0.008 -4"><span class='ocrx_word' id='word_1_1321' title='bbox 300 2451 367 2478; x_wconf 85' lang='lat' dir='ltr'>soris</span> <span class='ocrx_word' id='word_1_1322' title='bbox 383 2447 514 2482; x_wconf 86' lang='lat' dir='ltr'>(fautoris</span> <span class='ocrx_word' id='word_1_1323' title='bbox 528 2447 629 2477; x_wconf 71' lang='lat' dir='ltr'>Bentl.)</span> <span class='ocrx_word' id='word_1_1324' title='bbox 647 2444 739 2471; x_wconf 85' lang='lat' dir='ltr'>aulaea</span> <span class='ocrx_word' id='word_1_1325' title='bbox 760 2440 907 2472; x_wconf 89' lang='lat' dir='ltr'>manentis,</span> <span class='ocrx_word' id='word_1_1326' title='bbox 928 2446 953 2465; x_wconf 89' lang='lat' dir='ltr'>et</span> <span class='ocrx_word' id='word_1_1327' title='bbox 972 2446 1055 2473; x_wconf 83' lang='lat' dir='ltr'>vsque</span> <span class='ocrx_word' id='word_1_1328' title='bbox 1076 2435 1171 2476; x_wconf 74' lang='lat' dir='ltr'>Sessuri</span> <span class='ocrx_word' id='word_1_1329' title='bbox 1190 2433 1273 2461; x_wconf 85' lang='lat' dir='ltr'>donec</span> <span class='ocrx_word' id='word_1_1330' title='bbox 1293 2440 1352 2472; x_wconf 67' lang='lat' dir='ltr'>can·</span> <span class='ocrx_word' id='word_1_1331' title='bbox 1406 2433 1520 2461; x_wconf 88' lang='lat' dir='ltr'>omnino</span> <span class='ocrx_word' id='word_1_1332' title='bbox 1538 2441 1552 2459; x_wconf 87' lang='lat' dir='ltr'>a</span> <span class='ocrx_word' id='word_1_1333' title='bbox 1565 2430 1735 2467; x_wconf 85' lang='lat' dir='ltr'>philosophia</span> <span class='ocrx_word' id='word_1_1334' title='bbox 1754 2431 1811 2458; x_wconf 85' lang='lat' dir='ltr'>Cic.</span> <span class='ocrx_word' id='word_1_1335' title='bbox 1827 2430 1861 2457; x_wconf 85' lang='lat' dir='ltr'>de</span> <span class='ocrx_word' id='word_1_1336' title='bbox 1874 2431 1933 2458; x_wconf 85' lang='lat' dir='ltr'>Fin.</span> <span class='ocrx_word' id='word_1_1337' title='bbox 1949 2440 1967 2464; x_wconf 93' lang='grc' dir='ltr'>ι,</span> <span class='ocrx_word' id='word_1_1338' title='bbox 1981 2440 2006 2459; x_wconf 87' lang='lat'>2.</span> <span class='ocrx_word' id='word_1_1339' title='bbox 2062 2433 2184 2460; x_wconf 87' lang='lat' dir='ltr'>Auocare</span> <span class='ocrx_word' id='word_1_1340' title='bbox 2200 2433 2317 2461; x_wconf 83' lang='lat' dir='ltr'>intentos</span> <span class='ocrx_word' id='word_1_1341' title='bbox 2331 2434 2372 2461; x_wconf 91' lang='lat' dir='ltr'>Co</span> <span class='ocrx_word' id='word_1_1342' title='bbox 2390 2440 2400 2455; x_wconf 44' lang='grc' dir='ltr'>ιι</span> 
     </span>
     <span class='ocr_line' id='line_1_101' title="bbox 300 2466 2419 2520; baseline -0.011 -8"><span class='ocrx_word' id='word_1_1343' title='bbox 300 2493 359 2519; x_wconf 88' lang='lat' dir='ltr'>tor,</span> <span class='ocrx_word' id='word_1_1344' title='bbox 377 2486 432 2513; x_wconf 88' lang='lat' dir='ltr'>Vos</span> <span class='ocrx_word' id='word_1_1345' title='bbox 445 2483 578 2520; x_wconf 88' lang='lat' dir='ltr'>plaudite,</span> <span class='ocrx_word' id='word_1_1346' title='bbox 593 2481 672 2508; x_wconf 88' lang='lat' dir='ltr'>dicat.</span> <span class='ocrx_word' id='word_1_1347' title='bbox 726 2479 783 2506; x_wconf 91' lang='lat' dir='ltr'>Cic.</span> <span class='ocrx_word' id='word_1_1348' title='bbox 800 2486 849 2512; x_wconf 91' lang='lat' dir='ltr'>pro</span> <span class='ocrx_word' id='word_1_1349' title='bbox 863 2475 935 2502; x_wconf 85' lang='lat' dir='ltr'>Cael.</span> <span class='ocrx_word' id='word_1_1350' title='bbox 947 2482 974 2508; x_wconf 73' lang='lat'>53</span> <span class='ocrx_word' id='word_1_1351' title='bbox 994 2481 1059 2513; x_wconf 68' lang='lat'>⁶⁵27</span> <span class='ocrx_word' id='word_1_1352' title='bbox 1079 2473 1160 2512; x_wconf 80' lang='lat' dir='ltr'>Minu</span> <span class='ocrx_word' id='word_1_1353' title='bbox 1171 2478 1236 2506; x_wconf 81' lang='lat' dir='ltr'>ergo</span> <span class='ocrx_word' id='word_1_1354' title='bbox 1249 2468 1285 2509; x_wconf 58' lang='lat' dir='ltr'>es}</span> <span class='ocrx_word' id='word_1_1355' title='bbox 1299 2475 1354 2507; x_wconf 69' lang='grc' dir='ltr'><strong>ιᾶιιι</strong></span> <span class='ocrx_word' id='word_1_1356' title='bbox 1407 2479 1422 2496; x_wconf 93' lang='lat' dir='ltr'>a</span> <span class='ocrx_word' id='word_1_1357' title='bbox 1435 2469 1510 2496; x_wconf 85' lang='lat' dir='ltr'>bello</span> <span class='ocrx_word' id='word_1_1358' title='bbox 1523 2469 1584 2495; x_wconf 92' lang='lat' dir='ltr'>Liu.</span> <span class='ocrx_word' id='word_1_1359' title='bbox 1599 2475 1644 2500; x_wconf 75' lang='lat'>25,</span> <span class='ocrx_word' id='word_1_1360' title='bbox 1681 2487 1688 2493; x_wconf 96' lang='lat'>.</span> <span class='ocrx_word' id='word_1_1361' title='bbox 1725 2486 1731 2493; x_wconf 95' lang='lat'>.</span> <span class='ocrx_word' id='word_1_1362' title='bbox 1770 2486 1777 2493; x_wconf 94' lang='lat'>.</span> <span class='ocrx_word' id='word_1_1363' title='bbox 1831 2466 1899 2493; x_wconf 82' lang='lat' dir='ltr'>Add.</span> <span class='ocrx_word' id='word_1_1364' title='bbox 1918 2467 1989 2503; x_wconf 87' lang='lat' dir='ltr'>Nep.</span> <span class='ocrx_word' id='word_1_1365' title='bbox 2004 2474 2046 2501; x_wconf 85' lang='grc' dir='ltr'>ις,</span> <span class='ocrx_word' id='word_1_1366' title='bbox 2067 2475 2097 2501; x_wconf 83' lang='grc' dir='ltr'>ς,</span> <span class='ocrx_word' id='word_1_1367' title='bbox 2113 2476 2137 2500; x_wconf 83' lang='grc'>3.</span> <span class='ocrx_word' id='word_1_1368' title='bbox 2197 2468 2265 2495; x_wconf 70' lang='grc' dir='ltr'>Ὲὶε.</span> <span class='ocrx_word' id='word_1_1369' title='bbox 2285 2468 2365 2496; x_wconf 77' lang='lat' dir='ltr'>Acad,</span> <span class='ocrx_word' id='word_1_1370' title='bbox 2384 2477 2399 2496; x_wconf 43' lang='grc' dir='ltr'>ιχ</span> <span class='ocrx_word' id='word_1_1371' title='bbox 2409 2471 2419 2489; x_wconf 81' lang='lat'>1:</span> 
     </span>
     <span class='ocr_line' id='line_1_102' title="bbox 301 2494 2417 2554; baseline -0.008 -7"><span class='ocrx_word' id='word_1_1372' title='bbox 301 2523 389 2549; x_wconf 81' lang='lat' dir='ltr'>exitus</span> <span class='ocrx_word' id='word_1_1373' title='bbox 398 2541 406 2554; x_wconf 90' lang='lat'>‚</span> <span class='ocrx_word' id='word_1_1374' title='bbox 425 2530 481 2547; x_wconf 84' lang='lat' dir='ltr'>non</span> <span class='ocrx_word' id='word_1_1375' title='bbox 493 2519 614 2546; x_wconf 80' lang='lat' dir='ltr'>fabulae:</span> <span class='ocrx_word' id='word_1_1376' title='bbox 641 2517 671 2544; x_wconf 87' lang='lat' dir='ltr'>in</span> <span class='ocrx_word' id='word_1_1377' title='bbox 682 2525 736 2551; x_wconf 90' lang='lat' dir='ltr'>quo</span> <span class='ocrx_word' id='word_1_1378' title='bbox 749 2522 834 2550; x_wconf 90' lang='lat' dir='ltr'>quum</span> <span class='ocrx_word' id='word_1_1379' title='bbox 848 2512 964 2539; x_wconf 87' lang='lat' dir='ltr'>clausula</span> <span class='ocrx_word' id='word_1_1380' title='bbox 976 2519 1031 2536; x_wconf 87' lang='lat' dir='ltr'>non</span> <span class='ocrx_word' id='word_1_1381' title='bbox 1045 2514 1184 2536; x_wconf 81' lang='lat' dir='ltr'>inuenitur</span> <span class='ocrx_word' id='word_1_1382' title='bbox 1193 2526 1201 2539; x_wconf 91' lang='lat'>,</span> <span class='ocrx_word' id='word_1_1383' title='bbox 1220 2505 1292 2540; x_wconf 84' lang='lat' dir='ltr'>fugit</span> <span class='ocrx_word' id='word_1_1384' title='bbox 1305 2503 1354 2530; x_wconf 78' lang='lat' dir='ltr'>ali·</span> <span class='ocrx_word' id='word_1_1385' title='bbox 1362 2506 1394 2538; x_wconf 79' lang='lat'>65</span> <span class='ocrx_word' id='word_1_1386' title='bbox 1407 2506 1510 2533; x_wconf 83' lang='lat' dir='ltr'>Primus</span> <span class='ocrx_word' id='word_1_1387' title='bbox 1524 2513 1538 2530; x_wconf 92' lang='lat' dir='ltr'>a</span> <span class='ocrx_word' id='word_1_1388' title='bbox 1551 2503 1629 2530; x_wconf 87' lang='lat' dir='ltr'>rebus</span> <span class='ocrx_word' id='word_1_1389' title='bbox 1642 2502 1753 2529; x_wconf 85' lang='lat' dir='ltr'>occultis</span> <span class='ocrx_word' id='word_1_1390' title='bbox 1762 2522 1770 2535; x_wconf 92' lang='lat'>,</span> <span class='ocrx_word' id='word_1_1391' title='bbox 1788 2508 1814 2529; x_wconf 86' lang='lat' dir='ltr'>et</span> <span class='ocrx_word' id='word_1_1392' title='bbox 1827 2501 1860 2529; x_wconf 88' lang='lat' dir='ltr'>ab</span> <span class='ocrx_word' id='word_1_1393' title='bbox 1874 2502 1928 2538; x_wconf 87' lang='lat' dir='ltr'>ipsa</span> <span class='ocrx_word' id='word_1_1394' title='bbox 1941 2509 2034 2530; x_wconf 90' lang='lat' dir='ltr'>natura</span> <span class='ocrx_word' id='word_1_1395' title='bbox 2051 2503 2198 2536; x_wconf 75' lang='lat' dir='ltr'>inuolutis,</span> <span class='ocrx_word' id='word_1_1396' title='bbox 2217 2503 2247 2530; x_wconf 84' lang='lat' dir='ltr'>in</span> <span class='ocrx_word' id='word_1_1397' title='bbox 2260 2503 2387 2539; x_wconf 83' lang='lat' dir='ltr'>quibus.o</span> <span class='ocrx_word' id='word_1_1398' title='bbox 2405 2494 2417 2527; x_wconf 62' lang='grc' dir='ltr'>ιί</span> 
     </span>
     <span class='ocr_line' id='line_1_103' title="bbox 302 2537 2423 2593; baseline -0.008 -9"><span class='ocrx_word' id='word_1_1399' title='bbox 302 2558 362 2593; x_wconf 82' lang='lat' dir='ltr'>quis</span> <span class='ocrx_word' id='word_1_1400' title='bbox 375 2566 390 2583; x_wconf 91' lang='lat' dir='ltr'>e</span> <span class='ocrx_word' id='word_1_1401' title='bbox 403 2556 526 2583; x_wconf 88' lang='lat' dir='ltr'>manibus</span> <span class='ocrx_word' id='word_1_1402' title='bbox 540 2566 546 2581; x_wconf 89' lang='lat'>:</span> <span class='ocrx_word' id='word_1_1403' title='bbox 575 2552 672 2580; x_wconf 86' lang='lat' dir='ltr'>deinde</span> <span class='ocrx_word' id='word_1_1404' title='bbox 687 2550 797 2579; x_wconf 85' lang='lat' dir='ltr'>scabella</span> <span class='ocrx_word' id='word_1_1405' title='bbox 811 2553 984 2583; x_wconf 86' lang='lat' dir='ltr'>concrepant,</span> <span class='ocrx_word' id='word_1_1406' title='bbox 1004 2545 1128 2572; x_wconf 88' lang='lat' dir='ltr'>aulaeum</span> <span class='ocrx_word' id='word_1_1407' title='bbox 1141 2542 1256 2570; x_wconf 89' lang='lat' dir='ltr'>tollitur.</span> <span class='ocrx_word' id='word_1_1408' title='bbox 1292 2541 1352 2566; x_wconf 90' lang='lat' dir='ltr'>qu.</span> <span class='ocrx_word' id='word_1_1409' title='bbox 1409 2542 1459 2570; x_wconf 88' lang='lat' dir='ltr'>bus</span> <span class='ocrx_word' id='word_1_1410' title='bbox 1476 2548 1536 2568; x_wconf 87' lang='lat' dir='ltr'>ante</span> <span class='ocrx_word' id='word_1_1411' title='bbox 1555 2548 1616 2566; x_wconf 91' lang='lat' dir='ltr'>eum</span> <span class='ocrx_word' id='word_1_1412' title='bbox 1633 2537 1786 2573; x_wconf 86' lang='lat' dir='ltr'>philosophi</span> <span class='ocrx_word' id='word_1_1413' title='bbox 1805 2538 1926 2574; x_wconf 84' lang='lat' dir='ltr'>occupati</span> <span class='ocrx_word' id='word_1_1414' title='bbox 1940 2539 2066 2572; x_wconf 88' lang='lat' dir='ltr'>fuerunt,</span> <span class='ocrx_word' id='word_1_1415' title='bbox 2084 2539 2232 2566; x_wconf 79' lang='lat' dir='ltr'>auocauiffe</span> <span class='ocrx_word' id='word_1_1416' title='bbox 2244 2538 2423 2574; x_wconf 67' lang='lat' dir='ltr'>philosophia</span> 
     </span>
     <span class='ocr_line' id='line_1_104' title="bbox 303 2573 2419 2628; baseline -0.011 -7"><span class='ocrx_word' id='word_1_1417' title='bbox 303 2596 331 2627; x_wconf 89' lang='lat'>6,</span> <span class='ocrx_word' id='word_1_1418' title='bbox 344 2595 379 2628; x_wconf 85' lang='lat'>67</span> <span class='ocrx_word' id='word_1_1419' title='bbox 405 2592 519 2626; x_wconf 79' lang='lat' dir='ltr'>Qioties</span> <span class='ocrx_word' id='word_1_1420' title='bbox 539 2590 630 2617; x_wconf 86' lang='lat' dir='ltr'>aulaea</span> <span class='ocrx_word' id='word_1_1421' title='bbox 646 2587 785 2616; x_wconf 86' lang='lat' dir='ltr'>recondita</span> <span class='ocrx_word' id='word_1_1422' title='bbox 803 2585 912 2616; x_wconf 78' lang='lat' dir='ltr'>cessant,</span> <span class='ocrx_word' id='word_1_1423' title='bbox 940 2586 959 2609; x_wconf 91' lang='lat' dir='ltr'>i.</span> <span class='ocrx_word' id='word_1_1424' title='bbox 979 2592 1027 2608; x_wconf 86' lang='lat' dir='ltr'>non</span> <span class='ocrx_word' id='word_1_1425' title='bbox 1049 2587 1159 2614; x_wconf 64' lang='lat' dir='ltr'>aguntur</span> <span class='ocrx_word' id='word_1_1426' title='bbox 1182 2578 1235 2606; x_wconf 86' lang='lat' dir='ltr'>ludi</span> <span class='ocrx_word' id='word_1_1427' title='bbox 1250 2576 1356 2616; x_wconf 73' lang='lat' dir='ltr'>fienici.</span> <span class='ocrx_word' id='word_1_1428' title='bbox 1408 2584 1434 2605; x_wconf 90' lang='lat' dir='ltr'>et</span> <span class='ocrx_word' id='word_1_1429' title='bbox 1447 2578 1480 2604; x_wconf 87' lang='lat' dir='ltr'>ad</span> <span class='ocrx_word' id='word_1_1430' title='bbox 1493 2577 1576 2604; x_wconf 86' lang='lat' dir='ltr'>vitam</span> <span class='ocrx_word' id='word_1_1431' title='bbox 1592 2583 1761 2602; x_wconf 83' lang='lat' dir='ltr'>communem</span> <span class='ocrx_word' id='word_1_1432' title='bbox 1776 2573 1925 2607; x_wconf 82' lang='lat' dir='ltr'>adduxisse,</span> <span class='ocrx_word' id='word_1_1433' title='bbox 1944 2581 1975 2602; x_wconf 90' lang='lat' dir='ltr'>vt</span> <span class='ocrx_word' id='word_1_1434' title='bbox 1989 2574 2021 2601; x_wconf 90' lang='lat' dir='ltr'>de</span> <span class='ocrx_word' id='word_1_1435' title='bbox 2039 2574 2202 2608; x_wconf 88' lang='lat' dir='ltr'>virtutibus,</span> <span class='ocrx_word' id='word_1_1436' title='bbox 2220 2575 2313 2608; x_wconf 87' lang='lat' dir='ltr'>vitiis,</span> <span class='ocrx_word' id='word_1_1437' title='bbox 2333 2575 2419 2601; x_wconf 86' lang='lat' dir='ltr'>omn&#39;.</span> 
     </span>
     <span class='ocr_line' id='line_1_105' title="bbox 305 2610 2421 2657; baseline -0.009 -2"><span class='ocrx_word' id='word_1_1438' title='bbox 305 2628 437 2657; x_wconf 86' lang='lat' dir='ltr'>Ammian.</span> <span class='ocrx_word' id='word_1_1439' title='bbox 450 2626 568 2654; x_wconf 90' lang='lat' dir='ltr'>Marcell.</span> <span class='ocrx_word' id='word_1_1440' title='bbox 590 2627 668 2657; x_wconf 86' lang='lat'>16,.6</span> <span class='ocrx_word' id='word_1_1441' title='bbox 694 2625 782 2650; x_wconf 89' lang='lat' dir='ltr'>Dorus</span> <span class='ocrx_word' id='word_1_1442' title='bbox 803 2621 929 2653; x_wconf 85' lang='lat' dir='ltr'>euanuit,</span> <span class='ocrx_word' id='word_1_1443' title='bbox 951 2625 977 2646; x_wconf 88' lang='lat' dir='ltr'>et</span> <span class='ocrx_word' id='word_1_1444' title='bbox 991 2613 1144 2645; x_wconf 81' lang='lat' dir='ltr'>Veriffimus</span> <span class='ocrx_word' id='word_1_1445' title='bbox 1162 2615 1238 2642; x_wconf 90' lang='lat' dir='ltr'>illico</span> <span class='ocrx_word' id='word_1_1446' title='bbox 1257 2617 1355 2643; x_wconf 86' lang='lat' dir='ltr'>tacu1t‚</span> <span class='ocrx_word' id='word_1_1447' title='bbox 1408 2623 1460 2649; x_wconf 89' lang='lat' dir='ltr'>que</span> <span class='ocrx_word' id='word_1_1448' title='bbox 1479 2613 1511 2639; x_wconf 91' lang='lat' dir='ltr'>de</span> <span class='ocrx_word' id='word_1_1449' title='bbox 1527 2611 1605 2639; x_wconf 89' lang='lat' dir='ltr'>bonis</span> <span class='ocrx_word' id='word_1_1450' title='bbox 1622 2610 1702 2637; x_wconf 88' lang='lat' dir='ltr'>rebus</span> <span class='ocrx_word' id='word_1_1451' title='bbox 1724 2616 1749 2636; x_wconf 85' lang='lat' dir='ltr'>et</span> <span class='ocrx_word' id='word_1_1452' title='bbox 1768 2610 1843 2636; x_wconf 80' lang='lat' dir='ltr'>malis</span> <span class='ocrx_word' id='word_1_1453' title='bbox 1861 2615 2010 2645; x_wconf 85' lang='lat' dir='ltr'>quaereret.</span> <span class='ocrx_word' id='word_1_1454' title='bbox 2082 2610 2186 2637; x_wconf 79' lang='lat' dir='ltr'>Messala</span> <span class='ocrx_word' id='word_1_1455' title='bbox 2204 2611 2272 2646; x_wconf 80' lang='lat' dir='ltr'>apud</span> <span class='ocrx_word' id='word_1_1456' title='bbox 2285 2611 2354 2637; x_wconf 79' lang='lat' dir='ltr'>Gen.</span> <span class='ocrx_word' id='word_1_1457' title='bbox 2370 2612 2421 2643; x_wconf 60' lang='grc' dir='ltr'>ι3Δ</span> 
     </span>
     <span class='ocr_line' id='line_1_106' title="bbox 304 2641 2428 2696; baseline -0.009 -5"><span class='ocrx_word' id='word_1_1458' title='bbox 304 2665 380 2692; x_wconf 85' lang='lat' dir='ltr'>velut</span> <span class='ocrx_word' id='word_1_1459' title='bbox 397 2663 490 2691; x_wconf 86' lang='lat' dir='ltr'>aulaeo</span> <span class='ocrx_word' id='word_1_1460' title='bbox 503 2660 620 2696; x_wconf 85' lang='lat' dir='ltr'>deposito</span> <span class='ocrx_word' id='word_1_1461' title='bbox 634 2661 731 2686; x_wconf 87' lang='lat' dir='ltr'>scenae.</span> <span class='ocrx_word' id='word_1_1462' title='bbox 775 2657 849 2685; x_wconf 87' lang='lat' dir='ltr'>Idem</span> <span class='ocrx_word' id='word_1_1463' title='bbox 862 2658 906 2689; x_wconf 81' lang='lat'>26,</span> <span class='ocrx_word' id='word_1_1464' title='bbox 921 2658 937 2682; x_wconf 90' lang='lat'><em>6</em></span> <span class='ocrx_word' id='word_1_1465' title='bbox 957 2656 991 2681; x_wconf 87' lang='lat' dir='ltr'>Vt</span> <span class='ocrx_word' id='word_1_1466' title='bbox 1006 2654 1035 2680; x_wconf 89' lang='lat' dir='ltr'>in</span> <span class='ocrx_word' id='word_1_1467' title='bbox 1050 2651 1174 2680; x_wconf 87' lang='lat' dir='ltr'>theatrali</span> <span class='ocrx_word' id='word_1_1468' title='bbox 1186 2648 1354 2689; x_wconf 46' lang='lat' dir='ltr'>scena-simu·</span> <span class='ocrx_word' id='word_1_1469' title='bbox 1410 2649 1509 2677; x_wconf 73' lang='lat' dir='ltr'>Consul</span> <span class='ocrx_word' id='word_1_1470' title='bbox 1523 2648 1556 2675; x_wconf 84' lang='lat' dir='ltr'>ab</span> <span class='ocrx_word' id='word_1_1471' title='bbox 1571 2645 1695 2674; x_wconf 88' lang='lat' dir='ltr'>omnibus</span> <span class='ocrx_word' id='word_1_1472' title='bbox 1708 2645 1904 2681; x_wconf 80' lang='lat' dir='ltr'>magistratibus</span> <span class='ocrx_word' id='word_1_1473' title='bbox 1917 2653 1943 2673; x_wconf 83' lang='lat' dir='ltr'>et</span> <span class='ocrx_word' id='word_1_1474' title='bbox 1955 2645 2124 2673; x_wconf 88' lang='lat' dir='ltr'>comitiatum</span> <span class='ocrx_word' id='word_1_1475' title='bbox 2138 2652 2164 2672; x_wconf 85' lang='lat' dir='ltr'>et</span> <span class='ocrx_word' id='word_1_1476' title='bbox 2176 2647 2334 2673; x_wconf 89' lang='lat' dir='ltr'>concionem</span> <span class='ocrx_word' id='word_1_1477' title='bbox 2346 2654 2390 2673; x_wconf 86' lang='lat' dir='ltr'>au</span> <span class='ocrx_word' id='word_1_1478' title='bbox 2419 2641 2428 2676; x_wconf 51' lang='grc' dir='ltr'><strong>ι’</strong></span> 
     </span>
     <span class='ocr_line' id='line_1_107' title="bbox 304 2681 2390 2735; baseline -0.01 -7"><span class='ocrx_word' id='word_1_1479' title='bbox 304 2702 405 2728; x_wconf 86' lang='lat' dir='ltr'>lacrum</span> <span class='ocrx_word' id='word_1_1480' title='bbox 425 2698 559 2735; x_wconf 88' lang='lat' dir='ltr'>quoddam</span> <span class='ocrx_word' id='word_1_1481' title='bbox 578 2695 678 2731; x_wconf 81' lang='lat' dir='ltr'>insigne</span> <span class='ocrx_word' id='word_1_1482' title='bbox 702 2703 748 2730; x_wconf 89' lang='lat' dir='ltr'>per</span> <span class='ocrx_word' id='word_1_1483' title='bbox 768 2694 908 2724; x_wconf 87' lang='lat' dir='ltr'>aulaeum,</span> <span class='ocrx_word' id='word_1_1484' title='bbox 934 2691 977 2718; x_wconf 88' lang='lat' dir='ltr'>vel</span> <span class='ocrx_word' id='word_1_1485' title='bbox 997 2690 1134 2717; x_wconf 86' lang='lat' dir='ltr'>mimicam</span> <span class='ocrx_word' id='word_1_1486' title='bbox 1156 2686 1394 2716; x_wconf 76' lang='lat' dir='ltr'>cauillationem70</span> <span class='ocrx_word' id='word_1_1487' title='bbox 1407 2685 1500 2722; x_wconf 82' lang='lat' dir='ltr'>potest.</span> <span class='ocrx_word' id='word_1_1488' title='bbox 1549 2685 1657 2711; x_wconf 83' lang='lat' dir='ltr'>Praetor</span> <span class='ocrx_word' id='word_1_1489' title='bbox 1675 2687 1700 2708; x_wconf 87' lang='lat' dir='ltr'>et</span> <span class='ocrx_word' id='word_1_1490' title='bbox 1722 2682 1890 2709; x_wconf 76' lang='lat' dir='ltr'>comitiatum</span> <span class='ocrx_word' id='word_1_1491' title='bbox 1912 2688 1938 2709; x_wconf 76' lang='lat' dir='ltr'>et</span> <span class='ocrx_word' id='word_1_1492' title='bbox 1958 2681 2116 2709; x_wconf 71' lang='lat' dir='ltr'>concionem</span> <span class='ocrx_word' id='word_1_1493' title='bbox 2136 2690 2328 2717; x_wconf 83' lang='lat' dir='ltr'>vsqucquaque</span> <span class='ocrx_word' id='word_1_1494' title='bbox 2347 2690 2362 2709; x_wconf 80' lang='lat' dir='ltr'>a</span> <span class='ocrx_word' id='word_1_1495' title='bbox 2380 2683 2390 2711; x_wconf 70' lang='grc' dir='ltr'>’ἶ</span> 
     </span>
     <span class='ocr_line' id='line_1_108' title="bbox 307 2717 2370 2770; baseline -0.018 -6"><span class='ocrx_word' id='word_1_1496' title='bbox 307 2737 395 2765; x_wconf 85' lang='lat' dir='ltr'>subito</span> <span class='ocrx_word' id='word_1_1497' title='bbox 418 2741 523 2770; x_wconf 86' lang='lat' dir='ltr'>putares</span> <span class='ocrx_word' id='word_1_1498' title='bbox 542 2732 672 2760; x_wconf 87' lang='lat' dir='ltr'>emersum</span> <span class='ocrx_word' id='word_1_1499' title='bbox 685 2742 691 2757; x_wconf 90' lang='lat'>:</span> <span class='ocrx_word' id='word_1_1500' title='bbox 724 2730 752 2756; x_wconf 86' lang='lat' dir='ltr'>de</span> <span class='ocrx_word' id='word_1_1501' title='bbox 766 2731 884 2763; x_wconf 82' lang='lat' dir='ltr'>Procopio</span> <span class='ocrx_word' id='word_1_1502' title='bbox 899 2728 999 2764; x_wconf 73' lang='lat' dir='ltr'>scenim</span> <span class='ocrx_word' id='word_1_1503' title='bbox 1025 2727 1107 2757; x_wconf 78' lang='lat' dir='ltr'>velut,</span> <span class='ocrx_word' id='word_1_1504' title='bbox 1129 2725 1171 2750; x_wconf 79' lang='lat' dir='ltr'>vel</span> <span class='ocrx_word' id='word_1_1505' title='bbox 1188 2724 1285 2749; x_wconf 86' lang='lat' dir='ltr'>mimico</span> <span class='ocrx_word' id='word_1_1506' title='bbox 1305 2721 1356 2746; x_wconf 86' lang='lat' dir='ltr'>Im·</span> <span class='ocrx_word' id='word_1_1507' title='bbox 1409 2721 1508 2757; x_wconf 75' lang='lat' dir='ltr'>potest,</span> <span class='ocrx_word' id='word_1_1508' title='bbox 1523 2719 1572 2746; x_wconf 76' lang='lat' dir='ltr'>nisi</span> <span class='ocrx_word' id='word_1_1509' title='bbox 1585 2729 1600 2746; x_wconf 67' lang='lat' dir='ltr'>a</span> <span class='ocrx_word' id='word_1_1510' title='bbox 1614 2717 1728 2745; x_wconf 74' lang='lat' dir='ltr'>Consule</span> <span class='ocrx_word' id='word_1_1511' title='bbox 1745 2725 1790 2745; x_wconf 80' lang='lat' dir='ltr'>etc.</span> <span class='ocrx_word' id='word_1_1512' title='bbox 1862 2719 1983 2746; x_wconf 64' lang='lat' dir='ltr'>Auocare</span> <span class='ocrx_word' id='word_1_1513' title='bbox 1995 2726 2068 2745; x_wconf 61' lang='lat' dir='ltr'>arma</span> <span class='ocrx_word' id='word_1_1514' title='bbox 2082 2717 2214 2752; x_wconf 47' lang='lat' dir='ltr'>Qlinfffl·</span> <span class='ocrx_word' id='word_1_1515' title='bbox 2227 2726 2253 2751; x_wconf 56' lang='lat'>9,</span> <span class='ocrx_word' id='word_1_1516' title='bbox 2266 2726 2286 2752; x_wconf 56' lang='grc' dir='ltr'>ι,</span> <span class='ocrx_word' id='word_1_1517' title='bbox 2297 2726 2342 2751; x_wconf 61' lang='lat'>20,</span> <span class='ocrx_word' id='word_1_1518' title='bbox 2352 2731 2370 2762; x_wconf 35' lang='grc' dir='ltr'>ἢ,</span> 
     </span>
    </p>
   </div>
   <div class='ocr_carea' id='block_1_14' title="bbox 300 2753 2413 2810">
    <p class='ocr_par' dir='ltr' id='par_1_15' title="bbox 300 2753 2413 2810">
     <span class='ocr_line' id='line_1_109' title="bbox 300 2753 2413 2810; baseline -0.009 -10"><span class='ocrx_word' id='word_1_1519' title='bbox 300 2779 427 2810; x_wconf 71' lang='lat' dir='ltr'>peratore.</span> <span class='ocrx_word' id='word_1_1520' title='bbox 604 2765 625 2805; x_wconf 55' lang='lat' dir='ltr'><strong>ff</strong></span> <span class='ocrx_word' id='word_1_1521' title='bbox 646 2776 662 2794; x_wconf 86' lang='lat'>2</span> <span class='ocrx_word' id='word_1_1522' title='bbox 696 2767 827 2793; x_wconf 72' lang='lat' dir='ltr'>Pertinent</span> <span class='ocrx_word' id='word_1_1523' title='bbox 842 2763 932 2790; x_wconf 86' lang='lat' dir='ltr'>aulaea</span> <span class='ocrx_word' id='word_1_1524' title='bbox 945 2765 1018 2789; x_wconf 83' lang='lat' dir='ltr'>etiam</span> <span class='ocrx_word' id='word_1_1525' title='bbox 1031 2761 1065 2788; x_wconf 83' lang='lat' dir='ltr'>ad</span> <span class='ocrx_word' id='word_1_1526' title='bbox 1077 2760 1148 2797; x_wconf 72' lang='lat' dir='ltr'>usum</span> <span class='ocrx_word' id='word_1_1527' title='bbox 1160 2759 1316 2786; x_wconf 78' lang='lat' dir='ltr'>coenantium</span> <span class='ocrx_word' id='word_1_1528' title='bbox 1329 2757 1356 2780; x_wconf 88' lang='lat' dir='ltr'>in</span> <span class='ocrx_word' id='word_1_1529' title='bbox 1408 2761 1487 2785; x_wconf 51' lang='lat' dir='ltr'>toriae</span> <span class='ocrx_word' id='word_1_1530' title='bbox 1506 2759 1573 2783; x_wconf 83' lang='lat' dir='ltr'>artis</span> <span class='ocrx_word' id='word_1_1531' title='bbox 1593 2755 1709 2787; x_wconf 73' lang='lat' dir='ltr'>verbum,</span> <span class='ocrx_word' id='word_1_1532' title='bbox 1732 2764 1787 2780; x_wconf 87' lang='lat' dir='ltr'>cum</span> <span class='ocrx_word' id='word_1_1533' title='bbox 1805 2754 1934 2781; x_wconf 83' lang='lat' dir='ltr'>inducitur</span> <span class='ocrx_word' id='word_1_1534' title='bbox 1953 2753 2129 2789; x_wconf 74' lang='lat' dir='ltr'>aduersarius,</span> <span class='ocrx_word' id='word_1_1535' title='bbox 2155 2760 2185 2780; x_wconf 82' lang='lat' dir='ltr'>vt</span> <span class='ocrx_word' id='word_1_1536' title='bbox 2206 2753 2269 2780; x_wconf 74' lang='lat' dir='ltr'>dum&#39;</span> <span class='ocrx_word' id='word_1_1537' title='bbox 2281 2754 2330 2781; x_wconf 80' lang='lat' dir='ltr'>alle</span> <span class='ocrx_word' id='word_1_1538' title='bbox 2351 2764 2379 2787; x_wconf 47' lang='grc' dir='ltr'><strong>ιφ</strong></span> <span class='ocrx_word' id='word_1_1539' title='bbox 2406 2767 2413 2791; x_wconf 64' lang='lat'><em>5</em></span> 
     </span>
    </p>
   </div>
   <div class='ocr_carea' id='block_1_15' title="bbox 305 2785 2423 2984">
    <p class='ocr_par' dir='ltr' id='par_1_16' title="bbox 305 2785 2423 2910">
     <span class='ocr_line' id='line_1_110' title="bbox 305 2785 2423 2836; baseline -0.014 0"><span class='ocrx_word' id='word_1_1540' title='bbox 305 2811 384 2836; x_wconf 79' lang='lat' dir='ltr'>atriis</span> <span class='ocrx_word' id='word_1_1541' title='bbox 397 2814 421 2834; x_wconf 77' lang='lat' dir='ltr'>ct</span> <span class='ocrx_word' id='word_1_1542' title='bbox 435 2805 591 2836; x_wconf 86' lang='lat' dir='ltr'>Porticibus,</span> <span class='ocrx_word' id='word_1_1543' title='bbox 611 2810 641 2829; x_wconf 82' lang='lat' dir='ltr'>vt</span> <span class='ocrx_word' id='word_1_1544' title='bbox 655 2808 768 2829; x_wconf 74' lang='lat' dir='ltr'>arcerent</span> <span class='ocrx_word' id='word_1_1545' title='bbox 780 2799 928 2827; x_wconf 80' lang='lat' dir='ltr'>incidentia.</span> <span class='ocrx_word' id='word_1_1546' title='bbox 976 2798 1053 2832; x_wconf 83' lang='lat' dir='ltr'>Virg.</span> <span class='ocrx_word' id='word_1_1547' title='bbox 1068 2797 1133 2824; x_wconf 91' lang='lat' dir='ltr'>Aen.</span> <span class='ocrx_word' id='word_1_1548' title='bbox 1150 2805 1170 2828; x_wconf 72' lang='grc' dir='ltr'>ι,</span> <span class='ocrx_word' id='word_1_1549' title='bbox 1183 2803 1230 2830; x_wconf 83' lang='grc' dir='ltr'>7οι</span> <span class='ocrx_word' id='word_1_1550' title='bbox 1249 2791 1356 2820; x_wconf 73' lang='lat' dir='ltr'>Aulaeis</span> <span class='ocrx_word' id='word_1_1551' title='bbox 1409 2804 1482 2831; x_wconf 73' lang='lat' dir='ltr'>quam</span> <span class='ocrx_word' id='word_1_1552' title='bbox 1495 2792 1619 2830; x_wconf 74' lang='lat' dir='ltr'>designari</span> <span class='ocrx_word' id='word_1_1553' title='bbox 1633 2796 1707 2827; x_wconf 88' lang='lat' dir='ltr'>putat</span> <span class='ocrx_word' id='word_1_1554' title='bbox 1721 2789 1752 2816; x_wconf 89' lang='lat' dir='ltr'>ab</span> <span class='ocrx_word' id='word_1_1555' title='bbox 1763 2789 1923 2826; x_wconf 75' lang='lat' dir='ltr'>aduersario,</span> <span class='ocrx_word' id='word_1_1556' title='bbox 1942 2799 2028 2817; x_wconf 77' lang='lat' dir='ltr'>cauere</span> <span class='ocrx_word' id='word_1_1557' title='bbox 2041 2791 2112 2822; x_wconf 84' lang='lat' dir='ltr'>vult,</span> <span class='ocrx_word' id='word_1_1558' title='bbox 2131 2791 2230 2825; x_wconf 73' lang='lat' dir='ltr'>aperiat</span> <span class='ocrx_word' id='word_1_1559' title='bbox 2243 2799 2310 2823; x_wconf 68' lang='lat' dir='ltr'>mm,</span> <span class='ocrx_word' id='word_1_1560' title='bbox 2321 2785 2370 2826; x_wconf 51' lang='grc' dir='ltr'>φιτ</span> <span class='ocrx_word' id='word_1_1561' title='bbox 2403 2792 2423 2799; x_wconf 71' lang='lat'>..</span> 
     </span>
     <span class='ocr_line' id='line_1_111' title="bbox 307 2820 2383 2877; baseline -0.014 -5"><span class='ocrx_word' id='word_1_1562' title='bbox 307 2846 361 2873; x_wconf 90' lang='lat' dir='ltr'>iam</span> <span class='ocrx_word' id='word_1_1563' title='bbox 381 2845 407 2871; x_wconf 90' lang='lat' dir='ltr'>se</span> <span class='ocrx_word' id='word_1_1564' title='bbox 426 2842 517 2877; x_wconf 84' lang='lat' dir='ltr'>regina</span> <span class='ocrx_word' id='word_1_1565' title='bbox 537 2841 564 2868; x_wconf 87' lang='lat' dir='ltr'>su</span> <span class='ocrx_word' id='word_1_1566' title='bbox 584 2838 655 2866; x_wconf 85' lang='lat' dir='ltr'>erbis</span> <span class='ocrx_word' id='word_1_1567' title='bbox 669 2839 754 2864; x_wconf 86' lang='lat' dir='ltr'>Aurea</span> <span class='ocrx_word' id='word_1_1568' title='bbox 774 2835 922 2870; x_wconf 88' lang='lat' dir='ltr'>composuit</span> <span class='ocrx_word' id='word_1_1569' title='bbox 941 2833 1048 2869; x_wconf 87' lang='lat' dir='ltr'>sponda.</span> <span class='ocrx_word' id='word_1_1570' title='bbox 1093 2831 1201 2859; x_wconf 86' lang='lat' dir='ltr'>Seruius</span> <span class='ocrx_word' id='word_1_1571' title='bbox 1218 2831 1310 2865; x_wconf 78' lang='lat' dir='ltr'>repetit</span> <span class='ocrx_word' id='word_1_1572' title='bbox 1328 2826 1356 2853; x_wconf 79' lang='lat' dir='ltr'>de</span> <span class='ocrx_word' id='word_1_1573' title='bbox 1409 2829 1604 2865; x_wconf 66' lang='lat' dir='ltr'>adhuc-fuerat,</span> <span class='ocrx_word' id='word_1_1574' title='bbox 1625 2835 1729 2864; x_wconf 79' lang='lat' dir='ltr'>quaeque</span> <span class='ocrx_word' id='word_1_1575' title='bbox 1741 2832 1837 2852; x_wconf 77' lang='lat' dir='ltr'>mutata</span> <span class='ocrx_word' id='word_1_1576' title='bbox 1845 2826 1948 2862; x_wconf 74' lang='lat' dir='ltr'>subito,</span> <span class='ocrx_word' id='word_1_1577' title='bbox 1962 2833 2037 2851; x_wconf 80' lang='lat' dir='ltr'>manu</span> <span class='ocrx_word' id='word_1_1578' title='bbox 2044 2828 2153 2861; x_wconf 77' lang='lat' dir='ltr'>petitur.</span> <span class='ocrx_word' id='word_1_1579' title='bbox 2190 2825 2232 2853; x_wconf 84' lang='lat' dir='ltr'>sic</span> <span class='ocrx_word' id='word_1_1580' title='bbox 2244 2828 2296 2852; x_wconf 86' lang='lat' dir='ltr'>iam</span> <span class='ocrx_word' id='word_1_1581' title='bbox 2309 2820 2383 2854; x_wconf 38' lang='grc' dir='ltr'>αι,</span> 
     </span>
     <span class='ocr_line' id='line_1_112' title="bbox 306 2849 1880 2910; baseline -0.014 -2"><span class='ocrx_word' id='word_1_1582' title='bbox 306 2881 394 2909; x_wconf 83' lang='lat' dir='ltr'>Attali</span> <span class='ocrx_word' id='word_1_1583' title='bbox 406 2879 480 2910; x_wconf 84' lang='lat' dir='ltr'>aula,</span> <span class='ocrx_word' id='word_1_1584' title='bbox 496 2884 520 2904; x_wconf 79' lang='lat' dir='ltr'>et</span> <span class='ocrx_word' id='word_1_1585' title='bbox 538 2849 627 2907; x_wconf 62' lang='lat' dir='ltr'>addit,</span> <span class='ocrx_word' id='word_1_1586' title='bbox 644 2873 710 2901; x_wconf 86' lang='lat' dir='ltr'>Ideo</span> <span class='ocrx_word' id='word_1_1587' title='bbox 723 2878 811 2900; x_wconf 91' lang='lat' dir='ltr'>autem</span> <span class='ocrx_word' id='word_1_1588' title='bbox 824 2871 905 2899; x_wconf 85' lang='lat' dir='ltr'>etiam</span> <span class='ocrx_word' id='word_1_1589' title='bbox 923 2870 953 2897; x_wconf 91' lang='lat' dir='ltr'>in</span> <span class='ocrx_word' id='word_1_1590' title='bbox 970 2868 1095 2896; x_wconf 90' lang='lat' dir='ltr'>domibus</span> <span class='ocrx_word' id='word_1_1591' title='bbox 1115 2866 1292 2894; x_wconf 84' lang='lat' dir='ltr'>tendebantur</span> <span class='ocrx_word' id='word_1_1592' title='bbox 1312 2871 1396 2899; x_wconf 75' lang='lat' dir='ltr'>aii-73</span> <span class='ocrx_word' id='word_1_1593' title='bbox 1410 2866 1512 2902; x_wconf 58' lang='lat' dir='ltr'>Salmas</span> <span class='ocrx_word' id='word_1_1594' title='bbox 1532 2864 1566 2891; x_wconf 85' lang='lat' dir='ltr'>ad</span> <span class='ocrx_word' id='word_1_1595' title='bbox 1578 2862 1705 2899; x_wconf 79' lang='lat' dir='ltr'>Spartian.</span> <span class='ocrx_word' id='word_1_1596' title='bbox 1719 2861 1783 2888; x_wconf 86' lang='lat' dir='ltr'>Adr.</span> <span class='ocrx_word' id='word_1_1597' title='bbox 1803 2871 1824 2888; x_wconf 88' lang='lat' dir='ltr'>c.</span> <span class='ocrx_word' id='word_1_1598' title='bbox 1841 2864 1880 2889; x_wconf 86' lang='lat'>26.</span> 
     </span>
    </p>

    <p class='ocr_par' dir='ltr' id='par_1_17' title="bbox 308 2895 2419 2984">
     <span class='ocr_line' id='line_1_113' title="bbox 308 2895 2379 2949; baseline -0.012 -6"><span class='ocrx_word' id='word_1_1599' title='bbox 308 2917 382 2949; x_wconf 77' lang='lat' dir='ltr'>laea,</span> <span class='ocrx_word' id='word_1_1600' title='bbox 404 2920 434 2942; x_wconf 89' lang='lat' dir='ltr'>vt</span> <span class='ocrx_word' id='word_1_1601' title='bbox 453 2912 571 2940; x_wconf 83' lang='lat' dir='ltr'>imitatio</span> <span class='ocrx_word' id='word_1_1602' title='bbox 591 2910 770 2941; x_wconf 69' lang='lat' dir='ltr'>tentoriorum</span> <span class='ocrx_word' id='word_1_1603' title='bbox 790 2907 865 2934; x_wconf 79' lang='lat' dir='ltr'>fieret</span> <span class='ocrx_word' id='word_1_1604' title='bbox 900 2921 946 2926; x_wconf 90' lang='lat'>—</span> <span class='ocrx_word' id='word_1_1605' title='bbox 981 2904 1050 2932; x_wconf 85' lang='lat' dir='ltr'>vnde</span> <span class='ocrx_word' id='word_1_1606' title='bbox 1073 2909 1099 2930; x_wconf 86' lang='lat' dir='ltr'>et</span> <span class='ocrx_word' id='word_1_1607' title='bbox 1118 2903 1147 2930; x_wconf 86' lang='lat' dir='ltr'>in</span> <span class='ocrx_word' id='word_1_1608' title='bbox 1164 2901 1287 2929; x_wconf 83' lang='lat' dir='ltr'>thalamis</span> <span class='ocrx_word' id='word_1_1609' title='bbox 1306 2899 1357 2940; x_wconf 79' lang='lat' dir='ltr'>hoc</span> <span class='ocrx_word' id='word_1_1610' title='bbox 1447 2906 1685 2932; x_wconf 78' lang='lat' dir='ltr'>AVOCATvs,</span> <span class='ocrx_word' id='word_1_1611' title='bbox 1702 2906 1733 2933; x_wconf 90' lang='lat' dir='ltr'>a,</span> <span class='ocrx_word' id='word_1_1612' title='bbox 1759 2906 1814 2924; x_wconf 91' lang='lat' dir='ltr'>um.</span> <span class='ocrx_word' id='word_1_1613' title='bbox 1863 2898 1923 2924; x_wconf 83' lang='lat' dir='ltr'>Pars</span> <span class='ocrx_word' id='word_1_1614' title='bbox 1942 2895 2115 2924; x_wconf 84' lang='lat' dir='ltr'>tribunorum</span> <span class='ocrx_word' id='word_1_1615' title='bbox 2137 2897 2322 2933; x_wconf 74' lang='lat' dir='ltr'>exercitusque</span> <span class='ocrx_word' id='word_1_1616' title='bbox 2343 2904 2379 2926; x_wconf 22' lang='lat' dir='ltr'>a„-</span> 
     </span>
     <span class='ocr_line' id='line_1_114' title="bbox 310 2926 2419 2984; baseline -0.016 -5"><span class='ocrx_word' id='word_1_1617' title='bbox 310 2952 370 2980; x_wconf 81' lang='lat' dir='ltr'>fieri</span> <span class='ocrx_word' id='word_1_1618' title='bbox 389 2949 524 2984; x_wconf 86' lang='lat' dir='ltr'>hodieque</span> <span class='ocrx_word' id='word_1_1619' title='bbox 538 2946 722 2982; x_wconf 83' lang='lat' dir='ltr'>conspicimus.</span> <span class='ocrx_word' id='word_1_1620' title='bbox 758 2945 846 2971; x_wconf 88' lang='lat' dir='ltr'>Varro</span> <span class='ocrx_word' id='word_1_1621' title='bbox 859 2947 947 2968; x_wconf 76' lang='lat' dir='ltr'>tamen</span> <span class='ocrx_word' id='word_1_1622' title='bbox 960 2941 1041 2974; x_wconf 89' lang='lat' dir='ltr'>dicit,</span> <span class='ocrx_word' id='word_1_1623' title='bbox 1061 2939 1121 2967; x_wconf 86' lang='lat' dir='ltr'>vela</span> <span class='ocrx_word' id='word_1_1624' title='bbox 1132 2939 1217 2965; x_wconf 90' lang='lat' dir='ltr'>solere</span> <span class='ocrx_word' id='word_1_1625' title='bbox 1236 2935 1358 2971; x_wconf 84' lang='lat' dir='ltr'>suspendi</span> <span class='ocrx_word' id='word_1_1626' title='bbox 1411 2937 1483 2964; x_wconf 77' lang='lat' dir='ltr'>scum</span> <span class='ocrx_word' id='word_1_1627' title='bbox 1497 2941 1607 2963; x_wconf 70' lang='lat' dir='ltr'>auocata</span> <span class='ocrx_word' id='word_1_1628' title='bbox 1620 2933 1720 2962; x_wconf 78' lang='lat' dir='ltr'>bellum</span> <span class='ocrx_word' id='word_1_1629' title='bbox 1735 2933 1796 2960; x_wconf 68' lang='lat' dir='ltr'>Liu.</span> <span class='ocrx_word' id='word_1_1630' title='bbox 1807 2942 1837 2967; x_wconf 74' lang='lat'>4,</span> <span class='ocrx_word' id='word_1_1631' title='bbox 1851 2935 1889 2960; x_wconf 74' lang='lat'>61,</span> <span class='ocrx_word' id='word_1_1632' title='bbox 1961 2932 2041 2960; x_wconf 59' lang='lat' dir='ltr'>Canis</span> <span class='ocrx_word' id='word_1_1633' title='bbox 2054 2939 2180 2960; x_wconf 54' lang='lat' dir='ltr'>amcam,</span> <span class='ocrx_word' id='word_1_1634' title='bbox 2191 2932 2254 2960; x_wconf 68' lang='lat' dir='ltr'>cibo</span> <span class='ocrx_word' id='word_1_1635' title='bbox 2269 2926 2383 2961; x_wconf 53' lang='grc' dir='ltr'>ςυωηῗ-</span> <span class='ocrx_word' id='word_1_1636' title='bbox 2418 2943 2419 2946; x_wconf 74' lang='grc'>,</span> 
     </span>
    </p>
   </div>
   <div class='ocr_carea' id='block_1_16' title="bbox 308 2973 2383 3342">
    <p class='ocr_par' dir='ltr' id='par_1_18' title="bbox 308 2973 2383 3160">
     <span class='ocr_line' id='line_1_115' title="bbox 308 2973 2367 3022; baseline -0.018 -7"><span class='ocrx_word' id='word_1_1637' title='bbox 308 2988 343 3016; x_wconf 85' lang='lat' dir='ltr'>ad</span> <span class='ocrx_word' id='word_1_1638' title='bbox 361 2985 549 3022; x_wconf 87' lang='lat' dir='ltr'>excipiendum</span> <span class='ocrx_word' id='word_1_1639' title='bbox 568 2982 706 3018; x_wconf 89' lang='lat' dir='ltr'>puluerem</span> <span class='ocrx_word' id='word_1_1640' title='bbox 741 2994 787 3001; x_wconf 94' lang='lat'>—</span> <span class='ocrx_word' id='word_1_1641' title='bbox 823 2978 892 3006; x_wconf 92' lang='lat' dir='ltr'>vnde</span> <span class='ocrx_word' id='word_1_1642' title='bbox 906 2978 1036 3004; x_wconf 83' lang='lat' dir='ltr'>Horatius</span> <span class='ocrx_word' id='word_1_1643' title='bbox 1057 2976 1156 3008; x_wconf 83' lang='lat' dir='ltr'>(Sei-m.</span> <span class='ocrx_word' id='word_1_1644' title='bbox 1171 2983 1197 3007; x_wconf 87' lang='lat'>2,</span> <span class='ocrx_word' id='word_1_1645' title='bbox 1212 2979 1236 3006; x_wconf 84' lang='lat'>8,</span> <span class='ocrx_word' id='word_1_1646' title='bbox 1250 2976 1300 3006; x_wconf 78' lang='lat'>54)</span> <span class='ocrx_word' id='word_1_1647' title='bbox 1317 2973 1358 2998; x_wconf 84' lang='lat' dir='ltr'>In·</span> <span class='ocrx_word' id='word_1_1648' title='bbox 1411 2973 1534 3008; x_wconf 65' lang='lat' dir='ltr'>presserat</span> <span class='ocrx_word' id='word_1_1649' title='bbox 1548 2973 1616 3000; x_wconf 70' lang='lat' dir='ltr'>petr,</span> <span class='ocrx_word' id='word_1_1650' title='bbox 1638 2980 1660 2998; x_wconf 72' lang='lat' dir='ltr'>c,</span> <span class='ocrx_word' id='word_1_1651' title='bbox 1674 2977 1718 3006; x_wconf 73' lang='lat'>72,</span> <span class='ocrx_word' id='word_1_1652' title='bbox 2362 2995 2367 2998; x_wconf 19' lang='grc' dir='ltr'>ἢ</span> 
     </span>
     <span class='ocr_line' id='line_1_116' title="bbox 308 3003 2383 3057; baseline -0.01 -6"><span class='ocrx_word' id='word_1_1653' title='bbox 308 3031 381 3051; x_wconf 84' lang='lat' dir='ltr'>terea</span> <span class='ocrx_word' id='word_1_1654' title='bbox 396 3021 515 3057; x_wconf 86' lang='lat' dir='ltr'>suspensa</span> <span class='ocrx_word' id='word_1_1655' title='bbox 529 3019 618 3055; x_wconf 82' lang='lat' dir='ltr'>grauis</span> <span class='ocrx_word' id='word_1_1656' title='bbox 636 3017 728 3044; x_wconf 84' lang='lat' dir='ltr'>aulaea</span> <span class='ocrx_word' id='word_1_1657' title='bbox 739 3015 829 3043; x_wconf 85' lang='lat' dir='ltr'>ruinas</span> <span class='ocrx_word' id='word_1_1658' title='bbox 848 3015 879 3041; x_wconf 89' lang='lat' dir='ltr'>In</span> <span class='ocrx_word' id='word_1_1659' title='bbox 893 3013 1009 3048; x_wconf 88' lang='lat' dir='ltr'>patinam</span> <span class='ocrx_word' id='word_1_1660' title='bbox 1027 3013 1130 3044; x_wconf 85' lang='lat' dir='ltr'>secere,</span> <span class='ocrx_word' id='word_1_1661' title='bbox 1150 3009 1283 3038; x_wconf 83' lang='lat' dir='ltr'>trahentia</span> <span class='ocrx_word' id='word_1_1662' title='bbox 1302 3007 1359 3042; x_wconf 81' lang='lat' dir='ltr'>pul·</span> <span class='ocrx_word' id='word_1_1663' title='bbox 1452 3014 1681 3040; x_wconf 80' lang='lat' dir='ltr'>AVOCATio,</span> <span class='ocrx_word' id='word_1_1664' title='bbox 1712 3005 1781 3032; x_wconf 70' lang='lat' dir='ltr'>onis.</span> <span class='ocrx_word' id='word_1_1665' title='bbox 1816 3004 1837 3032; x_wconf 84' lang='lat' dir='ltr'>f.</span> <span class='ocrx_word' id='word_1_1666' title='bbox 1880 3003 2046 3046; x_wconf 59' lang='lat' dir='ltr'>[dnorpnnil‚</span> <span class='ocrx_word' id='word_1_1667' title='bbox 2069 3004 2228 3041; x_wconf 72' lang='grc' dir='ltr'><strong>α’πόηλησιε]</strong></span> <span class='ocrx_word' id='word_1_1668' title='bbox 2276 3004 2332 3032; x_wconf 88' lang='lat' dir='ltr'>Cic.</span> <span class='ocrx_word' id='word_1_1669' title='bbox 2364 3007 2383 3027; x_wconf 53' lang='grc' dir='ltr'>ἃ*</span> 
     </span>
     <span class='ocr_line' id='line_1_117' title="bbox 309 3040 2374 3091; baseline -0.01 -4"><span class='ocrx_word' id='word_1_1670' title='bbox 309 3060 381 3087; x_wconf 80' lang='lat' dir='ltr'>veris</span> <span class='ocrx_word' id='word_1_1671' title='bbox 395 3058 465 3091; x_wconf 83' lang='lat' dir='ltr'>atri,</span> <span class='ocrx_word' id='word_1_1672' title='bbox 486 3057 623 3090; x_wconf 76' lang='lat' dir='ltr'>Quantum</span> <span class='ocrx_word' id='word_1_1673' title='bbox 641 3062 694 3080; x_wconf 90' lang='lat' dir='ltr'>non</span> <span class='ocrx_word' id='word_1_1674' title='bbox 707 3051 800 3088; x_wconf 85' lang='lat' dir='ltr'>aquilo</span> <span class='ocrx_word' id='word_1_1675' title='bbox 812 3049 953 3084; x_wconf 80' lang='lat' dir='ltr'>Campanis</span> <span class='ocrx_word' id='word_1_1676' title='bbox 970 3049 1066 3074; x_wconf 84' lang='lat' dir='ltr'>excitat</span> <span class='ocrx_word' id='word_1_1677' title='bbox 1086 3047 1164 3082; x_wconf 81' lang='lat' dir='ltr'>agris.</span> <span class='ocrx_word' id='word_1_1678' title='bbox 1206 3045 1274 3073; x_wconf 81' lang='lat' dir='ltr'>Add.</span> <span class='ocrx_word' id='word_1_1679' title='bbox 1290 3045 1358 3071; x_wconf 83' lang='lat' dir='ltr'>Hor.</span> <span class='ocrx_word' id='word_1_1680' title='bbox 1366 3048 1399 3074; x_wconf 86' lang='lat'>80</span> <span class='ocrx_word' id='word_1_1681' title='bbox 1414 3054 1443 3078; x_wconf 89' lang='grc'>3,</span> <span class='ocrx_word' id='word_1_1682' title='bbox 1463 3053 1489 3078; x_wconf 89' lang='grc'>33</span> <span class='ocrx_word' id='word_1_1683' title='bbox 1518 3054 1540 3072; x_wconf 86' lang='lat' dir='ltr'>c.</span> <span class='ocrx_word' id='word_1_1684' title='bbox 1556 3052 1580 3078; x_wconf 78' lang='grc' dir='ltr'>ις</span> <span class='ocrx_word' id='word_1_1685' title='bbox 1609 3041 1783 3071; x_wconf 86' lang='lat' dir='ltr'>Leuationem</span> <span class='ocrx_word' id='word_1_1686' title='bbox 1803 3046 1892 3068; x_wconf 88' lang='lat' dir='ltr'>autem</span> <span class='ocrx_word' id='word_1_1687' title='bbox 1907 3040 2083 3076; x_wconf 82' lang='lat' dir='ltr'>aegritudinis</span> <span class='ocrx_word' id='word_1_1688' title='bbox 2102 3041 2130 3068; x_wconf 88' lang='lat' dir='ltr'>in</span> <span class='ocrx_word' id='word_1_1689' title='bbox 2148 3040 2250 3067; x_wconf 89' lang='lat' dir='ltr'>duabus</span> <span class='ocrx_word' id='word_1_1690' title='bbox 2269 3040 2349 3068; x_wconf 79' lang='lat' dir='ltr'>rebus</span> <span class='ocrx_word' id='word_1_1691' title='bbox 2372 3054 2374 3061; x_wconf 92' lang='lat'>·</span> 
     </span>
     <span class='ocr_line' id='line_1_118' title="bbox 309 3075 2373 3128; baseline -0.009 -6"><span class='ocrx_word' id='word_1_1692' title='bbox 309 3095 361 3122; x_wconf 84' lang='lat' dir='ltr'>od.</span> <span class='ocrx_word' id='word_1_1693' title='bbox 375 3103 398 3128; x_wconf 85' lang='grc'>3,</span> <span class='ocrx_word' id='word_1_1694' title='bbox 411 3102 455 3127; x_wconf 84' lang='lat'>29,</span> <span class='ocrx_word' id='word_1_1695' title='bbox 468 3100 493 3126; x_wconf 78' lang='grc' dir='ltr'>ις</span> <span class='ocrx_word' id='word_1_1696' title='bbox 517 3091 687 3125; x_wconf 86' lang='lat' dir='ltr'>Mundaeque</span> <span class='ocrx_word' id='word_1_1697' title='bbox 701 3096 784 3124; x_wconf 88' lang='lat' dir='ltr'>paruo</span> <span class='ocrx_word' id='word_1_1698' title='bbox 805 3086 852 3113; x_wconf 85' lang='lat' dir='ltr'>sub</span> <span class='ocrx_word' id='word_1_1699' title='bbox 866 3086 921 3112; x_wconf 81' lang='lat' dir='ltr'>lare</span> <span class='ocrx_word' id='word_1_1700' title='bbox 940 3091 1085 3119; x_wconf 86' lang='lat' dir='ltr'>pauperum</span> <span class='ocrx_word' id='word_1_1701' title='bbox 1098 3085 1221 3115; x_wconf 70' lang='lat' dir='ltr'>Comae,</span> <span class='ocrx_word' id='word_1_1702' title='bbox 1242 3081 1295 3108; x_wconf 76' lang='lat' dir='ltr'>sine</span> <span class='ocrx_word' id='word_1_1703' title='bbox 1316 3089 1360 3107; x_wconf 87' lang='lat' dir='ltr'>au-</span> <span class='ocrx_word' id='word_1_1704' title='bbox 1411 3081 1569 3108; x_wconf 86' lang='lat' dir='ltr'>auocatione</span> <span class='ocrx_word' id='word_1_1705' title='bbox 1589 3089 1604 3107; x_wconf 90' lang='lat' dir='ltr'>a</span> <span class='ocrx_word' id='word_1_1706' title='bbox 1622 3077 1760 3114; x_wconf 85' lang='lat' dir='ltr'>cogitanda</span> <span class='ocrx_word' id='word_1_1707' title='bbox 1784 3075 1923 3109; x_wconf 82' lang='lat' dir='ltr'>molestia,</span> <span class='ocrx_word' id='word_1_1708' title='bbox 1951 3082 1977 3103; x_wconf 93' lang='lat' dir='ltr'>et</span> <span class='ocrx_word' id='word_1_1709' title='bbox 1999 3077 2171 3104; x_wconf 84' lang='lat' dir='ltr'>reuocatione</span> <span class='ocrx_word' id='word_1_1710' title='bbox 2195 3076 2228 3104; x_wconf 89' lang='lat' dir='ltr'>ad</span> <span class='ocrx_word' id='word_1_1711' title='bbox 2250 3083 2373 3104; x_wconf 88' lang='lat' dir='ltr'>contem</span> 
     </span>
     <span class='ocr_line' id='line_1_119' title="bbox 312 3117 1568 3160; baseline -0.016 -2"><span class='ocrx_word' id='word_1_1712' title='bbox 312 3130 375 3157; x_wconf 82' lang='lat' dir='ltr'>lacis</span> <span class='ocrx_word' id='word_1_1713' title='bbox 392 3136 418 3157; x_wconf 88' lang='lat' dir='ltr'>et</span> <span class='ocrx_word' id='word_1_1714' title='bbox 437 3129 518 3156; x_wconf 87' lang='lat' dir='ltr'>ostro.</span> <span class='ocrx_word' id='word_1_1715' title='bbox 573 3128 629 3154; x_wconf 86' lang='lat' dir='ltr'>Huc</span> <span class='ocrx_word' id='word_1_1716' title='bbox 642 3126 691 3160; x_wconf 78' lang='lat' dir='ltr'>refi</span> <span class='ocrx_word' id='word_1_1717' title='bbox 705 3126 756 3153; x_wconf 84' lang='lat' dir='ltr'>Pro</span> <span class='ocrx_word' id='word_1_1718' title='bbox 775 3128 823 3150; x_wconf 87' lang='lat' dir='ltr'>ert.</span> <span class='ocrx_word' id='word_1_1719' title='bbox 843 3130 869 3153; x_wconf 81' lang='lat'>2,</span> <span class='ocrx_word' id='word_1_1720' title='bbox 882 3129 922 3154; x_wconf 81' lang='lat'>23,</span> <span class='ocrx_word' id='word_1_1721' title='bbox 940 3122 977 3153; x_wconf 91' lang='lat'>46</span> <span class='ocrx_word' id='word_1_1722' title='bbox 1001 3118 1104 3145; x_wconf 87' lang='lat' dir='ltr'>Scilicet</span> <span class='ocrx_word' id='word_1_1723' title='bbox 1121 3118 1250 3144; x_wconf 84' lang='lat' dir='ltr'>vmbrosis</span> <span class='ocrx_word' id='word_1_1724' title='bbox 1271 3117 1358 3143; x_wconf 87' lang='lat' dir='ltr'>sordet</span> <span class='ocrx_word' id='word_1_1725' title='bbox 1410 3117 1568 3152; x_wconf 70' lang='lat' dir='ltr'>voluptates,</span> 
     </span>
    </p>

    <p class='ocr_par' dir='ltr' id='par_1_19' title="bbox 311 3147 2376 3342">
     <span class='ocr_line' id='line_1_120' title="bbox 311 3147 2369 3201; baseline -0.01 -7"><span class='ocrx_word' id='word_1_1726' title='bbox 311 3166 436 3201; x_wconf 84' lang='lat' dir='ltr'>Pompeia</span> <span class='ocrx_word' id='word_1_1727' title='bbox 450 3163 581 3192; x_wconf 88' lang='lat' dir='ltr'>columnis</span> <span class='ocrx_word' id='word_1_1728' title='bbox 594 3162 713 3190; x_wconf 86' lang='lat' dir='ltr'>Porticus</span> <span class='ocrx_word' id='word_1_1729' title='bbox 727 3169 760 3188; x_wconf 87' lang='lat' dir='ltr'>au</span> <span class='ocrx_word' id='word_1_1730' title='bbox 772 3159 826 3187; x_wconf 86' lang='lat' dir='ltr'>aeis</span> <span class='ocrx_word' id='word_1_1731' title='bbox 844 3156 944 3184; x_wconf 78' lang='lat' dir='ltr'>nobilis</span> <span class='ocrx_word' id='word_1_1732' title='bbox 957 3155 1085 3182; x_wconf 83' lang='lat' dir='ltr'>Attalicis.</span> <span class='ocrx_word' id='word_1_1733' title='bbox 1120 3155 1203 3180; x_wconf 88' lang='lat' dir='ltr'>Pacat.</span> <span class='ocrx_word' id='word_1_1734' title='bbox 1217 3155 1309 3188; x_wconf 85' lang='lat' dir='ltr'>Paneg.</span> <span class='ocrx_word' id='word_1_1735' title='bbox 1323 3161 1360 3185; x_wconf 85' lang='lat'>12,</span> <span class='ocrx_word' id='word_1_1736' title='bbox 1451 3160 1501 3180; x_wconf 85' lang='lat' dir='ltr'>AV</span> <span class='ocrx_word' id='word_1_1737' title='bbox 1512 3160 1530 3180; x_wconf 94' lang='lat' dir='ltr'>o</span> <span class='ocrx_word' id='word_1_1738' title='bbox 1540 3159 1620 3180; x_wconf 85' lang='lat' dir='ltr'>CAM</span> <span class='ocrx_word' id='word_1_1739' title='bbox 1629 3158 1646 3179; x_wconf 82' lang='lat' dir='ltr'>E</span> <span class='ocrx_word' id='word_1_1740' title='bbox 1655 3157 1737 3178; x_wconf 83' lang='lat' dir='ltr'>NTv</span> <span class='ocrx_word' id='word_1_1741' title='bbox 1747 3155 1772 3176; x_wconf 87' lang='grc' dir='ltr'><strong>Μ</strong></span> <span class='ocrx_word' id='word_1_1742' title='bbox 1781 3169 1789 3182; x_wconf 85' lang='lat'>,</span> <span class='ocrx_word' id='word_1_1743' title='bbox 1824 3148 1842 3175; x_wconf 90' lang='lat' dir='ltr'>i.</span> <span class='ocrx_word' id='word_1_1744' title='bbox 1879 3157 1906 3175; x_wconf 86' lang='lat' dir='ltr'>n.</span> <span class='ocrx_word' id='word_1_1745' title='bbox 1942 3147 1955 3182; x_wconf 90' lang='lat'>[</span> <span class='ocrx_word' id='word_1_1746' title='bbox 1967 3147 2105 3181; x_wconf 71' lang='grc' dir='ltr'><strong>εἶπόκλημοι</strong></span> <span class='ocrx_word' id='word_1_1747' title='bbox 2118 3149 2131 3184; x_wconf 94' lang='grc'>]</span> <span class='ocrx_word' id='word_1_1748' title='bbox 2174 3150 2285 3186; x_wconf 79' lang='lat' dir='ltr'>Negotia</span> <span class='ocrx_word' id='word_1_1749' title='bbox 2303 3151 2344 3175; x_wconf 80' lang='lat' dir='ltr'>iuc</span> <span class='ocrx_word' id='word_1_1750' title='bbox 2359 3151 2369 3170; x_wconf 66' lang='grc' dir='ltr'><strong>ι·</strong></span> 
     </span>
     <span class='ocr_line' id='line_1_121' title="bbox 314 3182 2363 3236; baseline -0.013 -6"><span class='ocrx_word' id='word_1_1751' title='bbox 314 3209 345 3236; x_wconf 81' lang='lat'>37</span> <span class='ocrx_word' id='word_1_1752' title='bbox 366 3201 471 3228; x_wconf 83' lang='lat' dir='ltr'>Aulaeis</span> <span class='ocrx_word' id='word_1_1753' title='bbox 489 3199 617 3227; x_wconf 84' lang='lat' dir='ltr'>vndantes</span> <span class='ocrx_word' id='word_1_1754' title='bbox 630 3199 739 3234; x_wconf 84' lang='lat' dir='ltr'>plateas,</span> <span class='ocrx_word' id='word_1_1755' title='bbox 753 3199 780 3223; x_wconf 86' lang='lat' dir='ltr'>in</span> <span class='ocrx_word' id='word_1_1756' title='bbox 784 3193 869 3232; x_wconf 83' lang='lat' dir='ltr'>fignis</span> <span class='ocrx_word' id='word_1_1757' title='bbox 883 3194 995 3220; x_wconf 82' lang='lat' dir='ltr'>laetitiae</span> <span class='ocrx_word' id='word_1_1758' title='bbox 1001 3190 1125 3227; x_wconf 74' lang='lat' dir='ltr'>publicae.</span> <span class='ocrx_word' id='word_1_1759' title='bbox 1210 3225 1215 3229; x_wconf 43' lang='lat'>-</span> <span class='ocrx_word' id='word_1_1760' title='bbox 1305 3185 1325 3227; x_wconf 55' lang='lat' dir='ltr'><strong>ff</strong></span> <span class='ocrx_word' id='word_1_1761' title='bbox 1347 3196 1359 3221; x_wconf 86' lang='lat'>3</span> <span class='ocrx_word' id='word_1_1762' title='bbox 1410 3188 1466 3225; x_wconf 72' lang='lat' dir='ltr'>fiae</span> <span class='ocrx_word' id='word_1_1763' title='bbox 1472 3189 1584 3225; x_wconf 79' lang='lat' dir='ltr'>solatia,</span> <span class='ocrx_word' id='word_1_1764' title='bbox 1602 3190 1710 3214; x_wconf 82' lang='lat' dir='ltr'>animum</span> <span class='ocrx_word' id='word_1_1765' title='bbox 1720 3195 1735 3212; x_wconf 83' lang='lat' dir='ltr'>a</span> <span class='ocrx_word' id='word_1_1766' title='bbox 1748 3194 1854 3212; x_wconf 75' lang='lat' dir='ltr'>macrore</span> <span class='ocrx_word' id='word_1_1767' title='bbox 1868 3188 1999 3211; x_wconf 79' lang='lat' dir='ltr'>auocantia</span> <span class='ocrx_word' id='word_1_1768' title='bbox 2008 3204 2015 3217; x_wconf 89' lang='lat'>,</span> <span class='ocrx_word' id='word_1_1769' title='bbox 2034 3184 2063 3210; x_wconf 85' lang='lat' dir='ltr'>id</span> <span class='ocrx_word' id='word_1_1770' title='bbox 2074 3182 2106 3217; x_wconf 79' lang='lat' dir='ltr'>est</span> <span class='ocrx_word' id='word_1_1771' title='bbox 2120 3187 2270 3211; x_wconf 65' lang='lat' dir='ltr'>reuocantia,</span> <span class='ocrx_word' id='word_1_1772' title='bbox 2305 3183 2363 3211; x_wconf 63' lang='lat'><em>1211„</em></span> 
     </span>
     <span class='ocr_line' id='line_1_122' title="bbox 314 3219 2376 3272; baseline -0.011 -6"><span class='ocrx_word' id='word_1_1773' title='bbox 314 3236 386 3272; x_wconf 63' lang='lat' dir='ltr'>Qud</span> <span class='ocrx_word' id='word_1_1774' title='bbox 397 3237 491 3263; x_wconf 90' lang='lat' dir='ltr'>Nonio</span> <span class='ocrx_word' id='word_1_1775' title='bbox 498 3236 641 3272; x_wconf 78' lang='lat' dir='ltr'>faciemus,</span> <span class='ocrx_word' id='word_1_1776' title='bbox 660 3236 702 3270; x_wconf 83' lang='lat' dir='ltr'>qui</span> <span class='ocrx_word' id='word_1_1777' title='bbox 718 3241 757 3266; x_wconf 85' lang='lat'>14,</span> <span class='ocrx_word' id='word_1_1778' title='bbox 770 3240 799 3265; x_wconf 88' lang='lat'>4,</span> <span class='ocrx_word' id='word_1_1779' title='bbox 817 3229 929 3261; x_wconf 88' lang='lat' dir='ltr'>Aulaea,</span> <span class='ocrx_word' id='word_1_1780' title='bbox 943 3229 1044 3263; x_wconf 82' lang='lat' dir='ltr'>inquit,</span> <span class='ocrx_word' id='word_1_1781' title='bbox 1058 3234 1139 3261; x_wconf 87' lang='lat' dir='ltr'>genus</span> <span class='ocrx_word' id='word_1_1782' title='bbox 1151 3224 1230 3251; x_wconf 77' lang='lat' dir='ltr'>vestis</span> <span class='ocrx_word' id='word_1_1783' title='bbox 1245 3233 1307 3259; x_wconf 86' lang='lat' dir='ltr'>pere</span> <span class='ocrx_word' id='word_1_1784' title='bbox 1325 3224 1361 3251; x_wconf 90' lang='lat' dir='ltr'>ri-</span> <span class='ocrx_word' id='word_1_1785' title='bbox 1372 3230 1400 3258; x_wconf 73' lang='lat'>85</span> <span class='ocrx_word' id='word_1_1786' title='bbox 1415 3231 1438 3259; x_wconf 76' lang='lat'>8,</span> <span class='ocrx_word' id='word_1_1787' title='bbox 1452 3233 1465 3259; x_wconf 77' lang='grc' dir='ltr'><em>ς</em></span> <span class='ocrx_word' id='word_1_1788' title='bbox 1486 3226 1538 3251; x_wconf 85' lang='grc' dir='ltr'><strong>Ει·ο</strong></span> <span class='ocrx_word' id='word_1_1789' title='bbox 1551 3232 1616 3259; x_wconf 85' lang='lat' dir='ltr'>ergo</span> <span class='ocrx_word' id='word_1_1790' title='bbox 1628 3222 1761 3258; x_wconf 81' lang='lat' dir='ltr'>suspensus</span> <span class='ocrx_word' id='word_1_1791' title='bbox 1776 3229 1827 3256; x_wconf 87' lang='lat' dir='ltr'>pro</span> <span class='ocrx_word' id='word_1_1792' title='bbox 1844 3219 1954 3246; x_wconf 88' lang='lat' dir='ltr'>homine</span> <span class='ocrx_word' id='word_1_1793' title='bbox 1970 3219 2142 3250; x_wconf 77' lang='lat' dir='ltr'>amiciffimo,</span> <span class='ocrx_word' id='word_1_1794' title='bbox 2161 3219 2224 3246; x_wconf 88' lang='lat' dir='ltr'>dum</span> <span class='ocrx_word' id='word_1_1795' title='bbox 2241 3219 2325 3247; x_wconf 86' lang='lat' dir='ltr'>admit</span> <span class='ocrx_word' id='word_1_1796' title='bbox 2369 3236 2376 3251; x_wconf 51' lang='grc' dir='ltr'><em>ς</em></span> 
     </span>
     <span class='ocr_line' id='line_1_123' title="bbox 316 3255 2366 3305; baseline -0.009 -5"><span class='ocrx_word' id='word_1_1797' title='bbox 316 3281 390 3300; x_wconf 89' lang='lat' dir='ltr'>num.</span> <span class='ocrx_word' id='word_1_1798' title='bbox 437 3273 522 3298; x_wconf 85' lang='lat' dir='ltr'>Varro</span> <span class='ocrx_word' id='word_1_1799' title='bbox 540 3272 572 3298; x_wconf 90' lang='lat' dir='ltr'>de</span> <span class='ocrx_word' id='word_1_1800' title='bbox 585 3272 649 3298; x_wconf 89' lang='lat' dir='ltr'>Vita</span> <span class='ocrx_word' id='word_1_1801' title='bbox 662 3271 723 3305; x_wconf 86' lang='lat' dir='ltr'>Pop.</span> <span class='ocrx_word' id='word_1_1802' title='bbox 740 3269 818 3295; x_wconf 88' lang='lat' dir='ltr'>Rom.</span> <span class='ocrx_word' id='word_1_1803' title='bbox 833 3265 879 3293; x_wconf 93' lang='lat' dir='ltr'>lib.</span> <span class='ocrx_word' id='word_1_1804' title='bbox 894 3274 906 3297; x_wconf 92' lang='grc'>3</span> <span class='ocrx_word' id='word_1_1805' title='bbox 933 3262 1013 3298; x_wconf 80' lang='lat' dir='ltr'>Qiod</span> <span class='ocrx_word' id='word_1_1806' title='bbox 1034 3271 1065 3290; x_wconf 81' lang='lat' dir='ltr'>ex</span> <span class='ocrx_word' id='word_1_1807' title='bbox 1084 3260 1230 3288; x_wconf 87' lang='lat' dir='ltr'>hereditate</span> <span class='ocrx_word' id='word_1_1808' title='bbox 1250 3261 1309 3288; x_wconf 86' lang='lat' dir='ltr'>Atta</span> <span class='ocrx_word' id='word_1_1809' title='bbox 1322 3260 1362 3286; x_wconf 87' lang='lat' dir='ltr'>ica</span> <span class='ocrx_word' id='word_1_1810' title='bbox 1414 3267 1550 3293; x_wconf 85' lang='lat' dir='ltr'>camenta,</span> <span class='ocrx_word' id='word_1_1811' title='bbox 1570 3266 1596 3287; x_wconf 88' lang='lat' dir='ltr'>et</span> <span class='ocrx_word' id='word_1_1812' title='bbox 1617 3258 1765 3286; x_wconf 86' lang='lat' dir='ltr'>cicatricem</span> <span class='ocrx_word' id='word_1_1813' title='bbox 1803 3256 1841 3283; x_wconf 89' lang='lat' dir='ltr'>ati</span> <span class='ocrx_word' id='word_1_1814' title='bbox 1860 3255 1943 3291; x_wconf 85' lang='lat' dir='ltr'>poffit.</span> <span class='ocrx_word' id='word_1_1815' title='bbox 2016 3255 2107 3283; x_wconf 83' lang='lat' dir='ltr'>Ludus</span> <span class='ocrx_word' id='word_1_1816' title='bbox 2128 3261 2154 3282; x_wconf 86' lang='lat' dir='ltr'>et</span> <span class='ocrx_word' id='word_1_1817' title='bbox 2175 3262 2329 3283; x_wconf 88' lang='lat' dir='ltr'>auocament</span> <span class='ocrx_word' id='word_1_1818' title='bbox 2354 3269 2366 3278; x_wconf 80' lang='grc' dir='ltr'>ι</span> 
     </span>
     <span class='ocr_line' id='line_1_124' title="bbox 316 3266 2358 3342; baseline -0.01 -6"><span class='ocrx_word' id='word_1_1819' title='bbox 316 3308 423 3339; x_wconf 79' lang='lat' dir='ltr'>aulaea,</span> <span class='ocrx_word' id='word_1_1820' title='bbox 440 3305 604 3340; x_wconf 80' lang='lat' dir='ltr'>chlamydes,</span> <span class='ocrx_word' id='word_1_1821' title='bbox 621 3305 705 3342; x_wconf 85' lang='lat' dir='ltr'>pallae</span> <span class='ocrx_word' id='word_1_1822' title='bbox 719 3312 822 3332; x_wconf 83' lang='lat' dir='ltr'>aureae.</span> <span class='ocrx_word' id='word_1_1823' title='bbox 858 3301 933 3335; x_wconf 85' lang='lat' dir='ltr'>Virg.</span> <span class='ocrx_word' id='word_1_1824' title='bbox 949 3301 1083 3334; x_wconf 82' lang='lat' dir='ltr'>Purpurea</span> <span class='ocrx_word' id='word_1_1825' title='bbox 1097 3297 1192 3324; x_wconf 86' lang='lat' dir='ltr'>intexti</span> <span class='ocrx_word' id='word_1_1826' title='bbox 1206 3297 1302 3323; x_wconf 86' lang='lat' dir='ltr'>tollant</span> <span class='ocrx_word' id='word_1_1827' title='bbox 1319 3305 1362 3323; x_wconf 87' lang='lat' dir='ltr'>au-</span> <span class='ocrx_word' id='word_1_1828' title='bbox 1414 3298 1475 3323; x_wconf 86' lang='lat' dir='ltr'>Pan.</span> <span class='ocrx_word' id='word_1_1829' title='bbox 1496 3306 1517 3323; x_wconf 89' lang='lat' dir='ltr'>c.</span> <span class='ocrx_word' id='word_1_1830' title='bbox 1532 3301 1574 3329; x_wconf 79' lang='lat'>82,</span> <span class='ocrx_word' id='word_1_1831' title='bbox 1591 3298 1610 3322; x_wconf 90' lang='lat' dir='ltr'>i.</span> <span class='ocrx_word' id='word_1_1832' title='bbox 1626 3297 1706 3322; x_wconf 80' lang='lat' dir='ltr'>animi</span> <span class='ocrx_word' id='word_1_1833' title='bbox 1717 3266 1830 3328; x_wconf 59' lang='lat' dir='ltr'>rcmtffio.</span> <span class='ocrx_word' id='word_1_1834' title='bbox 1891 3291 1988 3318; x_wconf 82' lang='lat' dir='ltr'>Omnia</span> <span class='ocrx_word' id='word_1_1835' title='bbox 2001 3291 2072 3319; x_wconf 89' lang='lat' dir='ltr'>mihi</span> <span class='ocrx_word' id='word_1_1836' title='bbox 2085 3297 2258 3319; x_wconf 87' lang='lat' dir='ltr'>auocamenta</span> <span class='ocrx_word' id='word_1_1837' title='bbox 2271 3290 2358 3327; x_wconf 86' lang='lat' dir='ltr'>eripui</span> 
     </span>
    </p>
   </div>
   <div class='ocr_carea' id='block_1_17' title="bbox 318 3327 2356 3376">
    <p class='ocr_par' dir='ltr' id='par_1_20' title="bbox 318 3327 2356 3376">
     <span class='ocr_line' id='line_1_125' title="bbox 318 3327 2356 3376; baseline -0.008 -5"><span class='ocrx_word' id='word_1_1838' title='bbox 318 3343 374 3371; x_wconf 84' lang='lat' dir='ltr'>laea</span> <span class='ocrx_word' id='word_1_1839' title='bbox 386 3342 514 3370; x_wconf 87' lang='lat' dir='ltr'>Britanni.</span> <span class='ocrx_word' id='word_1_1840' title='bbox 551 3343 582 3369; x_wconf 87' lang='lat' dir='ltr'>Et</span> <span class='ocrx_word' id='word_1_1841' title='bbox 599 3343 636 3370; x_wconf 83' lang='lat' dir='ltr'>est</span> <span class='ocrx_word' id='word_1_1842' title='bbox 649 3348 772 3376; x_wconf 79' lang='lat' dir='ltr'>tanquam</span> <span class='ocrx_word' id='word_1_1843' title='bbox 787 3336 1002 3376; x_wconf 85' lang='lat' dir='ltr'>paludamentum</span> <span class='ocrx_word' id='word_1_1844' title='bbox 1017 3333 1154 3362; x_wconf 87' lang='lat' dir='ltr'>Barbarici</span> <span class='ocrx_word' id='word_1_1845' title='bbox 1172 3331 1276 3359; x_wconf 88' lang='lat' dir='ltr'>habitus</span> <span class='ocrx_word' id='word_1_1846' title='bbox 1293 3332 1364 3358; x_wconf 87' lang='lat' dir='ltr'>mili·</span> <span class='ocrx_word' id='word_1_1847' title='bbox 1415 3332 1489 3360; x_wconf 89' lang='lat' dir='ltr'>Idem</span> <span class='ocrx_word' id='word_1_1848' title='bbox 1503 3333 1547 3367; x_wconf 85' lang='lat' dir='ltr'>Ep.</span> <span class='ocrx_word' id='word_1_1849' title='bbox 1562 3337 1585 3365; x_wconf 87' lang='lat'>8,</span> <span class='ocrx_word' id='word_1_1850' title='bbox 1601 3340 1640 3364; x_wconf 85' lang='lat'>23.</span> <span class='ocrx_word' id='word_1_1851' title='bbox 1695 3327 1845 3357; x_wconf 80' lang='lat' dir='ltr'>Infantibus</span> <span class='ocrx_word' id='word_1_1852' title='bbox 1862 3327 1976 3354; x_wconf 87' lang='lat' dir='ltr'>credulis</span> <span class='ocrx_word' id='word_1_1853' title='bbox 1990 3333 2162 3354; x_wconf 85' lang='lat' dir='ltr'>auocamenta</span> <span class='ocrx_word' id='word_1_1854' title='bbox 2174 3333 2304 3362; x_wconf 89' lang='lat' dir='ltr'>quaerunt</span> <span class='ocrx_word' id='word_1_1855' title='bbox 2323 3336 2356 3354; x_wconf 87' lang='lat' dir='ltr'>an</span> 
     </span>
    </p>
   </div>
   <div class='ocr_carea' id='block_1_18' title="bbox 319 3362 2371 3554">
    <p class='ocr_par' dir='ltr' id='par_1_21' title="bbox 319 3362 2371 3554">
     <span class='ocr_line' id='line_1_126' title="bbox 319 3362 2360 3415; baseline -0.009 -7"><span class='ocrx_word' id='word_1_1856' title='bbox 319 3379 392 3408; x_wconf 81' lang='lat' dir='ltr'>taris.</span> <span class='ocrx_word' id='word_1_1857' title='bbox 551 3375 572 3415; x_wconf 56' lang='lat' dir='ltr'><strong>ff</strong></span> <span class='ocrx_word' id='word_1_1858' title='bbox 593 3387 611 3411; x_wconf 88' lang='grc'>4</span> <span class='ocrx_word' id='word_1_1859' title='bbox 631 3377 757 3410; x_wconf 86' lang='lat' dir='ltr'>Auleam,</span> <span class='ocrx_word' id='word_1_1860' title='bbox 778 3377 819 3403; x_wconf 81' lang='lat' dir='ltr'>vel</span> <span class='ocrx_word' id='word_1_1861' title='bbox 835 3372 977 3404; x_wconf 88' lang='lat' dir='ltr'>Aulaeam,</span> <span class='ocrx_word' id='word_1_1862' title='bbox 989 3370 1082 3408; x_wconf 78' lang='lat' dir='ltr'>femin.</span> <span class='ocrx_word' id='word_1_1863' title='bbox 1102 3377 1189 3406; x_wconf 74' lang='lat' dir='ltr'>genere</span> <span class='ocrx_word' id='word_1_1864' title='bbox 1207 3368 1273 3395; x_wconf 82' lang='lat' dir='ltr'>dixit</span> <span class='ocrx_word' id='word_1_1865' title='bbox 1287 3369 1362 3395; x_wconf 89' lang='lat' dir='ltr'>Curt.</span> <span class='ocrx_word' id='word_1_1866' title='bbox 1416 3377 1530 3403; x_wconf 82' lang='lat' dir='ltr'>gaeuae,</span> <span class='ocrx_word' id='word_1_1867' title='bbox 1553 3374 1578 3395; x_wconf 90' lang='lat' dir='ltr'>et</span> <span class='ocrx_word' id='word_1_1868' title='bbox 1597 3366 1685 3394; x_wconf 87' lang='lat' dir='ltr'>varias</span> <span class='ocrx_word' id='word_1_1869' title='bbox 1700 3364 1820 3392; x_wconf 66' lang='lat' dir='ltr'>fie‘tiones</span> <span class='ocrx_word' id='word_1_1870' title='bbox 1841 3362 1888 3390; x_wconf 90' lang='lat' dir='ltr'>sub</span> <span class='ocrx_word' id='word_1_1871' title='bbox 1904 3363 2020 3399; x_wconf 84' lang='lat' dir='ltr'>imagine</span> <span class='ocrx_word' id='word_1_1872' title='bbox 2034 3363 2154 3391; x_wconf 82' lang='lat' dir='ltr'>veritatis</span> <span class='ocrx_word' id='word_1_1873' title='bbox 2171 3369 2308 3398; x_wconf 86' lang='lat' dir='ltr'>exponunt</span> <span class='ocrx_word' id='word_1_1874' title='bbox 2335 3373 2337 3376; x_wconf 59' lang='lat'><strong>⁴</strong></span> <span class='ocrx_word' id='word_1_1875' title='bbox 2356 3378 2360 3385; x_wconf 62' lang='grc' dir='ltr'>ι</span> 
     </span>
     <span class='ocr_line' id='line_1_127' title="bbox 319 3399 2147 3450; baseline -0.011 -7"><span class='ocrx_word' id='word_1_1876' title='bbox 319 3421 343 3450; x_wconf 83' lang='grc'>8,</span> <span class='ocrx_word' id='word_1_1877' title='bbox 357 3423 379 3449; x_wconf 81' lang='lat'>5,</span> <span class='ocrx_word' id='word_1_1878' title='bbox 394 3422 430 3446; x_wconf 84' lang='lat'>21,</span> <span class='ocrx_word' id='word_1_1879' title='bbox 448 3412 474 3448; x_wconf 81' lang='lat' dir='ltr'><em>fi</em></span> <span class='ocrx_word' id='word_1_1880' title='bbox 492 3413 558 3440; x_wconf 81' lang='lat' dir='ltr'>locus</span> <span class='ocrx_word' id='word_1_1881' title='bbox 578 3413 661 3439; x_wconf 73' lang='lat' dir='ltr'>mendo</span> <span class='ocrx_word' id='word_1_1882' title='bbox 677 3419 763 3445; x_wconf 82' lang='lat' dir='ltr'>vacet,</span> <span class='ocrx_word' id='word_1_1883' title='bbox 786 3411 843 3439; x_wconf 89' lang='lat' dir='ltr'>Nec</span> <span class='ocrx_word' id='word_1_1884' title='bbox 865 3407 1028 3445; x_wconf 89' lang='lat' dir='ltr'>quidquam,</span> <span class='ocrx_word' id='word_1_1885' title='bbox 1048 3408 1146 3441; x_wconf 84' lang='lat' dir='ltr'>inquit,</span> <span class='ocrx_word' id='word_1_1886' title='bbox 1170 3413 1281 3436; x_wconf 84' lang='lat' dir='ltr'>eorum,</span> <span class='ocrx_word' id='word_1_1887' title='bbox 1299 3412 1403 3439; x_wconf 86' lang='lat' dir='ltr'>quae90</span> <span class='ocrx_word' id='word_1_1888' title='bbox 1423 3405 1510 3432; x_wconf 72' lang='lat' dir='ltr'>Veitur</span> <span class='ocrx_word' id='word_1_1889' title='bbox 1529 3411 1552 3430; x_wconf 75' lang='lat' dir='ltr'>et</span> <span class='ocrx_word' id='word_1_1890' title='bbox 1565 3402 1684 3430; x_wconf 62' lang='lat' dir='ltr'>Lafiant.</span> <span class='ocrx_word' id='word_1_1891' title='bbox 1699 3401 1731 3428; x_wconf 82' lang='lat' dir='ltr'>de</span> <span class='ocrx_word' id='word_1_1892' title='bbox 1746 3399 1842 3435; x_wconf 83' lang='lat' dir='ltr'>Opific.</span> <span class='ocrx_word' id='word_1_1893' title='bbox 1858 3399 1909 3426; x_wconf 82' lang='lat' dir='ltr'>Dei</span> <span class='ocrx_word' id='word_1_1894' title='bbox 1928 3405 1969 3430; x_wconf 89' lang='lat'>28.</span> <span class='ocrx_word' id='word_1_1895' title='bbox 2146 3415 2147 3420; x_wconf 51' lang='grc' dir='ltr'><strong>ι</strong></span> 
     </span>
     <span class='ocr_line' id='line_1_128' title="bbox 319 3436 1846 3484; baseline -0.01 -6"><span class='ocrx_word' id='word_1_1896' title='bbox 319 3452 436 3478; x_wconf 87' lang='lat' dir='ltr'>inuicem</span> <span class='ocrx_word' id='word_1_1897' title='bbox 449 3448 544 3476; x_wconf 62' lang='lat' dir='ltr'>iactata</span> <span class='ocrx_word' id='word_1_1898' title='bbox 556 3455 640 3482; x_wconf 86' lang='lat' dir='ltr'>erant,</span> <span class='ocrx_word' id='word_1_1899' title='bbox 655 3457 701 3475; x_wconf 86' lang='lat' dir='ltr'>rex</span> <span class='ocrx_word' id='word_1_1900' title='bbox 716 3446 870 3484; x_wconf 81' lang='lat' dir='ltr'>ignorabat:</span> <span class='ocrx_word' id='word_1_1901' title='bbox 892 3452 974 3480; x_wconf 87' lang='lat' dir='ltr'>quum</span> <span class='ocrx_word' id='word_1_1902' title='bbox 989 3442 1045 3477; x_wconf 83' lang='lat' dir='ltr'>post</span> <span class='ocrx_word' id='word_1_1903' title='bbox 1059 3440 1187 3473; x_wconf 85' lang='lat' dir='ltr'>aulaeam,</span> <span class='ocrx_word' id='word_1_1904' title='bbox 1201 3449 1268 3475; x_wconf 86' lang='lat' dir='ltr'>quae</span> <span class='ocrx_word' id='word_1_1905' title='bbox 1282 3439 1364 3466; x_wconf 60' lang='lat' dir='ltr'>lectos</span> <span class='ocrx_word' id='word_1_1906' title='bbox 1454 3446 1475 3467; x_wconf 81' lang='grc' dir='ltr'>Α</span> <span class='ocrx_word' id='word_1_1907' title='bbox 1486 3447 1507 3466; x_wconf 90' lang='grc' dir='ltr'><strong><em>ν</em></strong></span> <span class='ocrx_word' id='word_1_1908' title='bbox 1516 3446 1536 3467; x_wconf 90' lang='grc'>0</span> <span class='ocrx_word' id='word_1_1909' title='bbox 1545 3446 1562 3467; x_wconf 92' lang='lat' dir='ltr'>c</span> <span class='ocrx_word' id='word_1_1910' title='bbox 1572 3441 1624 3466; x_wconf 74' lang='grc' dir='ltr'>ᾹΤ</span> <span class='ocrx_word' id='word_1_1911' title='bbox 1633 3445 1653 3466; x_wconf 91' lang='lat' dir='ltr'>o</span> <span class='ocrx_word' id='word_1_1912' title='bbox 1663 3444 1697 3468; x_wconf 80' lang='lat' dir='ltr'>R,</span> <span class='ocrx_word' id='word_1_1913' title='bbox 1721 3436 1786 3463; x_wconf 77' lang='lat' dir='ltr'>oris.</span> <span class='ocrx_word' id='word_1_1914' title='bbox 1822 3442 1846 3461; x_wconf 81' lang='lat' dir='ltr'>ct</span> 
     </span>
     <span class='ocr_line' id='line_1_129' title="bbox 320 3467 2191 3520; baseline -0.01 -5"><span class='ocrx_word' id='word_1_1915' title='bbox 320 3487 484 3517; x_wconf 82' lang='lat' dir='ltr'>obduxerat,</span> <span class='ocrx_word' id='word_1_1916' title='bbox 504 3483 589 3511; x_wconf 83' lang='lat' dir='ltr'>staret.</span> <span class='ocrx_word' id='word_1_1917' title='bbox 625 3484 670 3512; x_wconf 79' lang='lat' dir='ltr'>Sed</span> <span class='ocrx_word' id='word_1_1918' title='bbox 677 3484 740 3520; x_wconf 80' lang='lat' dir='ltr'>sunt</span> <span class='ocrx_word' id='word_1_1919' title='bbox 754 3484 830 3515; x_wconf 86' lang='lat' dir='ltr'>libri,</span> <span class='ocrx_word' id='word_1_1920' title='bbox 847 3484 890 3519; x_wconf 79' lang='lat' dir='ltr'>qui</span> <span class='ocrx_word' id='word_1_1921' title='bbox 902 3479 1000 3507; x_wconf 84' lang='lat' dir='ltr'>Aulaea</span> <span class='ocrx_word' id='word_1_1922' title='bbox 1013 3477 1110 3505; x_wconf 81' lang='lat' dir='ltr'>habent.</span> <span class='ocrx_word' id='word_1_1923' title='bbox 1454 3482 1476 3503; x_wconf 82' lang='lat' dir='ltr'>A</span> <span class='ocrx_word' id='word_1_1924' title='bbox 1485 3481 1504 3500; x_wconf 93' lang='lat' dir='ltr'>v</span> <span class='ocrx_word' id='word_1_1925' title='bbox 1516 3482 1535 3503; x_wconf 93' lang='lat' dir='ltr'>o</span> <span class='ocrx_word' id='word_1_1926' title='bbox 1544 3476 1594 3502; x_wconf 67' lang='lat' dir='ltr'>CK</span> <span class='ocrx_word' id='word_1_1927' title='bbox 1602 3480 1623 3501; x_wconf 85' lang='lat' dir='ltr'>T</span> <span class='ocrx_word' id='word_1_1928' title='bbox 1632 3481 1652 3501; x_wconf 81' lang='lat' dir='ltr'>R</span> <span class='ocrx_word' id='word_1_1929' title='bbox 1661 3479 1670 3500; x_wconf 90' lang='lat'>1</span> <span class='ocrx_word' id='word_1_1930' title='bbox 1679 3479 1715 3506; x_wconf 88' lang='lat' dir='ltr'>x,</span> <span class='ocrx_word' id='word_1_1931' title='bbox 1734 3472 1790 3499; x_wconf 84' lang='lat' dir='ltr'>icis.</span> <span class='ocrx_word' id='word_1_1932' title='bbox 1824 3469 1993 3497; x_wconf 88' lang='lat' dir='ltr'>Tertulliani</span> <span class='ocrx_word' id='word_1_1933' title='bbox 2008 3467 2051 3503; x_wconf 80' lang='lat' dir='ltr'>effi</span> <span class='ocrx_word' id='word_1_1934' title='bbox 2064 3467 2191 3496; x_wconf 80' lang='lat' dir='ltr'>dicuntur.</span> 
     </span>
     <span class='ocr_line' id='line_1_130' title="bbox 358 3503 2371 3554; baseline -0.011 -4"><span class='ocrx_word' id='word_1_1935' title='bbox 358 3527 508 3550; x_wconf 72' lang='grc' dir='ltr'><strong>Ανιιεο</strong></span> <span class='ocrx_word' id='word_1_1936' title='bbox 546 3527 619 3546; x_wconf 89' lang='lat' dir='ltr'>vvs</span> <span class='ocrx_word' id='word_1_1937' title='bbox 633 3539 641 3551; x_wconf 93' lang='lat'>,</span> <span class='ocrx_word' id='word_1_1938' title='bbox 672 3519 727 3554; x_wconf 82' lang='lat' dir='ltr'>fiue</span> <span class='ocrx_word' id='word_1_1939' title='bbox 759 3521 1012 3547; x_wconf 66' lang='lat' dir='ltr'>Av1.1co&lt;:1vs.</span> <span class='ocrx_word' id='word_1_1940' title='bbox 1052 3513 1113 3539; x_wconf 83' lang='lat' dir='ltr'>Adi.</span> <span class='ocrx_word' id='word_1_1941' title='bbox 1163 3512 1250 3538; x_wconf 81' lang='lat' dir='ltr'>Elixus</span> <span class='ocrx_word' id='word_1_1942' title='bbox 1269 3514 1297 3537; x_wconf 81' lang='lat' dir='ltr'>in</span> <span class='ocrx_word' id='word_1_1943' title='bbox 1312 3512 1364 3537; x_wconf 84' lang='grc' dir='ltr'><strong>Λιι-</strong></span> <span class='ocrx_word' id='word_1_1944' title='bbox 1456 3518 1478 3538; x_wconf 77' lang='grc' dir='ltr'>Α</span> <span class='ocrx_word' id='word_1_1945' title='bbox 1488 3509 1537 3539; x_wconf 72' lang='lat' dir='ltr'>vd</span> <span class='ocrx_word' id='word_1_1946' title='bbox 1547 3517 1610 3543; x_wconf 72' lang='lat' dir='ltr'>Lo,</span> <span class='ocrx_word' id='word_1_1947' title='bbox 1632 3513 1686 3536; x_wconf 66' lang='lat' dir='ltr'>are.</span> <span class='ocrx_word' id='word_1_1948' title='bbox 1723 3507 1911 3542; x_wconf 57' lang='lat' dir='ltr'>[imbrs-ama]</span> <span class='ocrx_word' id='word_1_1949' title='bbox 1947 3505 1988 3535; x_wconf 82' lang='lat' dir='ltr'>Ab</span> <span class='ocrx_word' id='word_1_1950' title='bbox 2006 3513 2055 3531; x_wconf 81' lang='lat' dir='ltr'>vno</span> <span class='ocrx_word' id='word_1_1951' title='bbox 2074 3505 2125 3530; x_wconf 84' lang='lat' dir='ltr'>loco</span> <span class='ocrx_word' id='word_1_1952' title='bbox 2145 3507 2173 3531; x_wconf 78' lang='lat' dir='ltr'>in</span> <span class='ocrx_word' id='word_1_1953' title='bbox 2192 3505 2269 3531; x_wconf 83' lang='lat' dir='ltr'>alium</span> <span class='ocrx_word' id='word_1_1954' title='bbox 2286 3499 2371 3537; x_wconf 51' lang='lat' dir='ltr'>v01g</span> 
     </span>
    </p>
   </div>
   <div class='ocr_carea' id='block_1_19' title="bbox 320 3532 2376 3627">
    <p class='ocr_par' dir='ltr' id='par_1_22' title="bbox 320 3532 2376 3627">
     <span class='ocr_line' id='line_1_131' title="bbox 320 3532 2376 3591; baseline -0.011 -5"><span class='ocrx_word' id='word_1_1955' title='bbox 320 3558 361 3591; x_wconf 80' lang='lat' dir='ltr'>la,</span> <span class='ocrx_word' id='word_1_1956' title='bbox 384 3561 403 3585; x_wconf 82' lang='lat' dir='ltr'>i.</span> <span class='ocrx_word' id='word_1_1957' title='bbox 424 3557 482 3584; x_wconf 86' lang='lat' dir='ltr'>olla.</span> <span class='ocrx_word' id='word_1_1958' title='bbox 551 3561 580 3588; x_wconf 88' lang='lat' dir='ltr'>t,</span> <span class='ocrx_word' id='word_1_1959' title='bbox 599 3554 748 3590; x_wconf 80' lang='lat' dir='ltr'>Aulicoqua</span> <span class='ocrx_word' id='word_1_1960' title='bbox 770 3561 840 3582; x_wconf 79' lang='lat' dir='ltr'>exta.</span> <span class='ocrx_word' id='word_1_1961' title='bbox 881 3551 979 3580; x_wconf 82' lang='lat' dir='ltr'>Festus.</span> <span class='ocrx_word' id='word_1_1962' title='bbox 1034 3547 1110 3585; x_wconf 82' lang='lat' dir='ltr'>Conf-</span> <span class='ocrx_word' id='word_1_1963' title='bbox 1128 3547 1240 3574; x_wconf 82' lang='lat' dir='ltr'>Turnebi</span> <span class='ocrx_word' id='word_1_1964' title='bbox 1257 3546 1365 3584; x_wconf 68' lang='lat' dir='ltr'>Adue-rs.</span> <span class='ocrx_word' id='word_1_1965' title='bbox 1419 3546 1460 3573; x_wconf 79' lang='lat' dir='ltr'>ius</span> <span class='ocrx_word' id='word_1_1966' title='bbox 1479 3547 1539 3573; x_wconf 84' lang='lat' dir='ltr'>inl.</span> <span class='ocrx_word' id='word_1_1967' title='bbox 1554 3544 1719 3573; x_wconf 80' lang='lat' dir='ltr'>Naturalem.</span> <span class='ocrx_word' id='word_1_1968' title='bbox 1744 3543 1776 3570; x_wconf 92' lang='lat' dir='ltr'>D.</span> <span class='ocrx_word' id='word_1_1969' title='bbox 1790 3542 1822 3570; x_wconf 84' lang='lat' dir='ltr'>de</span> <span class='ocrx_word' id='word_1_1970' title='bbox 1836 3542 1938 3578; x_wconf 87' lang='lat' dir='ltr'>acquir.</span> <span class='ocrx_word' id='word_1_1971' title='bbox 1950 3549 2001 3568; x_wconf 85' lang='lat' dir='ltr'>rer.</span> <span class='ocrx_word' id='word_1_1972' title='bbox 2016 3539 2118 3566; x_wconf 89' lang='lat' dir='ltr'>domin.</span> <span class='ocrx_word' id='word_1_1973' title='bbox 2135 3541 2270 3566; x_wconf 85' lang='lat' dir='ltr'>Pauonum</span> <span class='ocrx_word' id='word_1_1974' title='bbox 2286 3545 2312 3567; x_wconf 85' lang='lat' dir='ltr'>et</span> <span class='ocrx_word' id='word_1_1975' title='bbox 2327 3532 2376 3568; x_wconf 70' lang='lat' dir='ltr'>c&#39;·i¹&#39;3</span> 
     </span>
     <span class='ocr_line' id='line_1_132' title="bbox 322 3573 2369 3627; baseline -0.01 -6"><span class='ocrx_word' id='word_1_1976' title='bbox 322 3603 370 3627; x_wconf 71' lang='grc' dir='ltr'>η,</span> <span class='ocrx_word' id='word_1_1977' title='bbox 388 3602 414 3620; x_wconf 86' lang='lat'>2.</span> <span class='ocrx_word' id='word_1_1978' title='bbox 1375 3592 1406 3618; x_wconf 79' lang='lat'>95</span> <span class='ocrx_word' id='word_1_1979' title='bbox 1419 3591 1480 3609; x_wconf 88' lang='lat' dir='ltr'>rum</span> <span class='ocrx_word' id='word_1_1980' title='bbox 1494 3582 1550 3610; x_wconf 87' lang='lat' dir='ltr'>fera</span> <span class='ocrx_word' id='word_1_1981' title='bbox 1561 3588 1654 3608; x_wconf 80' lang='lat' dir='ltr'>natura</span> <span class='ocrx_word' id='word_1_1982' title='bbox 1669 3579 1714 3606; x_wconf 83' lang='lat' dir='ltr'>est.</span> <span class='ocrx_word' id='word_1_1983' title='bbox 1749 3588 1797 3606; x_wconf 88' lang='lat' dir='ltr'>nec</span> <span class='ocrx_word' id='word_1_1984' title='bbox 1809 3578 1842 3605; x_wconf 90' lang='lat' dir='ltr'>ad</span> <span class='ocrx_word' id='word_1_1985' title='bbox 1855 3587 1913 3605; x_wconf 83' lang='lat' dir='ltr'>reni</span> <span class='ocrx_word' id='word_1_1986' title='bbox 1924 3575 2054 3613; x_wconf 83' lang='lat' dir='ltr'>pertinet,</span> <span class='ocrx_word' id='word_1_1987' title='bbox 2069 3574 2140 3610; x_wconf 90' lang='lat' dir='ltr'>quod</span> <span class='ocrx_word' id='word_1_1988' title='bbox 2153 3584 2185 3602; x_wconf 87' lang='lat' dir='ltr'>ex</span> <span class='ocrx_word' id='word_1_1989' title='bbox 2197 3575 2334 3602; x_wconf 84' lang='lat' dir='ltr'>consuetu·</span> <span class='ocrx_word' id='word_1_1990' title='bbox 2344 3573 2369 3612; x_wconf 21' lang='grc' dir='ltr'><strong>’,ιζ</strong></span> 
     </span>
    </p>
   </div>
   <div class='ocr_carea' id='block_1_20' title="bbox 316 3610 2420 3773">
    <p class='ocr_par' dir='ltr' id='par_1_23' title="bbox 316 3610 2420 3773">
     <span class='ocr_line' id='line_1_133' title="bbox 359 3610 2374 3658; baseline -0.01 -2"><span class='ocrx_word' id='word_1_1991' title='bbox 359 3636 382 3656; x_wconf 79' lang='grc' dir='ltr'>Α</span> <span class='ocrx_word' id='word_1_1992' title='bbox 391 3635 411 3654; x_wconf 87' lang='grc' dir='ltr'><strong><em>ν</em></strong></span> <span class='ocrx_word' id='word_1_1993' title='bbox 422 3635 438 3655; x_wconf 80' lang='grc' dir='ltr'>ι.</span> <span class='ocrx_word' id='word_1_1994' title='bbox 447 3632 566 3655; x_wconf 77' lang='lat' dir='ltr'>ARlvs</span> <span class='ocrx_word' id='word_1_1995' title='bbox 575 3644 584 3658; x_wconf 88' lang='lat'><em>‚</em></span> <span class='ocrx_word' id='word_1_1996' title='bbox 605 3625 624 3652; x_wconf 92' lang='lat' dir='ltr'>i.</span> <span class='ocrx_word' id='word_1_1997' title='bbox 660 3633 697 3651; x_wconf 91' lang='lat' dir='ltr'>m.</span> <span class='ocrx_word' id='word_1_1998' title='bbox 733 3624 859 3657; x_wconf 86' lang='lat' dir='ltr'>Aulicus,</span> <span class='ocrx_word' id='word_1_1999' title='bbox 897 3622 1010 3651; x_wconf 80' lang='lat' dir='ltr'>alatinus</span> <span class='ocrx_word' id='word_1_2000' title='bbox 1028 3619 1109 3648; x_wconf 75' lang='lat' dir='ltr'>Gloss&#39;.</span> <span class='ocrx_word' id='word_1_2001' title='bbox 1124 3617 1183 3645; x_wconf 81' lang='lat' dir='ltr'>Isid.</span> <span class='ocrx_word' id='word_1_2002' title='bbox 1420 3618 1474 3645; x_wconf 88' lang='lat' dir='ltr'>lare</span> <span class='ocrx_word' id='word_1_2003' title='bbox 1489 3626 1514 3645; x_wconf 83' lang='lat' dir='ltr'>et</span> <span class='ocrx_word' id='word_1_2004' title='bbox 1528 3617 1651 3645; x_wconf 83' lang='lat' dir='ltr'>reuolare</span> <span class='ocrx_word' id='word_1_2005' title='bbox 1664 3616 1765 3648; x_wconf 80' lang='lat' dir='ltr'>solent,</span> <span class='ocrx_word' id='word_1_2006' title='bbox 1788 3617 1807 3642; x_wconf 88' lang='lat' dir='ltr'>i.</span> <span class='ocrx_word' id='word_1_2007' title='bbox 1822 3621 1851 3641; x_wconf 83' lang='lat' dir='ltr'>vt</span> <span class='ocrx_word' id='word_1_2008' title='bbox 1863 3622 1919 3640; x_wconf 80' lang='lat' dir='ltr'>mox</span> <span class='ocrx_word' id='word_1_2009' title='bbox 1931 3612 2086 3647; x_wconf 74' lang='lat' dir='ltr'>explicatur,</span> <span class='ocrx_word' id='word_1_2010' title='bbox 2100 3610 2174 3638; x_wconf 87' lang='lat' dir='ltr'>abire</span> <span class='ocrx_word' id='word_1_2011' title='bbox 2188 3617 2214 3638; x_wconf 86' lang='lat' dir='ltr'>et</span> <span class='ocrx_word' id='word_1_2012' title='bbox 2225 3611 2322 3638; x_wconf 85' lang='lat' dir='ltr'>redire.</span> <span class='ocrx_word' id='word_1_2013' title='bbox 2348 3615 2349 3618; x_wconf 77' lang='grc'>’</span> <span class='ocrx_word' id='word_1_2014' title='bbox 2363 3614 2374 3631; x_wconf 57' lang='lat'>¹2</span> 
     </span>
     <span class='ocr_line' id='line_1_134' title="bbox 359 3634 2379 3696; baseline -0.01 -6"><span class='ocrx_word' id='word_1_2015' title='bbox 359 3670 464 3691; x_wconf 77' lang='lat' dir='ltr'>AVLA</span> <span class='ocrx_word' id='word_1_2016' title='bbox 475 3671 511 3696; x_wconf 86' lang='lat' dir='ltr'>x,</span> <span class='ocrx_word' id='word_1_2017' title='bbox 531 3661 593 3689; x_wconf 67' lang='lat' dir='ltr'>acis.</span> <span class='ocrx_word' id='word_1_2018' title='bbox 619 3669 641 3687; x_wconf 90' lang='lat' dir='ltr'>c.</span> <span class='ocrx_word' id='word_1_2019' title='bbox 679 3661 772 3688; x_wconf 81' lang='lat' dir='ltr'>Sulcus.</span> <span class='ocrx_word' id='word_1_2020' title='bbox 808 3634 927 3686; x_wconf 62' lang='lat' dir='ltr'>Phoebus</span> <span class='ocrx_word' id='word_1_2021' title='bbox 941 3665 1076 3692; x_wconf 86' lang='lat' dir='ltr'>nunquam</span> <span class='ocrx_word' id='word_1_2022' title='bbox 1090 3655 1144 3690; x_wconf 88' lang='lat' dir='ltr'>ipse</span> <span class='ocrx_word' id='word_1_2023' title='bbox 1157 3659 1264 3688; x_wconf 86' lang='lat' dir='ltr'>torquet</span> <span class='ocrx_word' id='word_1_2024' title='bbox 1278 3653 1367 3680; x_wconf 83' lang='lat' dir='ltr'>aulaea</span> <span class='ocrx_word' id='word_1_2025' title='bbox 1421 3655 1550 3689; x_wconf 77' lang='lat' dir='ltr'>mphoram</span> <span class='ocrx_word' id='word_1_2026' title='bbox 1566 3661 1614 3689; x_wconf 77' lang='lat' dir='ltr'>pro</span> <span class='ocrx_word' id='word_1_2027' title='bbox 1633 3652 1750 3679; x_wconf 74' lang='lat' dir='ltr'>Celeriter</span> <span class='ocrx_word' id='word_1_2028' title='bbox 1770 3650 1799 3677; x_wconf 83' lang='lat' dir='ltr'>di</span> <span class='ocrx_word' id='word_1_2029' title='bbox 1810 3649 1901 3676; x_wconf 61' lang='lat' dir='ltr'>eredere.</span> <span class='ocrx_word' id='word_1_2030' title='bbox 1955 3646 2012 3673; x_wconf 84' lang='lat' dir='ltr'>Cic.</span> <span class='ocrx_word' id='word_1_2031' title='bbox 2027 3647 2080 3672; x_wconf 86' lang='lat' dir='ltr'>Att.</span> <span class='ocrx_word' id='word_1_2032' title='bbox 2095 3655 2121 3679; x_wconf 91' lang='lat'>9,</span> <span class='ocrx_word' id='word_1_2033' title='bbox 2137 3655 2165 3673; x_wconf 85' lang='lat'>10</span> <span class='ocrx_word' id='word_1_2034' title='bbox 2188 3647 2321 3682; x_wconf 57' lang='lat' dir='ltr'>Experiar·</span> <span class='ocrx_word' id='word_1_2035' title='bbox 2329 3644 2379 3678; x_wconf 70' lang='grc' dir='ltr'>ὲίι</span> 
     </span>
     <span class='ocr_line' id='line_1_135' title="bbox 325 3679 2316 3733; baseline -0.008 -8"><span class='ocrx_word' id='word_1_2036' title='bbox 325 3699 423 3726; x_wconf 88' lang='lat' dir='ltr'>Auson.</span> <span class='ocrx_word' id='word_1_2037' title='bbox 437 3699 482 3733; x_wconf 86' lang='lat' dir='ltr'>Ep.</span> <span class='ocrx_word' id='word_1_2038' title='bbox 497 3706 535 3731; x_wconf 87' lang='lat'>10,</span> <span class='ocrx_word' id='word_1_2039' title='bbox 549 3705 588 3724; x_wconf 89' lang='grc' dir='ltr'>ιο.</span> <span class='ocrx_word' id='word_1_2040' title='bbox 609 3699 628 3723; x_wconf 83' lang='grc' dir='ltr'>ι’.</span> <span class='ocrx_word' id='word_1_2041' title='bbox 656 3697 733 3723; x_wconf 67' lang='lat' dir='ltr'>:alcum</span> <span class='ocrx_word' id='word_1_2042' title='bbox 746 3704 846 3721; x_wconf 85' lang='lat' dir='ltr'>curuum</span> <span class='ocrx_word' id='word_1_2043' title='bbox 854 3696 935 3731; x_wconf 82' lang='lat' dir='ltr'>facit.</span> <span class='ocrx_word' id='word_1_2044' title='bbox 972 3693 1020 3722; x_wconf 79' lang='lat' dir='ltr'>Sed</span> <span class='ocrx_word' id='word_1_2045' title='bbox 1034 3693 1137 3719; x_wconf 76' lang='lat' dir='ltr'>Graecis</span> <span class='ocrx_word' id='word_1_2046' title='bbox 1153 3693 1227 3716; x_wconf 78' lang='lat' dir='ltr'>etiam</span> <span class='ocrx_word' id='word_1_2047' title='bbox 1245 3691 1368 3716; x_wconf 77' lang='lat' dir='ltr'>elementis</span> <span class='ocrx_word' id='word_1_2048' title='bbox 1420 3688 1481 3716; x_wconf 80' lang='lat' dir='ltr'>hinc</span> <span class='ocrx_word' id='word_1_2049' title='bbox 1495 3689 1608 3716; x_wconf 81' lang='lat' dir='ltr'>auolcm.</span> <span class='ocrx_word' id='word_1_2050' title='bbox 1644 3687 1717 3714; x_wconf 86' lang='lat' dir='ltr'>Idem</span> <span class='ocrx_word' id='word_1_2051' title='bbox 1730 3686 1780 3714; x_wconf 87' lang='lat' dir='ltr'>Tu</span> <span class='ocrx_word' id='word_1_2052' title='bbox 1793 3695 1815 3713; x_wconf 82' lang='lat' dir='ltr'>c.</span> <span class='ocrx_word' id='word_1_2053' title='bbox 1831 3693 1850 3717; x_wconf 90' lang='grc' dir='ltr'>ι,</span> <span class='ocrx_word' id='word_1_2054' title='bbox 1865 3691 1908 3716; x_wconf 81' lang='grc' dir='ltr'>ιο3</span> <span class='ocrx_word' id='word_1_2055' title='bbox 1929 3691 1950 3710; x_wconf 87' lang='lat' dir='ltr'>c.</span> <span class='ocrx_word' id='word_1_2056' title='bbox 1963 3689 1996 3716; x_wconf 82' lang='lat'>43</span> <span class='ocrx_word' id='word_1_2057' title='bbox 2014 3681 2121 3708; x_wconf 87' lang='lat' dir='ltr'>Critoni</span> <span class='ocrx_word' id='word_1_2058' title='bbox 2142 3683 2213 3710; x_wconf 81' lang='lat' dir='ltr'>enim</span> <span class='ocrx_word' id='word_1_2059' title='bbox 2226 3679 2316 3710; x_wconf 80' lang='lat' dir='ltr'>nost&#39;ro</span> 
     </span>
     <span class='ocr_line' id='line_1_136' title="bbox 316 3711 2420 3773; baseline -0.01 -11"><span class='ocrx_word' id='word_1_2060' title='bbox 316 3734 442 3773; x_wconf 82' lang='lat' dir='ltr'>scribitur</span> <span class='ocrx_word' id='word_1_2061' title='bbox 460 3734 570 3760; x_wconf 71' lang='grc' dir='ltr'><strong>ἅνλακα.</strong></span> <span class='ocrx_word' id='word_1_2062' title='bbox 689 3751 691 3753; x_wconf 96' lang='grc'>-</span> <span class='ocrx_word' id='word_1_2063' title='bbox 1420 3725 1483 3751; x_wconf 79' lang='lat' dir='ltr'>suali</span> <span class='ocrx_word' id='word_1_2064' title='bbox 1498 3734 1540 3751; x_wconf 86' lang='lat' dir='ltr'>me</span> <span class='ocrx_word' id='word_1_2065' title='bbox 1553 3723 1616 3751; x_wconf 92' lang='lat' dir='ltr'>hinc</span> <span class='ocrx_word' id='word_1_2066' title='bbox 1629 3723 1806 3750; x_wconf 85' lang='lat' dir='ltr'>auolaturum.</span> <span class='ocrx_word' id='word_1_2067' title='bbox 1838 3737 1842 3740; x_wconf 59' lang='grc'><strong>»</strong></span> <span class='ocrx_word' id='word_1_2068' title='bbox 1861 3720 1892 3745; x_wconf 83' lang='lat' dir='ltr'>Et</span> <span class='ocrx_word' id='word_1_2069' title='bbox 1905 3717 1937 3745; x_wconf 89' lang='lat' dir='ltr'>de</span> <span class='ocrx_word' id='word_1_2070' title='bbox 1950 3718 2008 3744; x_wconf 86' lang='lat' dir='ltr'>Fin.</span> <span class='ocrx_word' id='word_1_2071' title='bbox 2021 3725 2054 3750; x_wconf 89' lang='lat'>2,</span> <span class='ocrx_word' id='word_1_2072' title='bbox 2070 3720 2119 3744; x_wconf 86' lang='lat'>106</span> <span class='ocrx_word' id='word_1_2073' title='bbox 2137 3727 2162 3752; x_wconf 63' lang='lat' dir='ltr'>c.</span> <span class='ocrx_word' id='word_1_2074' title='bbox 2173 3726 2205 3751; x_wconf 85' lang='lat'>32</span> <span class='ocrx_word' id='word_1_2075' title='bbox 2224 3717 2298 3744; x_wconf 84' lang='lat' dir='ltr'>Fluit</span> <span class='ocrx_word' id='word_1_2076' title='bbox 2308 3716 2342 3752; x_wconf 69' lang='lat' dir='ltr'>&#39;ig</span> <span class='ocrx_word' id='word_1_2077' title='bbox 2350 3711 2382 3751; x_wconf 51' lang='grc' dir='ltr'>,ζῆ</span> <span class='ocrx_word' id='word_1_2078' title='bbox 2413 3717 2420 3737; x_wconf 68' lang='lat'>³.</span> 
     </span>
    </p>
   </div>
   <div class='ocr_carea' id='block_1_21' title="bbox 326 3749 2411 3839">
    <p class='ocr_par' dir='ltr' id='par_1_24' title="bbox 326 3749 2411 3839">
     <span class='ocr_line' id='line_1_137' title="bbox 361 3749 2411 3802; baseline -0.007 -6"><span class='ocrx_word' id='word_1_2079' title='bbox 361 3776 383 3796; x_wconf 80' lang='lat' dir='ltr'>A</span> <span class='ocrx_word' id='word_1_2080' title='bbox 392 3776 412 3794; x_wconf 94' lang='grc' dir='ltr'><strong><em>ν</em></strong></span> <span class='ocrx_word' id='word_1_2081' title='bbox 422 3775 438 3795; x_wconf 76' lang='grc' dir='ltr'>ι.</span> <span class='ocrx_word' id='word_1_2082' title='bbox 448 3770 518 3796; x_wconf 66' lang='grc' dir='ltr'>ἔτι</span> <span class='ocrx_word' id='word_1_2083' title='bbox 529 3776 559 3802; x_wconf 88' lang='lat' dir='ltr'>s,</span> <span class='ocrx_word' id='word_1_2084' title='bbox 584 3776 623 3795; x_wconf 81' lang='lat' dir='ltr'>ae.</span> <span class='ocrx_word' id='word_1_2085' title='bbox 657 3775 694 3793; x_wconf 87' lang='lat' dir='ltr'>m.</span> <span class='ocrx_word' id='word_1_2086' title='bbox 732 3763 876 3799; x_wconf 60' lang='grc' dir='ltr'><strong>[αὐλητὴς]</strong></span> <span class='ocrx_word' id='word_1_2087' title='bbox 915 3764 1029 3792; x_wconf 73' lang='lat' dir='ltr'>Tibicen.</span> <span class='ocrx_word' id='word_1_2088' title='bbox 1063 3762 1120 3789; x_wconf 86' lang='lat' dir='ltr'>Cic.</span> <span class='ocrx_word' id='word_1_2089' title='bbox 1141 3769 1191 3796; x_wconf 84' lang='lat' dir='ltr'>pro</span> <span class='ocrx_word' id='word_1_2090' title='bbox 1204 3760 1326 3786; x_wconf 81' lang='lat' dir='ltr'>Muraen.</span> <span class='ocrx_word' id='word_1_2091' title='bbox 1335 3760 1504 3796; x_wconf 76' lang='lat' dir='ltr'>29100111ptas</span> <span class='ocrx_word' id='word_1_2092' title='bbox 1518 3759 1652 3795; x_wconf 79' lang='lat' dir='ltr'>corporis:</span> <span class='ocrx_word' id='word_1_2093' title='bbox 1672 3765 1698 3786; x_wconf 84' lang='lat' dir='ltr'>et</span> <span class='ocrx_word' id='word_1_2094' title='bbox 1710 3758 1796 3794; x_wconf 82' lang='lat' dir='ltr'>prima</span> <span class='ocrx_word' id='word_1_2095' title='bbox 1808 3761 1929 3791; x_wconf 80' lang='lat' dir='ltr'>quaeque</span> <span class='ocrx_word' id='word_1_2096' title='bbox 1942 3752 2040 3779; x_wconf 76' lang='lat' dir='ltr'>auolat.</span> <span class='ocrx_word' id='word_1_2097' title='bbox 2077 3753 2204 3786; x_wconf 63' lang='lat' dir='ltr'>auolant,</span> <span class='ocrx_word' id='word_1_2098' title='bbox 2215 3749 2344 3786; x_wconf 63' lang='lat' dir='ltr'>msc-lant,⁴</span> <span class='ocrx_word' id='word_1_2099' title='bbox 2400 3759 2411 3767; x_wconf 80' lang='grc'>·’</span> 
     </span>
     <span class='ocr_line' id='line_1_138' title="bbox 326 3794 1693 3839; baseline -0.012 -7"><span class='ocrx_word' id='word_1_2100' title='bbox 326 3804 402 3836; x_wconf 79' lang='lat' dir='ltr'>Post,</span> <span class='ocrx_word' id='word_1_2101' title='bbox 419 3813 501 3838; x_wconf 87' lang='lat' dir='ltr'>quum</span> <span class='ocrx_word' id='word_1_2102' title='bbox 514 3804 543 3831; x_wconf 85' lang='lat' dir='ltr'>id</span> <span class='ocrx_word' id='word_1_2103' title='bbox 555 3802 652 3839; x_wconf 79' lang='lat' dir='ltr'>assequi</span> <span class='ocrx_word' id='word_1_2104' title='bbox 671 3809 724 3829; x_wconf 91' lang='lat' dir='ltr'>non</span> <span class='ocrx_word' id='word_1_2105' title='bbox 737 3800 894 3835; x_wconf 76' lang='lat' dir='ltr'>potuissent,</span> <span class='ocrx_word' id='word_1_2106' title='bbox 915 3800 979 3827; x_wconf 76' lang='lat' dir='ltr'>istuc</span> <span class='ocrx_word' id='word_1_2107' title='bbox 999 3798 1158 3835; x_wconf 84' lang='lat' dir='ltr'>potiffimum</span> <span class='ocrx_word' id='word_1_2108' title='bbox 1178 3796 1236 3822; x_wconf 88' lang='lat' dir='ltr'>sunt</span> <span class='ocrx_word' id='word_1_2109' title='bbox 1255 3794 1369 3829; x_wconf 81' lang='lat' dir='ltr'>delapsi,</span> <span class='ocrx_word' id='word_1_2110' title='bbox 1689 3805 1693 3811; x_wconf 52' lang='grc' dir='ltr'><strong>ι</strong></span> 
     </span>
    </p>
   </div>
   <div class='ocr_carea' id='block_1_22' title="bbox 321 3788 2437 3987">
    <p class='ocr_par' dir='ltr' id='par_1_25' title="bbox 321 3788 2437 3987">
     <span class='ocr_line' id='line_1_139' title="bbox 2406 3788 2427 3804; baseline -0.095 -6"><span class='ocrx_word' id='word_1_2111' title='bbox 2406 3788 2427 3804; x_wconf 69' lang='lat'>.,.</span> 
     </span>
     <span class='ocr_line' id='line_1_140' title="bbox 327 3798 2437 3875; baseline -0.012 -8"><span class='ocrx_word' id='word_1_2112' title='bbox 327 3846 357 3867; x_wconf 87' lang='lat' dir='ltr'>vt</span> <span class='ocrx_word' id='word_1_2113' title='bbox 370 3839 445 3866; x_wconf 88' lang='lat' dir='ltr'>aiunt</span> <span class='ocrx_word' id='word_1_2114' title='bbox 462 3839 491 3865; x_wconf 91' lang='lat' dir='ltr'>in</span> <span class='ocrx_word' id='word_1_2115' title='bbox 503 3840 611 3866; x_wconf 85' lang='lat' dir='ltr'>Graecis</span> <span class='ocrx_word' id='word_1_2116' title='bbox 629 3836 792 3868; x_wconf 83' lang='lat' dir='ltr'>artificibus,</span> <span class='ocrx_word' id='word_1_2117' title='bbox 811 3844 856 3862; x_wconf 87' lang='lat' dir='ltr'>eos</span> <span class='ocrx_word' id='word_1_2118' title='bbox 874 3835 974 3862; x_wconf 81' lang='lat' dir='ltr'>auletas</span> <span class='ocrx_word' id='word_1_2119' title='bbox 988 3836 1052 3867; x_wconf 83' lang='lat' dir='ltr'>esse,</span> <span class='ocrx_word' id='word_1_2120' title='bbox 1073 3833 1120 3870; x_wconf 89' lang='lat' dir='ltr'>qui</span> <span class='ocrx_word' id='word_1_2121' title='bbox 1141 3830 1290 3860; x_wconf 86' lang='lat' dir='ltr'>citharoedi</span> <span class='ocrx_word' id='word_1_2122' title='bbox 1308 3830 1368 3856; x_wconf 81' lang='lat' dir='ltr'>fleri</span> <span class='ocrx_word' id='word_1_2123' title='bbox 1832 3827 1862 3859; x_wconf 74' lang='lat' dir='ltr'>A</span> <span class='ocrx_word' id='word_1_2124' title='bbox 1933 3825 1963 3858; x_wconf 90' lang='lat' dir='ltr'>V</span> <span class='ocrx_word' id='word_1_2125' title='bbox 2035 3826 2064 3859; x_wconf 77' lang='lat' dir='ltr'>R</span> <span class='ocrx_word' id='word_1_2126' title='bbox 2337 3845 2347 3852; x_wconf 30' lang='lat'>¹,</span> <span class='ocrx_word' id='word_1_2127' title='bbox 2362 3817 2366 3831; x_wconf 81' lang='grc'><em>“</em></span> <span class='ocrx_word' id='word_1_2128' title='bbox 2381 3836 2383 3841; x_wconf 86' lang='grc'><strong>.</strong></span> <span class='ocrx_word' id='word_1_2129' title='bbox 2409 3798 2437 3875; x_wconf 46' lang='grc'>,1</span> 
     </span>
     <span class='ocr_line' id='line_1_141' title="bbox 329 3866 2426 3910; baseline -0.011 -8"><span class='ocrx_word' id='word_1_2130' title='bbox 329 3884 384 3902; x_wconf 89' lang='lat' dir='ltr'>non</span> <span class='ocrx_word' id='word_1_2131' title='bbox 397 3874 540 3909; x_wconf 86' lang='lat' dir='ltr'>potuerint.</span> <span class='ocrx_word' id='word_1_2132' title='bbox 576 3875 617 3902; x_wconf 93' lang='lat' dir='ltr'>Al.</span> <span class='ocrx_word' id='word_1_2133' title='bbox 631 3875 673 3902; x_wconf 84' lang='lat' dir='ltr'>hic</span> <span class='ocrx_word' id='word_1_2134' title='bbox 683 3875 768 3910; x_wconf 74' lang='lat' dir='ltr'>legum</span> <span class='ocrx_word' id='word_1_2135' title='bbox 783 3870 931 3903; x_wconf 88' lang='lat' dir='ltr'>Auloedos,</span> <span class='ocrx_word' id='word_1_2136' title='bbox 954 3871 996 3897; x_wconf 83' lang='lat' dir='ltr'>ubi</span> <span class='ocrx_word' id='word_1_2137' title='bbox 1009 3870 1062 3898; x_wconf 83' lang='lat' dir='ltr'>vid.</span> <span class='ocrx_word' id='word_1_2138' title='bbox 1081 3869 1208 3897; x_wconf 76' lang='lat' dir='ltr'>Caeterum</span> <span class='ocrx_word' id='word_1_2139' title='bbox 1219 3875 1303 3893; x_wconf 81' lang='lat' dir='ltr'>nomen</span> <span class='ocrx_word' id='word_1_2140' title='bbox 1322 3866 1367 3892; x_wconf 86' lang='lat' dir='ltr'>hoc</span> <span class='ocrx_word' id='word_1_2141' title='bbox 2412 3871 2426 3882; x_wconf 47' lang='lat'><em>2</em></span> 
     </span>
     <span class='ocr_line' id='line_1_142' title="bbox 321 3892 2421 3948; baseline -0.009 -11"><span class='ocrx_word' id='word_1_2142' title='bbox 321 3911 455 3948; x_wconf 80' lang='lat' dir='ltr'>familiare</span> <span class='ocrx_word' id='word_1_2143' title='bbox 473 3908 605 3942; x_wconf 81' lang='lat' dir='ltr'>librariis,</span> <span class='ocrx_word' id='word_1_2144' title='bbox 625 3916 730 3945; x_wconf 78' lang='lat' dir='ltr'>propter</span> <span class='ocrx_word' id='word_1_2145' title='bbox 749 3906 926 3934; x_wconf 81' lang='lat' dir='ltr'>Ptolemaeum</span> <span class='ocrx_word' id='word_1_2146' title='bbox 941 3906 1079 3939; x_wconf 83' lang='lat' dir='ltr'>Auletem,</span> <span class='ocrx_word' id='word_1_2147' title='bbox 1091 3905 1208 3942; x_wconf 75' lang='lat' dir='ltr'>Aegypti</span> <span class='ocrx_word' id='word_1_2148' title='bbox 1224 3910 1322 3940; x_wconf 79' lang='lat' dir='ltr'>regem,</span> <span class='ocrx_word' id='word_1_2149' title='bbox 1340 3900 1368 3928; x_wconf 85' lang='lat' dir='ltr'>ob</span> <span class='ocrx_word' id='word_1_2150' title='bbox 1459 3909 1587 3935; x_wconf 77' lang='lat' dir='ltr'>AVRA‚</span> <span class='ocrx_word' id='word_1_2151' title='bbox 1607 3909 1647 3928; x_wconf 90' lang='lat' dir='ltr'>ae.</span> <span class='ocrx_word' id='word_1_2152' title='bbox 1674 3899 1695 3927; x_wconf 83' lang='lat' dir='ltr'>f.</span> <span class='ocrx_word' id='word_1_2153' title='bbox 1731 3898 1822 3934; x_wconf 60' lang='lat' dir='ltr'>[onega⁹</span> <span class='ocrx_word' id='word_1_2154' title='bbox 1841 3893 1918 3931; x_wconf 72' lang='grc' dir='ltr'>κνοῆ]</span> <span class='ocrx_word' id='word_1_2155' title='bbox 1954 3896 2030 3923; x_wconf 81' lang='lat' dir='ltr'>Lenis</span> <span class='ocrx_word' id='word_1_2156' title='bbox 2048 3897 2148 3933; x_wconf 84' lang='lat' dir='ltr'>quidam</span> <span class='ocrx_word' id='word_1_2157' title='bbox 2167 3898 2235 3924; x_wconf 61' lang='lat' dir='ltr'>afris</span> <span class='ocrx_word' id='word_1_2158' title='bbox 2251 3892 2330 3922; x_wconf 71' lang='lat' dir='ltr'>mom</span> <span class='ocrx_word' id='word_1_2159' title='bbox 2404 3902 2421 3926; x_wconf 54' lang='grc' dir='ltr'>ᾗ,</span> 
     </span>
     <span class='ocr_line' id='line_1_143' title="bbox 324 3930 2419 3987; baseline -0.004 -15"><span class='ocrx_word' id='word_1_2160' title='bbox 324 3945 526 3985; x_wconf 64' lang='lat' dir='ltr'>infinum&#39;huius</span> <span class='ocrx_word' id='word_1_2161' title='bbox 539 3945 645 3979; x_wconf 60' lang='lat' dir='ltr'>artificii</span> <span class='ocrx_word' id='word_1_2162' title='bbox 656 3953 762 3972; x_wconf 79' lang='lat' dir='ltr'>amorem</span> <span class='ocrx_word' id='word_1_2163' title='bbox 773 3945 811 3970; x_wconf 84' lang='lat' dir='ltr'>ita</span> <span class='ocrx_word' id='word_1_2164' title='bbox 823 3939 919 3970; x_wconf 64' lang='lat' dir='ltr'>ditium</span> <span class='ocrx_word' id='word_1_2165' title='bbox 932 3952 947 3969; x_wconf 77' lang='lat' dir='ltr'>a</span> <span class='ocrx_word' id='word_1_2166' title='bbox 961 3943 1073 3970; x_wconf 77' lang='lat' dir='ltr'>Graecis.</span> <span class='ocrx_word' id='word_1_2167' title='bbox 1374 3943 1462 3973; x_wconf 75' lang='lat' dir='ltr'>105tu5</span> <span class='ocrx_word' id='word_1_2168' title='bbox 1478 3937 1590 3971; x_wconf 78' lang='lat' dir='ltr'>dulcior,</span> <span class='ocrx_word' id='word_1_2169' title='bbox 1607 3943 1638 3964; x_wconf 75' lang='lat' dir='ltr'>vt</span> <span class='ocrx_word' id='word_1_2170' title='bbox 1650 3933 1768 3971; x_wconf 62' lang='lat' dir='ltr'>Zephyri·</span> <span class='ocrx_word' id='word_1_2171' title='bbox 1798 3934 1799 3937; x_wconf 26' lang='lat'>¹</span> <span class='ocrx_word' id='word_1_2172' title='bbox 1814 3931 1911 3968; x_wconf 57' lang='lat' dir='ltr'>Virga·</span> <span class='ocrx_word' id='word_1_2173' title='bbox 1925 3932 2023 3967; x_wconf 67' lang='lat' dir='ltr'>Georg-</span> <span class='ocrx_word' id='word_1_2174' title='bbox 2037 3942 2066 3967; x_wconf 73' lang='lat'>42</span> <span class='ocrx_word' id='word_1_2175' title='bbox 2080 3936 2130 3968; x_wconf 76' lang='lat'>4‘17</span> <span class='ocrx_word' id='word_1_2176' title='bbox 2149 3931 2239 3960; x_wconf 62' lang='lat' dir='ltr'>DUlffl</span> <span class='ocrx_word' id='word_1_2177' title='bbox 2253 3933 2346 3964; x_wconf 67' lang='lat' dir='ltr'><strong>⁶0m1²⁹</strong></span> <span class='ocrx_word' id='word_1_2178' title='bbox 2367 3930 2419 3987; x_wconf 33' lang='lat' dir='ltr'>v,</span> 
     </span>
     <span class='ocr_line' id='line_1_144' title="bbox 2317 3965 2424 3983; baseline -0.009 1"><span class='ocrx_word' id='word_1_2179' title='bbox 2317 3978 2322 3982; x_wconf 84' lang='grc'><strong>.</strong></span> <span class='ocrx_word' id='word_1_2180' title='bbox 2415 3965 2424 3983; x_wconf 91' lang='grc' dir='ltr'>ι</span> 
     </span>
    </p>
   </div>
   <div class='ocr_carea' id='block_1_23' title="bbox 2424 4092 2436 4180">
    <p class='ocr_par' dir='ltr' id='par_1_26' title="bbox 2424 4092 2436 4180">
     <span class='ocr_line' id='line_1_145' title="bbox 2424 4092 2436 4180; baseline 0 2"><span class='ocrx_word' id='word_1_2181' title='bbox 2424 4092 2436 4180; x_wconf 95' lang='lat' dir='ltr'> </span> 
     </span>
    </p>
   </div>
  </div>
 </body>
</html>
