2474 4182
418 72 705 114 CON

47 170 190 203 Nunquam
204 164 254 193 erit
273 164 366 191 alicnis
381 163 485 198 granis,
509 162 555 197 qui
574 161 626 188 suis
645 161 670 186 se
683 158 829 186 Concinnat
843 156 947 199 leuem,
968 161 987 185 i.
1003 159 1087 195 facit,

45 204 148 232 exhibet.
200 202 281 227 Plaut.
295 200 391 235 Amph.
415 209 434 232 i,
450 207 472 231 3,
491 207 517 231 31
547 199 746 224 Lacrumantem
761 203 791 220 ex
806 194 881 221 abitu
895 196 1044 222 Concinnas
1057 200 1086 221 tu

44 247 116 267 tuam
127 246 252 266 vxorem‚
268 236 294 262 h.
308 245 328 261 e.
349 237 479 262 lacrimari
493 234 566 269 facis
578 232 606 259 ab
618 229 741 265 dffccſjicm
756 237 831 256 tumn.
899 232 1087 258 Munustulfflu

45 274 124 303 alicui
138 273 294 299 concinnare
312 271 434 298 'Fi-chon.
449 270 503 296 Cic.
513 270 582 295 Fam.
597 275 629 297 12,
643 268 679 292 16.
699 269 717 292 i.
725 272 818 300 parare
834 273 857 292 ct
870 276 959 293 ornare
972 267 1000 293 de
1013 268 1085 293 lzbro.

24 299 25 340 1
44 309 208 338 Concinuare
225 317 277 333 cum
291 311 417 333 concinere
430 304 563 341 confundit
593 302 664 328 Non.
686 310 706 334 1,
725 310 786 336 207.
812 303 878 338 qnod
894 305 967 329 etiam
979 302 1086 337 faciunt

23 351 25 382 1
44 345 145 383 quibua
156 344 260 370 retulere
281 343 337 369 Cic.
346 343 403 369 Fin.
417 350 437 375 ς,
451 347 478 372 83
495 339 574 365 Vides
586 343 615 363 vt
628 337 690 363 haec
704 339 878 365 concinnanti
896 340 1085 374 1'.consmtiam.

24 386 25 406 l
79 385 97 406 C
109 386 128 405 0
139 385 160 404 Ν
171 385 275 406 C1NN
287 381 334 405 ᾹΤ
344 385 391 405 OR
402 397 409 408 ‚
427 377 490 403 oris.
509 383 543 400 m.
582 372 766 407 [συσκευαςιὶς]
808 375 857 406 Vt,
878 373 938 408 le.
954 374 1012 400 inl.
1027 374 1084 400 Nec

24 416 25 448 l
43 414 196 450 quidquam.
224 415 254 441 D.
268 414 299 440 de
312 412 408 440 Officio
422 407 598 439 Proconsulis,
622 409 701 435 Circa
717 409 859 436 aduocatos
880 410 1022 443 patientem
1037 409 1085 434 csse

43 450 227 477 Proconsulem
241 456 361 484 oportet,
386 448 428 474 scd
440 455 498 473 cum
517 444 626 478 ingenio
641 465 649 477 ‚
671 454 704 471 ne
730 444 922 472 contemtibilis
942 445 990 471 csse
1012 444 1085 470 vide.

42 492 115 513 atur:
136 495 182 512 nec
195 486 262 512 adeo
275 484 446 514 dissimulare,
478 479 496 506 si
516 489 581 514 quos
595 482 729 507 causarum
750 481 966 512 concinnatores,
990 479 1030 505 vel
1046 488 1085 505 re-

43 522 175 548 demtores
194 520 386 556 deprehendat,
417 520 436 543 i.
456 518 499 552 qui
519 514 639 552 effingunt
659 517 753 552 causas.
824 516 974 544 Criminum
995 515 1085 541 Sidon.

23 558 87 592 *Ep.
108 566 131 590 3,
150 565 183 589 13-
264 555 471 582 Deformitatum
496 552 697 579 concinnatores
718 558 799 587 atque
822 553 976 581 inuentores
993 551 1087 576 Poetae

26 616 27 624 ,
41 593 142 620 Arnob.
169 602 189 625 4
216 601 240 627 p.
262 599 318 624 ¹49-
395 587 620 614 Concinnatorem
640 587 800 624 capillorum
826 588 893 615 dixit
922 586 1054 614 Columel.
1077 593 1087 612 1

21 628 27 663 1⁴
41 629 150 664 praefat.
171 636 192 660 5.
625 658 630 663 1

18 678 19 683 =
78 665 453 699 CONciNNAToaivs,
467 668 491 691 a,
507 659 641 685 um.Ad1.

18 684 27 747 «l
41 700 101 733 Dig.
116 699 148 725 de
168 707 234 733 penu
254 696 343 731 legata.

24 751 26 772 2
41 735 126 766 naria,
146 732 306 761 cocitatoria.

47 95 125 131 ¹¹05

77 777 93 798 c
102 778 120 797 o
130 777 151 796 N
161 776 177 796 e
188 776 195 796 1
206 775 226 795 N
235 775 256 794 N
264 774 285 794 A
293 774 315 793 ‘r
325 773 335 792 1
346 772 363 794 c
376 774 385 792 1
397 773 418 792 ν
427 773 451 798 s,
472 775 496 800 a,
517 775 571 792 um.
603 765 664 791 Adi.
688 764 856 799 [hiems-0⁵]
895 764 971 799 Quod
979 763 1088 790 breuiter

24 798 166 835 {collectum
181 811 203 832 ct
215 809 270 838 apte
284 800 424 838 dispofitum
438 800 479 835 est.
499 802 624 836 Apuleius
632 801 696 827 Met.
706 809 722 827 2
737 810 760 834 p.
770 809 810 833 119
835 799 1024 827 NamMilonis
1040 799 1086 825 bo-

17 854 26 889 1
40 842 69 868 ni
84 839 300 868 concinnaticiam
315 838 460 864 mensulam
474 844 580 872 rogatus
598 837 779 864 accubueram.

75 883 119 903 co
130 882 190 903 Nci
205 882 224 900 N
237 881 414 906 NANTIA,
434 882 473 900 30.
495 874 514 900 f.
535 871 610 901 Idem.
647 871 738 899 Sidon.
750 871 828 905 Epist.
843 875 866 902 8,
882 880 908 903 4.

75 919 118 939 co
130 920 149 937 Ν
159 918 174 935 (1
186 919 191 936 1
203 918 223 925 ·’
238 918 243 928 ³
267 918 285 936 21
300 916 320 935 Τ
330 911 350 935 V
360 916 409 936 ΕΑ
419 930 426 941 ,
447 918 486 936 30.
507 909 527 936 f.
566 908 642 936 Idem.
669 906 799 936 Κόλλησις.
825 907 884 932 Vct.
899 905 977 932 Gloss.
992 906 1086 938 Cyrill.

75 954 92 974 c
104 956 121 973 o
133 954 151 971 N
162 953 199 973 01
212 954 232 972 Ν
247 952 267 972 Ν
279 952 329 972 ΛΤ
340 952 393 978 10,
420 945 488 971 onis.
515 945 534 971 f.
571 942 708 976 [Συνσκευὴ
731 944 789 969 Vct.
812 941 911 976 Gloffi]
949 943 1016 968 Cato
1040 944 1087 968 106

24 974 128 1018 {Aquae
143 983 261 1008 marinae
275 981 455 1008 concinnatio.
492 979 568 1007 Modo
580 989 629 1006 non
644 978 683 1013 stt
696 988 725 1005 ex
738 979 856 1005 lemmate.

10 1021 27 1052 ’ξ
73 1024 91 1046 C
100 1024 119 1045 0
129 1025 149 1045 N
158 1025 175 1045 c
185 1016 195 1044 ἷ
204 1026 225 1044 Ν
235 1025 254 1044 0
263 1037 269 1048 ‚
299 1018 382 1049 cinui,
403 1023 516 1048 centum,
541 1018 593 1042 ere.

25 1062 92 1080 <nere
101 1073 109 1086 ,
129 1055 170 1080 ue!
182 1061 246 1080 certe
259 1057 319 1080 totis
333 1060 355 1078 rt
369 1051 510 1078 coniunctis
522 1051 618 1077 viribus
631 1059 726 1076 canere.
763 1050 820 1076 Cic.
829 1049 913 1075 Tusc.
928 1057 947 1080 1,
957 1050 1004 1074 106
1019 1057 1039 1073 c.
1048 1057 1085 1080 44

25 1090 106 1116 &Haec
120 1099 201 1124 quum
225 1088 309 1124 prcssis
324 1096 348 1115 ct
370 1088 505 1121 flebilibus
518 1086 619 1117 modiS,
646 1086 693 1120 qui
712 1085 776 1112 totis
796 1085 905 1111 theatris
925 1083 1085 1110 moestitiam

35 1125 169 1157 inserant,
190 1126 382 1156 concinuntur,
402 1133 447 1150 erc.
504 1123 543 1149 Ad
557 1123 629 1149 fores
644 1122 756 1148 alicuius
770 1123 909 1147 concinere
929 1119 1009 1146 Ouid.
1018 1118 1084 1145 Fast.

35 1171 64 1196 4,
80 1170 127 1187 11).
200 1161 246 1189 Seii
259 1164 331 1186 eriam
345 1160 372 1186 de
387 1169 434 1186 imo
469 1159 551 1186 Ouid.
566 1158 644 1193 Epist.
660 1165 686 1192 7,
701 1166 717 1184 2
735 1158 776 1184 Sic
790 1156 838 1183 vbi
852 1157 905 1183 fata
917 1160 1012 1181 vocant
1028 1155 1086 1181 vdis

35 1197 155 1223 abit-»ius
168 1197 196 1222 in
210 1196 299 1225 herbis
313 1195 352 1222 Ad
367 1196 433 1222 vada
447 1194 584 1222 Maeandri
597 1194 723 1222 Concinit
736 1193 811 1219 albus
824 1192 893 1218 olor.

35 1233 101 1259 Bell.
117 1233 199 1259 Ciuil.
216 1241 236 1264 3,
252 1241 299 1258 100
331 1231 427 1266 Neque
445 1231 541 1257 frustra
561 1229 708 1264 antiquitus
728 1229 878 1255 institutum
899 1225 951 1259 est,
972 1232 1001 1253 vt
1014 1226 1084 1261 signa

34 1268 155 1303 Vndique
170 1269 353 1298 concinerent,
373 1267 570 1301 clamoremque
584 1264 698 1292 vniuerfi
714 1265 854 1295 tollerent,
870 1269 915 1288 etc.
982 1262 1042 1289 Liu.
1057 1271 1084 1296 9,

36 1312 68 1336 32
97 1304 300 1338 Concinuntque
321 1302 417 1335 tubae,
450 1308 475 1329 et
488 1302 557 1337 signa
577 1301 737 1328 inferuntur.
807 1297 888 1325 Ouid.
905 1298 997 1325 Amor.
1019 1308 1042 1331 3,
1057 1307 1085 1331 9,

36 1348 73 1374 ²4
96 1340 210 1366 Aclinon
227 1340 254 1366 in
269 1339 339 1365 liluis
353 1339 423 1365 idem
437 1344 527 1373 pater,
550 1337 665 1364 Aelinon
687 1336 746 1362 altis
765 1334 871 1361 Dicitur
891 1333 977 1360 inuita
997 1335 1083 1360 conci-

37 1376 119 1402 nuitl'e
128 1377 204 1408 Lyra.
275 1374 358 1405 Ouid.
372 1374 404 1402 de
412 1376 476 1401 Arte
491 1375 549 1400 Am.
565 1382 585 1405 1,
606 1378 651 1406 508
687 1371 736 1397 Ista
749 1370 813 1396 iube
830 1369 946 1402 faciant,
968 1379 1084 1404 quorum

37 1410 165 1443 Cybeleia
179 1416 262 1438 mater
293 1410 453 1438 Concinitur
464 1409 582 1444 Phrygiis
596 1406 727 1434 exululata
741 1405 837 1432 modis.
893 1406 949 1432 Ore
964 1406 1011 1440 pio
1024 1415 1084 1432 con-

38 1447 126 1474 cinere
144 1447 205 1474 Stat.
219 1446 283 1474 Silu.
298 1454 320 1480 5,
333 1455 355 1479 3,
369 1455 423 1473 202.
503 1444 589 1471 Catul.
603 1451 642 1476 59,
656 1450 715 1474 1203
758 1443 814 1474 Ite,
835 1441 968 1468 concinite
983 1442 1012 1467 in
1026 1451 1083 1468 mo-

37 1482 101 1508 dum
136 1483 160 1510 O
175 1484 295 1516 Hymen,
314 1489 359 1508 etc.
413 1482 486 1508 Voce
499 1479 601 1507 tinnula
615 1478 731 1504 carmina
745 1477 887 1504 concinere
906 1476 980 1503 Idem
997 1485 1082 1510 59,12.

35 1517 140 1544 Classica
154 1519 293 1545 concinere
305 1525 385 1544 rauco
396 1525 479 1542 cornu
514 1516 611 1541 Lucan.
626 1522 646 1546 1,
660 1519 711 1546 238.
782 1513 851 1540 Hor.
865 1513 954 1540 Carni.
973 1521 1000 1547 4,
1014 1522 1039 1545 2,
1052 1522 1082 1547 41

36 1554 168 1580 Concines
181 1554 315 1586 laetosque
328 1551 399 1581 01105,
419 1556 445 1577 01
456 1549 530 1577 vrbis
566 1549 707 1576 Publicum
719 1548 820 1574 ludum.

34 1589 68 1615 At
80 1588 199 1615 madidus
212 1587 312 1615 Baccho
326 1588 371 1613 sua
379 1586 451 1613 Festa
464 1586 561 1613 Parilia
576 1585 663 1620 pastor
699 1585 838 1611 Continet.

33 1623 139 1651 Vic'tori
152 1623 240 1650 laudes
252 1623 411 1650 concinuisse
424 1622 494 1649 Ioui.
566 1622 665 1648 Omina
677 1620 782 1647 Tristia
795 1630 849 1647 non
862 1620 936 1647 albae
949 1621 1086 1647 continui-

31 1659 77 1686 stis
91 1668 152 1686 aues
168 1659 250 1686 Ouid.
264 1660 356 1685 Amor.
371 1667 394 1690 3,
408 1667 446 1690 12,
460 1667 484 1684 2.

30 1695 90 1722 iore
103 1697 181 1730 pocta
194 1694 298 1721 Pletlro
336 1694 482 1721 Caesarem.
517 1695 536 1719 i.
549 1693 663 1719 laudabis
682 1699 706 1718 et
722 1692 864 1718 celebrabis.

30 1730 143 1758 voribus
158 1731 234 1757 omni
248 1730 399 1756 concinitur
413 1729 494 1764 vulgo
515 1729 576 1756 Stat.
589 1728 682 1756 Theb.
697 1736 733 1758 10,
747 1732 800 1762 781.

20 1770 87 1803 *quit
102 1767 205 1799 Festus,
225 1766 379 1793 Conuenire
392 1765 437 1791 est.
493 1762 576 1791 Reae.
613 1765 670 1790 Cic.
685 1763 717 1789 de
724 1764 812 1795 Fin.5‚
826 1767 853 1795 83
881 1762 962 1789 Vides
976 1769 1004 1790 vt
1016 1763 1081 1790 hacc

30 1803 179 1830 concinant.
251 1801 325 1828 Idem
338 1800 371 1828 de
385 1801 447 1827 Nat.
461 1801 542 1827 Deor.
563 1809 583 1832 1,
603 1802 633 1826 16
650 1808 671 1825 c.
693 1807 710 1834 7
747 1798 883 1826 Antiocho
903 1799 977 1826 enim
998 1799 1082 1826 Stoici

13 1860 19 1865 .
30 1847 90 1865 cum
104 1838 282 1873 Peripateticis
296 1846 325 1864 re
338 1836 478 1864 concinere
492 1835 633 1868 videntur,
652 1834 743 1862 verbis
757 1835 914 1869 discrepare.
987 1836 1082 1868 Quini

30 1881 56 1901 et
70 1874 124 1909 ipse
137 1879 210 1901 tanto
229 1873 312 1900 nostri
331 1874 433 1907 semper
445 1881 537 1898 amore
556 1871 726 1906 flagrauerit,
756 1876 785 1897 vt
799 1870 828 1897 in
844 1870 952 1897 ludicris
967 1875 993 1897 et
1006 1871 1082 1897 seriis

30 1911 88 1945 pari
101 1918 205 1936 mecum
218 1909 357 1936 voluntate
373 1908 525 1935 concineret
543 1908 610 1933 Min.
624 1906 699 1933 Felix
713 1915 733 1939 1,
746 1914 768 1938 3.

66 1953 83 1974 c
92 1953 111 1973 o
120 1953 141 1972 N
150 1951 167 1972 c
176 1953 192 1972 Ε
201 1951 222 1970 Ν
232 1953 254 1973 Τ
264 1951 283 1971 ν
296 1952 308 1971 s
316 1965 324 1977 ,
353 1944 392 1971 fis.
419 1953 455 1970 m.
497 1941 640 1976 [συνῳὲάῃ
665 1943 812 1977 συμφωνία]
852 1941 927 1976 Virg.
941 1942 1040 1977 Georg.
1059 1951 1080 1975 1,

10 1984 17 1988 “
30 1990 84 2017 422
105 1982 174 2008 Hinc
188 1981 235 2008 ille
247 1981 339 2008 auium
352 1985 493 2007 concentus
507 1979 536 2005 in
549 1978 627 2013 agris.
680 1978 738 2005 Cic.
752 1977 781 2004 in
796 1978 884 2004 Somn.
897 1978 963 2013 Scip.
980 1987 1002 2005 11
1024 1979 1081 2012 Qii

30 2023 106 2044 acuta
117 2026 177 2044 cuni
186 2017 313 2051 grauibus
326 2023 485 2050 temperans,
498 2014 675 2050 aequabiliter
687 2019 829 2041 concentus
836 2011 925 2040 efficit.
961 2014 1082 2042 Conten-

31 2058 72 2079 tus
79 2053 212 2088 signorum
225 2052 268 2086 (in
280 2049 387 2086 castris)
402 2051 513 2085 Qun&
528 2059 631 2085 9‚4,11.
669 2050 751 2076 Rauci
765 2055 906 2076 concentus
916 2050 978 2076 Stat.
986 2049 1080 2077 Theb.

31 2090 58 2121 6,
72 2095 132 2123 227.
188 2088 381 2114 Vehementior
407 2086 537 2121 Qiinffll.
553 2095 574 2119 1,
587 2095 626 2119 10,
641 2095 682 2120 14·

30 2133 96 2150 num
109 2132 189 2158 quam
208 2124 335 2150 sonorum
348 2129 488 2150 concentus
502 2122 538 2149 est
571 2122 627 2149 Cic.
640 2120 692 2147 Off.
716 2130 726 2147 1
748 2130 769 2147 c.
787 2129 817 2153 14
831 2127 896 2146 extr.
969 2122 1080 2147 Scruare

30 2165 187 2186 concentum
217 2158 290 2186 Idem
305 2158 338 2185 de
352 2159 410 2185 Fin.
425 2167 454 2192 4,
465 2166 506 2192 73.
579 2156 709 2183 Omnium
730 2155 914 2181 doctrinarum
931 2156 1003 2188 quasi
1017 2163 1079 2181 con-

31 2195 118 2222 sensus
137 2201 331 2229 concentusque
361 2193 398 2220 Id.
416 2193 448 2220 de
469 2194 542 2220 Orat.
557 2200 569 2224 3
589 2200 611 2218 e.
628 2193 653 2217 6.
724 2191 875 2217 Contentus
897 2194 924 2216 et
939 2190 1079 2217 consensus

30 2230 86 2256 Cic.
99 2230 131 2256 d‘e
143 2229 236 2256 Diuin.
249 2237 275 2261 2,
289 2238 331 2262 34.
386 2229 515 2255 Volucres
527 2230 587 2254 a'era
599 2226 716 2253 mulcent
729 2225 900 2253 concentibus
919 2225 1001 2252 Ouid.
1010 2226 1076 2253 Fast.

169 2265 317 2292 Contentus
329 2263 421 2291 auium
452 2263 584 2298 Qinffil.
605 2270 628 2296 ς,
641 2271 668 2295 9,
681 2263 723 2289 16.

27 2301 108 2328 Nunc
121 2309 188 2336 age,
233 2299 280 2327 uid
297 2299 417 2327 nostrum
440 2304 599 2327 concentum
619 2297 738 2328 diuidat,
763 2297 841 2330 audi,
867 2300 886 2324 i.
908 2299 984 2324 Nunc
996 2297 1078 2324 dicam

45 2336 92 2369 Ἡ,
111 2336 172 2372 quid
189 2335 217 2362 ob
241 2342 276 2367 et,
288 2345 334 2371 quo
353 2338 436 2362 minus
455 2339 546 2362 mecum
558 2334 607 2360 tibi
623 2336 762 2360 conueniat.
837 2333 903 2360 Plin.
919 2342 955 2365 12,
970 2342 998 2367 19
1012 2334 1030 2360 s.
1046 2342 1080 2367 42

28 2372 60 2399 T
59 2378 90 2399 ot
103 2380 228 2407 generum
245 2380 324 2398 aurae
345 2371 460 2406 spirante
479 2376 624 2403 concentu,
645 2369 674 2396 de
686 2368 801 2396 odoribus
812 2366 960 2405 permistis:
1005 2368 1080 2395 Idem

6 2407 9 2411 ‘
47 2416 120 2443 aneg.
134 2410 172 2440 46
202 2407 299 2442 Neque
312 2407 384 2434 enim
402 2416 418 2434 a
429 2413 456 2434 te
475 2406 581 2433 minore
599 2407 754 2438 concentu,
775 2410 804 2431 vt
824 2405 933 2432 tolleres
946 2403 1079 2437 pantomi-

47 2453 102 2477 ios,
120 2452 201 2480 quam
216 2452 230 2470 a
243 2451 316 2478 patre
329 2448 391 2476 tuo,
410 2449 440 2470 vt
457 2443 625 2475 restitueret,
649 2441 772 2468 eradium
792 2440 836 2466 est.

39 2483 94 2507 ione
104 2479 219 2516 publica,
243 2478 273 2506 de
288 2488 336 2515 qua
359 2488 382 2505 c.
397 2487 413 2505 2
441 2479 555 2514 Populus
567 2477 677 2513 quidem
691 2477 770 2502 Rom.
786 2474 913 2500 dilectum
926 2473 1080 2508 Principum

39 2521 129 2549 eruat,
152 2520 306 2550 quantoque
319 2514 409 2550 paullo
424 2521 484 2542 ante
503 2519 631 2540 concentu
648 2510 800 2549 formo-sum
813 2509 913 2541 alium,
939 2508 1009 2536 hunc
1023 2510 1080 2537 for-

29 2551 152 2578 tiffimum
163 2551 294 2586 personat.
364 2550 450 2577 Paullo
462 2551 537 2576 aliter
554 2558 576 2575 e.
590 2557 609 2581 4
629 2546 747 2580 Principi
758 2544 849 2572 nostro
862 2550 958 2580 quanta
971 2554 1080 2573 concor-

45 2588 81 2620 ia,
89 2593 255 2623 quantusque
267 2590 408 2612 concentus
420 2585 544 2611 omnium
558 2581 666 2610 laudum
675 2581 830 2615 ,omnisque
839 2581 940 2615 gloriae
948 2582 1079 2616 contigit?

555 1658 624 1684 Hor.
640 1658 771 1690 Carnu-4,
784 1665 809 1689 2,
823 1665 849 1689 33
886 1657 1018 1683 Concines
1031 1665 1084 1683 ma-

936 1692 1025 1718 Laetis
1046 1692 1084 1717 fa-

42 2663 136 2684 imatet
149 2658 261 2683 concinit
274 2657 389 2684 timenti,-
415 2654 484 2688 ficut
495 2655 652 2686 Succentor,
675 2655 719 2689 qui
732 2661 790 2678 voce
802 2652 953 2689 subsequens
971 2653 1079 2680 canendo

30 2691 174 2728 respondet:
194 2692 364 2722 Praei-tutor,
384 2693 427 2730 qui
439 2691 674 2726 vocempraemittit
685 2692 713 2715 in
725 2695 809 2715 cantu.

67 2734 84 2754 c
94 2733 301 2755 0NcrN‘r10
315 2746 324 2759 ‚
350 2729 420 2753 onis.
446 2727 467 2753 f.
509 2724 699 2761 [συμφώνησις]
745 2724 801 2751 Cic.
817 2732 865 2758 pro
879 2723 949 2751 Sext.
965 2730 1001 2755 118
1015 2734 1037 2751 c.
1053 2731 1081 2758 ςς

30 2763 103 2792 Ν3111
115 2771 198 2798 quum
209 2761 468 2802 ageretur-Togata,
487 2761 629 2794 Simulans,
649 2766 678 2788 vt
692 2760 806 2795 opinor,
824 2765 929 2787 caterua
944 2766 1016 2793 tota,
1030 2761 1079 2788 cla-

55 2835 214 2862 iuinamens
225 2833 368 2861 mundanas
382 2834 526 2862 varietates
539 2833 571 2861 ad
592 2833 673 2861 instar
685 2833 764 2859 vnius
779 2832 961 2859 contentionis
977 2833 1080 2861 releuat

52 2871 107 2906 pul.
119 2870 152 2897 de
165 2869 267 2897 Mundo
286 2879 312 2906 p.
324 2877 368 2897 20.

45 2942 100 2984 tad
112 2942 195 2978 ipsam
216 2941 282 2969 caeli
301 2941 487 2975 harmoniam,
511 2941 539 2968 id
559 2941 596 2968 est
614 2941 827 2972 concinentiam,
851 2939 921 2966 hunc
934 2949 1077 2968 numerum

621 3013 753 3041 Omnium
772 3011 916 3040 modorum
935 3013 1077 3040 concinen-

66 3091 84 3112 c
96 3090 236 3118 0Nc10,
256 3085 287 3112 is.
322 3085 377 3112 vid.
407 3091 513 3112 conc
524 3091 597 3112 1130.

64 3127 82 3149 c
91 3128 112 3148 ο
121 3127 143 3146 Ν
153 3126 171 3147 C
179 3127 190 3148 1
197 3126 218 3148 0
225 3139 235 3152 ,
260 3120 329 3148 onis.
359 3120 379 3148 f.
413 3122 443 3148 Α
460 3120 597 3148 Conciendo
605 3141 614 3154 ,
638 3123 656 3147 i.
674 3118 830 3147 conuocando
847 3117 918 3146 dista
925 3139 934 3152 ,
969 3119 1077 3154 [ἐκκλη-

49 3199 122 3220 ratus
133 3190 211 3226 iuffiae,
228 3193 270 3218 vel
277 3192 382 3228 sponte,
405 3192 440 3219 ad
451 3191 598 3219 audiendum
609 3199 748 3220 oratorem:
773 3194 844 3218 cuius
862 3194 937 3218 etiam
954 3195 1036 3219 oratio
1046 3198 1077 3219 vt

0 3242 2 3246 ν
39 3235 53 3255 e
68 3230 151 3261 locus,
177 3227 242 3254 vnde
259 3227 338 3261 dicit,
356 3234 462 3254 uocatur
482 3228 585 3255 concio.
656 3230 735 3255 Docet
754 3234 837 3262 nempe
863 3227 931 3254 Gell.
955 3233 990 3259 18,
1002 3235 1020 3262 7
1044 3237 1074 3254 ex

52 3264 126 3292 ertio
142 3264 235 3291 Flacco
243 3283 252 3296 ‚
271 3264 438 3290 Contionem
446 3263 499 3290 tria
511 3263 672 3299 significare,
689 3264 779 3290 locum
792 3262 992 3298 suggestumque
1005 3263 1076 3290 vnde

46 3300 110 3328 erba
123 3299 232 3331 fierent3
250 3299 316 3326 item
335 3298 480 3334 significare
497 3306 602 3327 coetum
620 3300 715 3335 populi
733 3298 879 3330 affistcntis3
897 3299 962 3326 item
976 3301 1078 3326 oratio-

47 3345 88 3363 em
102 3336 202 3371 ipsam,
228 3343 297 3370 quae
315 3334 348 3362 ad
367 3335 497 3370 populum
515 3335 657 3363 diceretur.

41 3372 103 3400 'one
115 3380 182 3408 quae
195 3371 321 3405 inscripta
333 3370 371 3397 est
391 3376 481 3398 contra
498 3371 641 3398 concionem
654 3372 687 3408 Q
702 3371 816 3403 Metelli,
833 3370 957 3407 Asc-mdi,
977 3371 1076 3407 inquit,

33 3410 38 3415 “
69 3410 222 3439 concionem,
247 3406 379 3442 concursus
390 3404 424 3439 est
433 3407 523 3442 populi
533 3405 636 3444 faHus.
690 3407 762 3434 Sicut
776 3406 848 3433 idem
867 3407 906 3434 M.
920 3407 1032 3434 Tullius
1046 3408 1075 3434 in

0 3447 9 3464 :¹
48 3448 136 3470 ratore
154 3446 193 3476 (c.
209 3445 260 3476 50)
279 3443 331 3475 ait,
348 3443 481 3469 Concicmes
486 3441 561 3478 saepe
571 3444 708 3470 exclamare
722 3442 792 3473 vidi,
809 3451 863 3469 cum
874 3449 931 3478 apte
943 3443 1019 3470 verba
1038 3453 1075 3470 ce-

0 3495 2 3499 .
43 3477 221 3522 id¹ff0¹f‚‚⁶²c·
258 3478 403 3505 Contionis
416 3477 536 3510 Metelli,
561 3481 580 3504 ι’.
600 3482 724 3505 orationis
735 3481 827 3505 mentio
843 3481 917 3504 etiam
941 3479 1074 3513 Qinffil.

48 3534 56 3547 a
77 3522 105 3546 3,
126 3521 166 3547 50·

0 3582 5 3590 .
52 3549 134 3577 oncio
152 3548 277 3587 significat
295 3555 474 3583 conuentum,
499 3558 555 3576 non
572 3555 661 3577 tamen
677 3550 777 3583 alium,
797 3558 878 3584 quam
897 3558 972 3582 eum,
992 3551 1039 3586 qui
1058 3559 1074 3577 a

48 3584 198 3625 lagistratu,
216 3586 260 3612 vel
273 3595 288 3613 a
301 3586 435 3613 sacerdote
448 3584 556 3620 publico
570 3594 618 3620 per
627 3594 784 3620 praeconem
797 3591 967 3613 conuocatur.
1015 3587 1072 3614 Cic.

9 3635 12 3638 -
47 3631 62 3648 e
73 3620 183 3649 Amicit.
196 3628 228 3654 9,·
239 3630 262 3648 e.
274 3630 305 3656 25
324 3622 427 3649 Contio
441 3630 509 3656 quae
520 3629 553 3648 ex
565 3619 764 3656 imperitissimis
777 3621 894 3653 constat,
911 3626 1013 3653 tamen,
1027 3629 1073 3649 etc.

47 3657 116 3683 alam
129 3664 179 3691 pro
191 3656 319 3685 contione
337 3659 408 3685 Suet.
422 3658 499 3692 Vesp.
512 3665 534 3683 c.
548 3665 574 3691 7.
594 3657 622 3682 de
634 3656 796 3682 multitudine
813 3663 901 3683 temere
913 3665 1072 3695 congregata.

71 3692 132 3719 ncio
142 3712 150 3724 ‚
176 3697 202 3717 et
217 3694 359 3721 conflent-iis
379 3694 481 3721 ciuium
513 3693 571 3719 Cic.
586 3693 661 3718 Vei-r.
677 3700 705 3725 4,
721 3700 771 3718 110.
920 3692 926 3697 ”

44 3728 142 3758 iones„
156 3729 186 3767 ι’..
196 3729 319 3756 orationes
330 3730 488 3766 adpopulum
502 3728 615 3760 habitae,
641 3727 845 3759 celeberrimae,
873 3733 899 3754 et
917 3727 1073 3763 gratiffimae

0 3774 2 3779 ·
43 3763 104 3790 dem
118 3763 148 3789 in
159 3762 245 3789 Piron.
261 3771 302 3797 34.
371 3766 446 3793 Orba
460 3765 493 3792 ab
511 3763 685 3799 optimatibus
696 3763 791 3790 concio
815 3763 853 3790 Id.
866 3772 915 3798 pro
923 3764 1017 3791 Flacco
1029 3771 1073 3798 ς4.

2 3801 9 3818 ’-
53 3798 167 3826 duocare
181 3798 336 3826 concionem
354 3801 426 3828 Caes.
440 3801 504 3828 Bell.
519 3800 601 3827 Ciuil.
615 3808 641 3833 2,
653 3807 693 3832 32.
765 3797 911 3825 Ascendere
923 3799 953 3826 in
963 3800 1071 3826 concio-

105 3834 168 3861 Liu.
179 3841 202 3866 2,
213 3840 240 3868 7.
264 3834 290 3862 b.
303 3844 324 3862 e.
344 3838 372 3862 in
389 3837 467 3864 Iocum
475 3834 678 3874 suggestumque,
704 3834 769 3862 vnde
784 3834 861 3862 verba
865 3833 937 3869 fiune
949 3834 984 3861 ad
990 3841 1068 3872 popu-

26 3871 92 3899 lum.-
113 3875 144 3897 vt
161 3871 260 3905 expernit
279 3871 339 3934 <lieth
352 3874 424 3900 cui'us
443 3874 521 3901 locum
539 3871 607 3899 modo
623 3871 741 3898 dedimus.

161 3910 182 3932 V
191 3910 247 3932 01..
296 3926 304 3935 .
439 3912 452 3915 ”

1104 486 1133 505 10

666 697 669 701 Ι
685 659 728 701 Vt,
749 660 815 686 Vasa
828 657 1028 699 cboncinnatoria
1042 657 1058 683 l.
1070 659 1089 697 6
1107 661 1132 688 ¹5
1150 656 1189 682 di!
1201 657 1268 682 locus
1290 657 1395 682 Petron.
1411 665 1441 689 14
1461 658 1627 693 Concionts,
1647 669 1714 695 quae
1729 662 1761 688 ad
1776 664 1918 692 clamorem
1931 670 2110 697 confluxerant

415 694 464 722 Sed
474 693 590 731 fluctuat
609 691 683 721 lecim
704 701 771 721 mter
789 700 969 727 cocinatoria,
997 701 1089 728 coqui·
2113 691 2118 697 ⁸

1520 76 1553 114 C
1642 76 1678 116 Ο
1764 78 1807 117 Ν
2101 90 2193 129 1106

1149 164 1221 197 74⁰·
1236 165 1264 198 ²?
1285 158 1361 199 .C¹¹¹¹.²
1381 160 1561 194 magistratum
1577 164 1687 198 inieris,
1708 171 1733 192 et
1754 166 1781 192 in
1803 167 1958 197 concionem
1977 174 2133 203 ascendero·
2155 177 2191 204 est

1150 202 1220 219 cnnu
1241 193 1293 220 tibi
1311 194 1468 234 edi-cendum
1483 217 1489 228 ,
1524 208 1590 233 quae
1610 202 1640 226 lis
1659 202 1848 229 obseruaturus
1869 204 1897 229 in
1919 206 1975 232 iure
1994 196 2182 240 dicendoque

1150 230 1270 269 Auocare
1284 239 1439 257 concionem
1449 252 1459 271 ,Ι
1480 234 1533 259 vid.
1554 242 1573 261 Α
1584 243 1604 262 ν
1613 244 1632 263 0
1643 243 1659 262 c
1671 244 1699 263 o.
1773 238 1928 265 Conuocare
1948 242 1978 266 ad
1988 263 1995 274 ,
2024 247 2064 271 vel
2085 233 2119 272 in’
2132 235 2192 275 con..

1150 272 1255 291 cionem
1273 266 1349 305 Apul.
1364 267 1428 292 Met.
1443 273 1459 306 o
1472 276 1496 300 p.
1512 274 1561 298 182.
1604 271 1673 298 Suet.
1690 274 1717 299 in
1730 273 1885 308 Calig.c.24
1905 274 1963 301 Nec
1972 286 2085 312 vnquam
2095 284 2180 311 noste-3

1150 308 1182 326 ne
1196 308 1244 341 pro
1264 302 1519 341 concione-quidem
1540 307 1649 339 populi,
1682 314 1726 334 ant
1745 310 1813 343 apud
1836 308 1950 342 niilites,
1976 313 2023 338 nisi
2038 323 2083 348 per
2096 305 2193 346 nometi

1150 335 1277 362 Druullae
1292 336 1430 363 deierauit.
1503 339 1615 367 Produci
1636 343 1664 368 in
1683 345 1838 371 concionem
1870 347 1926 374 Cic.
1941 347 1997 380 post
2016 350 2093 376 redit.
2108 353 2136 377 in
2152 355 2193 380 Se-

1150 377 1202 397 nat.
1220 379 1254 397 12.
1275 407 1280 411 ”
1306 372 1480 413 Summouerc
1498 376 1653 403 concionem
1683 379 1755 405 Idem
1776 390 1824 415 pro
1840 382 1921 408 Flacc.
1941 391 1974 416 ις.
2030 386 2060 410 Ee
2074 387 2142 414 Acad

1150 415 1199 439 144
1227 407 1300 440 Qud
1314 417 1357 434 nit
1377 409 1583 449 igitur-Luculle
1598 412 1624 437 in
1639 413 1785 448 inuidiam,
1810 422 1835 442 et
1850 423 1975 452 tanquam
1992 419 2020 444 in
2040 399 2196 451 concioneiii

1151 443 1244 481 vocas?
1280 444 1380 470 Vocata
1394 453 1523 471 concione
1537 445 1663 472 virtutem
1681 450 1796 477 militum
1817 453 1939 480 laudibus
1956 456 2072 482 cumulat
2103 457 2186 485 Tacit

1151 477 1263 517 H¹st·.²’
1278 486 1317 512 57.
1386 480 1500 519 ‘Clamor
1521 482 1658 508 concionis
1691 485 1747 511 Cic.
1770 486 1801 513 de
1820 488 1879 515 Fin.
1900 498 1925 521 2,
1946 498 1990 524 74.
2063 478 2196 520 Fremitus}

1151 514 1320 552 Contionum
1338 515 1470 548 Quntihl.
1487 525 1524 549 10,
1538 525 1565 550 4,
1580 526 1618 549 30.
1690 521 1746 546 Cic.
1761 522 1793 548 dt
1806 524 1867 557 Opt.
1880 534 1937 559 gen.
1952 526 2026 553 Orat.
2042 535 2083 559 191
2108 529 2196 564 anue

1150 549 1261 589 donatio
1274 549 1350 589 ¹fieret
1369 560 1398 576 in
1412 551 1516 579 theatro
1529 553 1629 587 populo
1644 562 1804 583 conuocato:
1830 560 1876 593 qui
1889 561 1960 586 locus
1974 570 2028 588 non
2041 563 2077 589 est
2091 566 2196 591 concio—

1151 592 1191 610 nis
1207 584 1352 624 legitimae.
1406 586 1474 629 Nep.
1489 596 1530 620 20,
1540 596 1589 627 5,*3
1610 590 1712 616 Contio
1726 593 1817 626 populi
1831 596 1859 620 de
1872 596 2056 624 Corinthiorum
2069 600 2196 632 ἐκκλησίᾳ.

1153 618 1174 656 ‘j
1197 628 1210 645 2
1246 620 1396 647 Conciones
1416 629 1490 648 etiam
1510 623 1655 663 desingult's
1675 626 1709 651 ad
1720 631 1857 655 concionem
1869 633 2022 659 venientibus
2037 634 2102 667 (lici,
2120 635 2196 669 qllan-

1151 701 1172 717 c.
1189 698 1212 724 13
1233 691 1331 732 Nescio
1344 700 1404 727 quis
1418 701 1449 717 cx
1464 695 1637 721 concionibus
1648 716 1655 728 ‚
1679 697 1782 730 caluus,
1802 699 2003 729 tuberosissimae
2016 706 2112 733 frontis
2150 673 2197 734 effice

1151 729 1182 754 Et
1195 735 1251 753 mox
1276 727 1372 754 Ridere
1387 736 1498 756 acumen
1512 738 1566 756 non
1587 732 1675 758 minus
1696 734 1857 761 concionum
1877 746 1954 771 quam
1970 727 2198 770 Calumnian'eiuni

1151 763 1294 804 coepimus.
1322 799 1326 804 ⁸
1352 764 1389 790 De
1403 762 1643 803 haqslgfflfiffl‘iffllf
1650 768 1724 802 forte
1738 771 1895 806 accipiendus
1909 771 1942 806 est
1957 775 2045 802 Festus
2083 778 2198 805 Contio-

1152 808 1213 825 nem
1225 805 1330 833 antiqui
1342 799 1486 826 masculino
1504 809 1600 835 genere
1613 804 1730 834 posuere.
1888 805 1908 844 ff
1929 817 1941 840 3
1963 796 2080 844 Contio,
2103 811 2197 846 [δημη.

1103 843 1137 862 20
1153 835 1239 869 ycfc'oe]
1278 836 1376 862 Oratio.
1412 835 1468 862 Cic.
1483 836 1554 862 Fam.
1569 844 1596 869 9,
1611 845 1640 868 ¹4
1668 839 1732 872 Legi
1747 841 1902 869 concionem
1917 850 2004 871 tuam:
2021 846 2089 874 nihil
2102 848 2148 876 illa
2162 850 2198 876 sa.

630 1012 753 1049 [συνᾴὲω,
770 1013 913 1046 ὅμολογέω]
950 1013 1029 1040 Simul
1044 1022 1082 1038 ca·
1102 1019 1134 1045 25·
1152 1013 1275 1038 Prefferat
1289 1013 1360 1039 enim
1376 1014 1535 1041 turbulentis
1547 1015 1723 1043 concionibus
1737 1016 1908 1050 Cluentium,
1926 1021 2062 1052 Qiintius,

948 1189 997 1218 Sed
1010 1191 1082 1223 Caes.
1098 1197 1132 1221 30
1150 1197 1269 1227 occupat.
1301 1192 1341 1219 De
1363 1193 1457 1228 aliquo
1483 1194 1540 1220 Cic.
1554 1203 1603 1228 pro
1616 1195 1685 1222 Sext.
1706 1205 1728 1222 t.
1745 1204 1785 1229 50.

1102 1373 1131 1399 35

875 1548 974 1611 'liiibuk
990 1557 1013 1582 2,
1023 1554 1082 1582 5,88
1097 1560 1135 1585 40
1150 1549 1182 1577 de
1196 1553 1222 1576 te
1235 1549 1429 1576 concionatur?
1446 1559 1493 1576 net
1506 1552 1631 1585 impune:
1652 1560 1715 1578 nam
1729 1551 1822 1578 sentiet
1835 1561 1902 1588 quos
1914 1553 2059 1584 laceffierit.

926 1593 967 1611 tm
987 1593 1012 1615 2,
1022 1593 1045 1617 ς,
1056 1594 1084 1611 10
1093 1597 1101 1604 v

871 1727 1031 1759 Concinere,
1043 1730 1082 1753 in·
1099 1730 1134 1756 45
1146 1729 1350 1755 concionantem
1370 1737 1451 1755 manu
1472 1729 1548 1756 elata.

1145 870 1276 909 pientius.
1347 870 1481 897 Funebres
1501 872 1643 898 conciones
1680 874 1810 907 Qiinclil.
1832 886 1865 909 11,
1886 887 1907 910 3,
1928 887 1977 912 153·

1152 915 1246 932 concio
1260 907 1388 945 Antonii,
1410 907 1566 934 Dolabellae
1585 908 1719 942 praeclara
1748 911 1804 936 cic.
1819 913 1872 938 Att.
1887 923 1925 946 14,
1941 924 1982 942 20.

1151 947 1212 967 tuae
1233 950 1391 972 001101011οε,
1417 943 1471 969 vid.
1496 949 1796 972 INTERMORIOR.

1151 985 1180 1003 ac
1204 977 1313 1003 licentia
1332 979 1492 1005 concionum
1525 979 1582 1006 Cic.
1604 988 1653 1014 pro
1673 980 1758 1008 Flacc.
1777 990 1799 1007 t.
1820 989 1847 1016 7.

2049 884 2199 913 Horribilis

2053 920 2199 948 intermor-

1870 948 2004 977 Libertate
2022 952 2200 983 immoderata

1921 986 2052 1018 Qinffll-
2073 998 2096 1023 ς,
2115 1000 2147 1023 13,
2168 1000 2199 1024 39

1150 1054 1270 1074 mentum
1277 1049 1486 1085 sententiamque
1495 1051 1631 1078 concionis
1638 1051 1728 1078 audite
1737 1053 1793 1079 Cic.
1802 1052 1833 1079 de
1839 1054 1933 1089 Arusp.
1944 1055 2018 1090 Resp.
2027 1066 2052 1092 7.
2088 1028 2201 1088 exegit:-

1149 1093 1210 1110 nem
1226 1083 1341 1124 habere,
1363 1085 1399 1111 est
1423 1089 1522 1122 (inquit
1536 1086 1604 1113 Gell.
1620 1096 1655 1120 13,
1669 1091 1718 1122 14)
1742 1087 1832 1115 Verba
1853 1089 1940 1116 fatere
1959 1091 1991 1118 ad
2007 1095 2134 1127 populum
2149 1097 2201 1124 sine

1149 1120 1203 1160 vll-a
1216 1126 1366 1154 rogatione.
1423 1122 1505 1148 Plaut.
1517 1123 1590 1149 Men.
1603 1132 1627 1155 3,
1642 1132 1661 1155 1,
1676 1131 1693 1159 7
1714 1125 1748 1151 Vt
1761 1123 1840 1151 illum
1853 1123 1880 1151 di
1894 1134 1985 1153 omnes
1998 1129 2138 1163 perduint,
2155 1134 2203 1166 qui

1150 1164 1252 1190 primus
1274 1162 1440 1183 commentus
1456 1157 1493 1184 est
1514 1160 1672 1185 concionem
1692 1159 1808 1192 habere,
1830 1170 1897 1196 quae
1919 1162 2043 1190 homines
2063 1173 2204 1200 occupatos

1172 1228 1176 1232 ¹
1523 1230 1528 1234 Ι
1571 1231 1576 1235 .
1866 1197 1906 1223 De
1920 1198 2012 1234 aliqua
2029 1209 2059 1226 re
2088 1201 2162 1228 Idem
2175 1204 2206 1229 in

1149 1228 1199 1254 Pis.
1217 1237 1239 1254 c.
1250 1235 1285 1260 15.
1311 1228 1439 1270 Potestatf
1453 1238 1590 1256 concionis
1605 1230 1740 1258 habendae
1754 1231 1861 1266 priuare
1873 1233 1991 1268 aliquem
2006 1235 2045 1262 ld.
2060 1236 2132 1263 Fam.
2143 1246 2156 1273 5
2180 1247 2205 1266 2.

1185 1269 1203 1290 c
1214 1269 1368 1305 onncivN
1379 1271 1396 1291 c
1411 1272 1503 1298 VLA,
1524 1275 1563 1292 ae.
1584 1267 1603 1292 f.
1625 1267 1728 1294 Dimin.
1765 1265 1968 1305 [δημηγορίδὶον]
2004 1272 2060 1300 Cic.
2074 1273 2129 1300 Att.
2143 1259 2166 1300 2⁷
2177 1276 2206 1301 16

1149 1300 1224 1361 Qffuae
1238 1299 1308 1340 mihi
1321 1299 1430 1328 videtur
1445 1310 1498 1328 vna
1511 1302 1686 1330 contiuncula
1700 1303 1816 1331 clamore
1830 1304 2036 1341 pedisequorum
2050 1294 2205 1337 nostrorum

1149 1345 1161 1361 e
1184 1345 1197 1361 e
1212 1342 1339 1370 peritura.

1160 1405 1166 1410 ἱ
1184 1377 1201 1397 C
1210 1378 1229 1397 Ο
1239 1378 1260 1397 Ν
1269 1377 1286 1397 C
1296 1379 1305 1397 Ι
1314 1377 1333 1397 O
1343 1377 1365 1396 N
1374 1378 1393 1398 0
1401 1378 1420 1399 R
1430 1393 1437 1404 ‚
1472 1372 1520 1399 firi.
1558 1373 1729 1408 [ἕκκλησιοίζω
1737 1394 1745 1406 ,
1764 1371 1916 1411 δημηγορία»,
1939 1376 2099 1416 οἶγοροίομοιι]
2134 1381 2205 1408 Idem

1139 1406 1274 1447 Jggmficat
1287 1406 1354 1441 quod
1371 1408 1515 1434 Contionem
1535 1408 1631 1436 habere.
1702 1410 1759 1436 Cic.
1774 1411 1858 1437 Tusc.
1874 1420 1895 1444 1,
1908 1420 1949 1447 117
1977 1414 2054 1446 Qae
2065 1424 2150 1450 quum
2167 1417 2206 1444 ita

1147 1444 1212 1474 lint,
1229 1450 1325 1482 magna
1338 1447 1425 1468 tamen
1438 1443 1592 1479 eloquentia
1606 1445 1642 1471 est
1657 1445 1785 1471 Vtendum
1794 1466 1802 1477 ‚
1829 1452 1909 1481 atque
1922 1448 1959 1474 ita
1979 1450 2054 1476 velut
2067 1453 2205 1486 superiore

1147 1477 1237 1518 eloco
1250 1478 1473 1505 concionandum.
1547 1480 1619 1507 Caes.
1635 1481 1699 1507 Bell.
1713 1481 1797 1507 Ciuil.
1812 1489 1832 1513 1,
1850 1488 1867 1515 7
1898 1483 2004 1515 Qibus
2021 1486 2099 1513 rebus
2114 1489 2205 1523 cogni-

1148 1519 1198 1548 tis,
1224 1514 1320 1540 Caesar
1338 1514 1407 1548 apud
1424 1514 1523 1541 milites
1545 1516 1729 1542 concionatur.
1806 1517 1862 1543 Cic.
1879 1517 1951 1545 Fam.
1967 1527 2003 1550 12,
2018 1529 2046 1546 22
2077 1522 2112 1548 At
2123 1525 2205 1551 etiam

1149 1584 1297 1621 ligionibus
1311 1585 1389 1612 sacris
1399 1606 1407 1618 ,
1424 1591 1451 1612 et
1463 1586 1635 1614 caerimoniis
1648 1587 1685 1613 est
1704 1588 1877 1615 concionatus
1895 1589 1969 1617 Idem
1983 1590 2015 1617 de
2027 1559 2207 1630 Arusppiieigs

1150 1627 1163 1652 8
1176 1631 1198 1648 c.
1214 1629 1235 1654 ς.
1287 1621 1324 1647 Ex
1341 1623 1411 1648 turri
1425 1621 1476 1648 alta
1491 1622 1648 1649 concionari
1667 1623 1798 1650 1d.Tusc.
1813 1631 1837 1657 ς,
1852 1632 1883 1658 59
1896 1633 1918 1651 c.
1933 1634 1974 1653 20.
2029 1629 2194 1658 Concionari

1142 1665 1194 1693 pro
1213 1658 1360 1683 Vaticinari
1381 1660 1440 1694 ojus
1457 1656 1491 1691 est
1515 1658 1667 1685 Laclantius
1677 1670 1705 1692 4,
1723 1663 1758 1690 18,
1772 1667 1809 1691 ¹9·
2196 1652 2206 1665 ’

1186 1699 1205 1719 c
1217 1699 1236 1720 Ο
1245 1699 1291 1720 Nc
1301 1700 1310 1719 1
1321 1699 1341 1719 0
1351 1700 1373 1720 N
1382 1701 1404 1720 A
1413 1701 1436 1720 N
1445 1701 1467 1725 s,
1488 1695 1550 1720 ntis.
1585 1694 1679 1720 Partic.
1716 1692 1881 1731 [δημηγορῶν]
1897 1686 1983 1725 Qun.
1998 1706 2040 1733 34,
2054 1704 2070 1730 8
2088 1700 2163 1728 Fecit
2178 1706 2206 1729 en

1397 1765 1404 1769 .
1591 1730 1664 1766 Coris.
1680 1730 1813 1763 Qninffil.
1828 1739 1906 1767 1,,10.
1944 1733 2013 1761 Gell.
2029 1743 2057 1769 i„
2065 1743 2097 1763 11.
2133 1737 2203 1765 Tac.

1147 1765 1182 1791 Η.
1198 1773 1218 1797 1,
1230 1773 1267 1796 31.
1301 1764 1361 1791 Val.
1375 1765 1446 1791 Max.
1460 1774 1481 1797 1,
1493 1768 1520 1798 6,
1534 1774 1558 1792 2..

1185 1806 1202 1826 C
1215 1807 1233 1827 O
1243 1807 1265 1826 N
1274 1806 1290 1827 C
1299 1808 1309 1827 1
1319 1807 1338 1827 Ο
1347 1807 1369 1826 N
1378 1802 1402 1826 Ᾱ
1411 1808 1432 1827 Τ
1442 1807 1461 1828 O
1469 1808 1488 1827 R
1497 1822 1506 1834 ,
1527 1801 1592 1827 bris.
1606 1810 1642 1827 m.
1680 1800 1876 1837 [ssnxxnmoccig
1894 1800 2047 1840 δημηγόρος]
2083 1808 2136 1843 Qu*
2147 1818 2204 1836 con-

1145 1839 1271 1865 cionatur.
1307 1837 1366 1862 Non
1379 1846 1438 1863 raro
1451 1839 1478 1862 in
1492 1837 1636 1863 deteriorem
1645 1843 1746 1872 partem
1759 1841 1898 1873 accipitur,
1922 1847 1947 1866 et
1959 1849 2011 1867 eum
2024 1843 2126 1870 denotat
2160 1848 2205 1880 qui

1143 1871 1328 1900 multitudinem
1341 1879 1430 1898 contra
1442 1876 1576 1908 optimates
1587 1875 1690 1899 incitat.
1762 1874 1819 1900 Cic.
1834 1874 1863 1900 in
1876 1875 1955 1902 Catil.
1969 1886 1996 1910 4,
2009 1885 2026 1910 9
2039 1887 2061 1904 c.
2077 1887 2090 1912 5
2122 1864 2204 1907 fritel-

1101 1906 1244 1937 50108111111
1262 1906 1299 1932 est
1317 1907 1383 1942 quid
1402 1908 1505 1935 intersit
1524 1908 1596 1936 inter
1615 1909 1753 1935 leuitatem
1772 1910 2009 1944 concionatorum,
2038 1920 2064 1940 et
2082 1916 2204 1945 animum

744 2085 833 2112 Maior
846 2090 872 2112 et
885 2085 983 2113 melior
997 2085 1080 2113 afflo-
1098 2087 1127 2114 55

787 2262 856 2288 Hor.
869 2261 948 2296 Epist.
963 2270 983 2294 1,
998 2269 1038 2295 14,
1050 2271 1077 2295 31
1089 2264 1125 2287 60
1141 2263 1203 2298 quid
1215 2269 1361 2288 contemtus.

30 2799 127 2826 rissinia
144 2798 318 2826 concentione
337 2805 365 2824 in
378 2807 427 2825 ore
447 2798 549 2832 impuri
567 2797 684 2825 bominis
704 2796 847 2823 imminens
864 2796 1020 2823 concionata
1034 2797 1079 2824 est.
1097 2803 1129 2832 75

65 2912 84 2933 c
95 2913 115 2934 0
124 2914 146 2934 N
158 2912 176 2933 c
188 2913 198 2933 1
207 2912 228 2931 N
237 2912 255 2933 i:
263 2913 286 2933 N
294 2913 316 2933 ‘r
325 2913 379 2939 1A,
396 2913 436 2933 ae.
456 2906 476 2932 f.
498 2905 574 2933 Idem.
609 2904 730 2932 Macrob.
744 2903 773 2931 in
781 2904 869 2931 Somn.
877 2903 945 2939 Stip.
960 2912 981 2937 1,
997 2911 1010 2938 ς
1029 2904 1079 2932 Sed
1133 2907 1204 2943 fiere
1218 2909 1319 2942 incipit.

44 3158 83 3189 la,
101 3155 195 3192 αἰγομὲ,
215 3153 364 3191 δημηγορία,
377 3154 469 3193 §bi-pa]
495 3158 582 3192 Populi
593 3155 726 3183 multitudo
739 3162 890 3192 congregata
901 3157 984 3183 velex
996 3159 1077 3193 magi·
1093 3161 1123 3190 ες
1137 3158 1258 3186 Perdices
1279 3160 1434 3195 concipiunt
1453 3158 1682 3194 superuolantium
1702 3158 1800 3184 afflatu-

711 3335 783 3362 Sicut
796 3335 834 3362 M.
846 3334 960 3362 Tullius
974 3335 1003 3362 in
1017 3344 1076 3363 ora·
1088 3343 1124 3369 90
1139 3346 1194 3364 non
1209 3339 1303 3367 seruili
1329 3339 1429 3366 Animo
1454 3344 1584 3372 concepit.

235 3514 340 3547 Festus,
371 3513 491 3546 Contio,
518 3515 688 3547 conuentus,
719 3514 790 3541 dieta
813 3512 884 3548 quali
905 3516 1073 3542 connotatio.
1086 3524 1118 3549 95
1137 3518 1195 3544 sunt
1218 3519 1292 3546 Curt.
1306 3527 1329 3551 3,
1345 3526 1370 3550 z,
1384 3526 1421 3544 12.

1131 3594 1242 3624 peccato.

839 3691 992 3727 Principum
1012 3702 1072 3719 con·
1081 3703 1128 3721 100
1135 3696 1198 3723 dum
1211 3698 1248 3724 est
1266 3698 1321 3724 Cic.
1333 3695 1385 3722 Off.
1399 3704 1411 3727 3
1424 3704 1445 3721 c.
1459 3704 1501 3728 29.
1520 3698 1538 3721 i.
1553 3699 1686 3732 cogitaret.

1132 3768 1198 3831 11λὲἓὲ
1213 3775 1328 3837 ιιόῗόἔίςρ
1363 3802 1470 3844 Sculpsit
1490 3802 1574 3836 ebur,
1605 3804 1773 3836 formamque
1797 3800 1886 3832 dedit,
1918 3808 1969 3834 qua
1987 3801 2088 3828 femina
2107 3801 2178 3828 nasci

1142 1951 1207 1970 vere
1223 1942 1388 1977 popularem.
1442 1946 1474 1971 In
1492 1944 1579 1971 bonam
1595 1950 1677 1970 tamen
1691 1947 1765 1971 etiam
1774 1952 1874 1981 partem
1892 1951 1976 1983 accipi
1982 1948 2065 1985 pqffe,
2085 1957 2109 1977 et
2123 1952 2195 1979 verbi

1145 1986 1169 2005 et
1189 1982 1299 2005 nominis
1317 1980 1422 2006 Contio
1437 1979 1682 2017 mi'diafignificatio
1690 1980 1811 2017 [πάι-111.
2195 1969 2205 1984 ’

1183 2020 1288 2041 coNc
1301 2021 1569 2049 IONABVLVM,
1602 2017 1622 2043 i.
1655 2025 1682 2044 n.
1719 2018 1800 2044 Locus
1817 2025 1990 2046 conuentuum.

1144 2051 1173 2077 in
1186 2050 1315 2077 Decretis.

1180 2092 1198 2112 c
1207 2093 1226 2112 o
1239 2092 1261 2112 N
1272 2093 1288 2113 c
1299 2093 1308 2111 1
1316 2092 1335 2113 o
1343 2094 1366 2113 Ν
1375 2093 1397 2113 Α
1407 2094 1422 2113 B
1432 2093 1453 2111 ν
1463 2094 1484 2112 Ν
1493 2093 1512 2112 1)
1522 2094 1543 2112 v
1552 2094 1573 2116 s,
1590 2096 1612 2116 a,
1626 2096 1681 2112 um.
1703 2086 1763 2112 Adi.
1785 2087 1838 2122 Qi
1849 2090 2019 2116 concionatur.
2055 2090 2116 2118 Liu.
2129 2100 2142 2125 3
2165 2100 2205 2129 47

1144 2122 1216 2147 Haec
1231 2121 1368 2154 propalam
1383 2120 1629 2153 concionabundffl,
1644 2121 1673 2147 in
1686 2120 1742 2148 dies
1755 2123 1838 2156 magis
1851 2123 1964 2158 augebat
1980 2125 2032 2152 iras
2051 2112 2202 2156 homin'um.

1142 2155 1213 2182 Add.
1227 2154 1266 2181 ld.
1282 2163 1317 2187 21,
1331 2164 1373 2189 43.
1388 2158 1418 2181 it.
1433 2165 1479 2189 40,
1495 2163 1535 2190 27.
1786 2186 1788 2189 .

1181 2196 1199 2217 C
1211 2197 1230 2218 Ο
1241 2198 1263 2217 N
1271 2197 1288 2218 C
1298 2198 1308 2217 1
1317 2197 1336 2217 Ο
1346 2197 1366 2216 N
1379 2192 1403 2218 Ᾱ
1411 2197 1428 2217 L
1439 2200 1448 2218 Ι
1458 2199 1470 2218 S
1479 2212 1488 2225 ,
1523 2201 1546 2218 e.
1585 2191 1646 2218 Adi.
1690 2193 1701 2224 [
1715 2190 1872 2228 δημηγορικός
1886 2194 1900 2229 ]
1948 2195 1998 2228 Vt,
2029 2197 2203 2227 Conciomlis

1142 2227 1220 2253 senex
1241 2227 1303 2253 Liu.
1318 2235 1330 2258 3
1349 2226 1396 2253 vlt.
1411 2226 1527 2267 ch‘lator
1541 2231 1695 2258 concionum,
1703 2226 1897 2262 subrostranus,
1917 2229 2048 2266 ἄγοροίἱος,
2068 2234 2141 2261 habet
2153 2237 2201 2263 ali.

1418 2263 1474 2288 Cic.
1490 2263 1529 2294 Q
1540 2262 1610 2288 Frat.
1625 2270 1646 2292 2,
1660 2270 1677 2294 9
1697 2262 1745 2288 Sed
1759 2262 1854 2289 eodem
1867 2264 1910 2290 die
1923 2265 2097 2296 vehementer
2110 2270 2202 2300 adium

1142 2299 1175 2325 de
1188 2305 1253 2331 agro
1267 2298 1405 2330 Campano
1425 2297 1542 2323 clamore
1555 2296 1662 2323 Senatus
1675 2306 1759 2332 prope
1774 2299 1940 2333 contionali,
1957 2304 1975 2327 i.
1987 2305 2116 2332 incondito
2141 2316 2202 2343 qua-

1141 2334 1175 2359 lis
1188 2331 1221 2364 cst
1234 2335 1385 2358 concionum.
1649 2332 1655 2337 ⁶
2084 2326 2201 2370 ancjo,

2031 2021 2209 2049 Innocentius.

1456 2331 1565 2358 Hirudo
1579 2333 1744 2359 concionalis
1753 2354 1762 2366 ,
1787 2334 1840 2361 vid.
1862 2343 1884 2362 1-1
1894 2343 1903 2361 1
1912 2343 1932 2363 R
1940 2344 1962 2363 v
1970 2344 1989 2364 D
1998 2345 2027 2366 o.

1141 2367 1201 2407 nale
1215 2375 1296 2407 genus
1311 2368 1455 2407 causarum,
1469 2368 1536 2403 quod
1547 2374 1570 2394 et
1584 2368 1797 2410 Deliberatiuum
1811 2370 1917 2399 dicitur.
1939 2374 2072 2407 Qiintffil.
2085 2386 2114 2410 9,
2120 2387 2149 2412 4,
2156 2387 2201 2412 130

1142 2402 1272 2429 Iudiciale
1286 2409 1311 2429 ct
1326 2404 1535 2436 concionale,vt
1548 2410 1660 2432 materia
1673 2414 1780 2433 varium
1795 2406 1846 2439 est,
1867 2407 1901 2434 fic
1920 2409 2002 2437 etiam
2021 2411 2200 2442 collocatione

910 2440 948 2464 De
960 2439 1080 2464 acclama·
1096 2440 1128 2472 63
1142 2439 1297 2466 verborum.
1334 2439 1409 2475 Cons.
1425 2448 1447 2472 3,
1461 2448 1491 2473 4,
1505 2449 1515 2467 i
1530 2446 1555 2466 et
1567 2449 1594 2474 9.

1178 2481 1195 2502 c
1204 2481 1224 2502 o
1233 2482 1255 2501 N
1265 2481 1281 2502 c
1291 2482 1328 2501 10
1338 2482 1360 2501 N
1371 2483 1393 2502 A
1403 2482 1422 2502 R
1432 2483 1441 2502 1
1451 2483 1472 2502 v
1481 2483 1505 2508 s,
1520 2485 1543 2508 a,
1558 2486 1612 2502 um.
1634 2476 1695 2503 Adi.
1715 2476 1882 2513 [οἷγοραςικδς]
1902 2479 1957 2507 Cic.
1966 2482 2079 2516 QFrat.
2088 2492 2102 2516 3
2119 2493 2131 2517 3
2146 2485 2198 2513 Ve-

1141 2510 1280 2551 hementer
1289 2511 1338 2537 effe
1351 2511 1558 2546 prouidendum,
1564 2521 1598 2539 ne
1605 2513 1775 2548 opprimatur
1787 2514 1961 2543 contionario
1969 2517 2018 2544 illo
2032 2504 2133 2554 populo
2145 2530 2160 2548 a
2171 2523 2199 2549 se

1142 2556 1226 2582 prope
1239 2547 1365 2574 alienato.
1437 2548 1534 2575 Oratio
1554 2550 1689 2575 Ammian.
1701 2556 1744 2584 27,
1757 2559 1784 2584 4.
1856 2551 1924 2578 Gell.
1939 2561 1960 2585 i,
1974 2561 1997 2580 11
2029 2556 2095 2582 Ecce
2108 2563 2199 2585 autem

1143 2591 1192 2618 pro
1206 2582 1319 2610 tibicina
1340 2584 1485 2616 Laconica,
1506 2584 1590 2611 tibiae
1607 2594 1717 2620 quoque
1736 2584 1809 2612 illius
1822 2586 2017 2616 Concionariae
2036 2591 2066 2618 in
2080 2599 2198 2622 mentem

67 2628 86 2649 c
95 2629 146 2650 0N
154 2628 196 2648 cii
205 2629 227 2648 N
236 2627 258 2647 ‘r
269 2627 288 2646 ο
297 2627 317 2646 R
326 2639 335 2651 ,
350 2619 415 2646 oris.
427 2628 469 2645 -m.
490 2621 522 2646 In
533 2618 651 2645 Decretis
659 2617 802 2644 Canonicis
815 2616 910 2643 dicitur
922 2620 955 2649 is,
968 2620 1012 2653 qui
1023 2627 1079 2644 con·
1094 2627 1130 2655 70
1142 2619 1233 2652 venit,
1249 2625 1296 2645 etc.
1317 2618 1346 2645 de
1353 2617 1440 2655 fistula
1452 2621 1497 2646 illa
1512 2621 1628 2648 Gracchi.
1664 2623 1706 2648 Sic
1718 2620 1786 2648 reth
1798 2622 1868 2656 quid.
1904 2624 2139 2656 Concionatoriae.
2178 2631 2182 2635 .

1179 2661 1284 2682 conc
1295 2657 1422 2688 iri-Lo,
1442 2660 1496 2683 are.
1533 2656 1693 2692 [οναρποίζω

1142 2699 1222 2725 pere,
1240 2696 1266 2718 et
1280 2691 1416 2718 inuolare:
1443 2692 1531 2719 Festus
1551 2692 1629 2720 docet.
1747 2698 1783 2719 ut.
1799 2693 1885 2721 Truc.
1906 2704 1933 2728 2,
1949 2704 1974 2731 7,
1987 2700 2016 2724 61
2041 2700 2129 2732 Qiem
2143 2709 2194 2735 ego

1141 2726 1246 2767 offatim
1259 2728 1312 2753 iam
1326 2727 1380 2754 iam
1394 2727 1586 2769 concipilabo}
1637 2726 1743 2755 Difl'um
1757 2736 1838 2756 monet
1852 2731 1964 2767 Scaliger
1969 2739 2021 2767 pro
2028 2734 2193 2769 Compilar‘e,

1141 2769 1171 2789 vt
1184 2771 1345 2804 reciprogiis,
1355 2771 1515 2798 reciperare,
1527 2770 1681 2799 incitegere,
1689 2771 1739 2801 pro
1752 2774 1889 2800 reprocus,
1902 2775 2033 2801 reparare,
2047 2769 2174 2804 integere.

1182 2805 1199 2826 c
1210 2806 1229 2826 o
1238 2806 1304 2826 NCI
1316 2806 1331 2826 1>
1341 2807 1351 2826 1
1360 2806 1379 2826 Ο
1388 2820 1396 2832 ,
1416 2800 1470 2835 epi,
1488 2806 1590 2835 eptum,
1611 2803 1664 2827 ere.
1701 2801 1714 2835 [
1721 2800 1893 2834 συλλημέοένω
1901 2823 1909 2836 ,
1924 2804 2004 2837 κυέω]
2039 2805 2077 2831 Ex
2090 2806 2175 2841 Capio
2182 2817 2192 2838 ς

1698 2657 1856 2720 ᾇιὸὓῐὲὶαηι
1868 2667 1883 2685 3
1897 2659 2021 2695 Naeuio,
2041 2672 2091 2697 pro
2103 2665 2196 2692 Corri-

1134 2832 1213 2868 fimul
1224 2841 1320 2870 capere,
1326 2842 1413 2867 totum,
1421 2838 1462 2863 uel
1473 2837 1544 2863 intra
1550 2837 1580 2873 se
1592 2843 1687 2872 capere.
1723 2837 1764 2865 Sic
1772 2837 1919 2871 Concipere
1930 2839 2057 2866 mulieres
2065 2840 2193 2874 dicuntum

1140 2877 1213 2906 quum
1230 2872 1338 2908 genitale
1345 2870 1429 2912 semen
1441 2875 1468 2898 in
1482 2881 1565 2899 earum
1579 2879 1678 2899 uterum
1691 2875 1828 2909 recipitur,
1842 2880 1866 2898 et
1877 2877 1968 2900 moueri
1981 2875 2017 2900 ibi
2029 2882 2102 2911 atque
2118 2886 2192 2915 auge-

1375 2908 1432 2935 Cic.
1446 2917 1495 2943 pro
1510 2909 1617 2936 Cluent.
1631 2918 1659 2941 33
1673 2917 1693 2934 c.
1712 2916 1739 2935 12
1773 2909 1890 2948 onrem
1909 2910 1982 2936 suam
2001 2910 2192 2947 interrogauit,

1141 2943 1236 2970 effetne
1255 2951 1409 2978 praegnans.
1455 2945 1532 2979 Qiae
1545 2954 1605 2971 cum
1619 2945 1644 2970 se
1658 2944 1707 2970 effe
1723 2943 1910 2978 respondisset,
1929 2945 1962 2971 ab
1983 2954 2013 2972 ea
2031 2947 2142 2981 petiuit,
2159 2955 2191 2976 vt

124 2983 215 3019 aptum
230 2978 279 3019 else
289 2987 346 3005 non
357 2977 471 3005 dubium
483 2978 528 3004 est.
563 2976 632 3005 Add.
647 2977 684 3004 ib.
698 2987 719 3003 c.
734 2985 749 3003 2
764 2983 828 3002 extr.
847 2982 872 3002 et
885 2985 907 3003 t.
920 2984 933 3009 3
941 2983 986 3012 pr.
1023 2977 1077 3004 Sub
1091 2990 1124 3017 80
1141 2993 1188 3000 ·-
1223 2978 1391 3014 diligentiam
1410 2979 1566 3014 adhiberet,
1585 2986 1614 3006 vt
1628 2979 1666 3011 id,
1681 2979 1754 3013 quod
1768 2986 1932 3013 conceperat,
1946 2981 2080 3016 seruaret,
2099 2990 2128 3011 vt
2141 2985 2190 3012 sal-

1141 3023 1206 3041 vum
1219 3023 1312 3049 parere
1326 3016 1416 3050 poss'et.
1464 3016 1563 3050 *Etstne
1578 3015 1640 3052 Casu
1659 3014 1734 3041 Idein
1750 3014 1782 3040 de
1795 3014 1887 3042 Diuin.
1900 3024 1926 3048 2,
1937 3025 1974 3050 49
1995 3018 2091 3046 Vtrum
2104 3020 2191 3055 igitur

1141 3059 1202 3077 cum
1220 3051 1342 3086 concepit
1353 3052 1441 3084 mula,
1461 3061 1494 3079 an
1513 3061 1572 3079 cum
1585 3050 1704 3086 peperit,
1730 3050 1862 3077 ostentum
1876 3051 1929 3078 est?
1965 3053 2071 3081 Lucret.
2085 3064 2107 3089 1,
2122 3065 2135 3090 ς
2154 3056 2190 3084 ad

1144 3087 1271 3121 Venerem,
1285 3088 1334 3114 Per
1348 3093 1374 3114 te
1387 3088 1515 3123 quoniam
1529 3096 1609 3122 genus
1626 3094 1706 3113 omne
1719 3086 1883 3113 animantum
1897 3087 2065 3123 Concipitur.
2100 3093 2189 3120 Varro

1139 3122 1171 3149 R.
1183 3123 1215 3150 R.
1224 3132 1248 3157 2,
1260 3131 1288 3158 7,
1303 3131 1332 3158 17
1347 3124 1514 3164 ‘Concipiunt
1526 3131 1628 3150 macrae
1641 3122 1745 3148 melius.
1797 3122 2007 3184 Saepelflinius,
2023 3135 2048 3152 v.
2060 3136 2087 3164 g.
2108 3137 2147 3161 ιο,
2160 3137 2189 3162 33

1903 3167 1945 3186 em
2008 3169 2031 3188 ’1
2069 3171 2078 3189 t

1138 3193 1192 3223 sola
1205 3195 1318 3230 piscium
1330 3202 1357 3223 et
1370 3195 1467 3223 animal
1480 3195 1584 3229 pariant
1593 3214 1601 3227 ,
1623 3200 1648 3220 01
1661 3202 1714 3220 0113
1729 3193 1887 3228 concipiant.
1951 3169 1992 3222 12'9t'
2004 3177 2035 3224 i6
2039 3164 2097 3232 ‚1225
2107 3163 2145 3226 ‘ig’
2153 3171 2188 3234 gg

1137 3224 1211 3257 Vites
1231 3232 1396 3267 concipiunt.
1465 3231 1513 3258 sed
1529 3232 1579 3257 late
1593 3236 1666 3265 patet
1681 3229 1739 3265 usus
1752 3230 1837 3260 verbi,
1866 3230 1932 3266 quod
1941 3231 2187 3268 formulae‘indica-

1137 3265 1206 3299 bunt.
1230 3268 1379 3303 Concipere
1407 3266 1506 3294 Animo
1534 3266 1591 3293 Cic.
1612 3265 1644 3292 de
1657 3266 1736 3299 Legg.
1757 3273 1767 3291 1
1787 3274 1808 3291 c.
1830 3273 1871 3292 22.
1958 3268 2050 3296 Tacit.
2071 3271 2139 3297 Ann.
2159 3279 2187 3303 2,

1138 3308 1171 3335 54
1195 3303 1299 3330 Fraude
1317 3309 1364 3330 aut
1377 3303 1406 3330 vi
1422 3307 1528 3337 raptum
1547 3302 1691 3337 Agrippam
1715 3300 1786 3327 ferre
1808 3301 1841 3328 ad
1859 3303 1990 3330 exercitus
2004 3306 2185 3337 Germanicos,

1556 3337 1562 3343 ⁶
1671 3337 1769 3377 Patere.
1789 3344 1821 3370 2,
1840 3345 1883 3373 117
1914 3339 2000 3366 Varus
2020 3341 2184 3375 Qinffilius

1139 3382 1221 3409 quum
1233 3376 1373 3407 exercitui,
1402 3374 1450 3409 qui
1467 3380 1524 3401 erat
1543 3373 1572 3400 in
1584 3374 1742 3404 Germania,
1768 3374 1908 3407 praeeffet,
1927 3377 2048 3411 concepit
2068 3378 2116 3403 effe
2135 3376 2184 3403 ho-

1137 3410 1236 3444 mines,
1273 3413 1322 3447 qui
1343 3410 1411 3437 nihil
1440 3415 1545 3445 praeter
1569 3417 1663 3435 vocem
1688 3407 1861 3444 membraque
1880 3409 2008 3438 haberent
2031 3411 2183 3444 hominum,

1136 3448 1155 3472 ι’.
1170 3450 1293 3482 putandi,-
1327 3455 1434 3473 errorem
1461 3447 1526 3473 Vari
1544 3445 1651 3481 accusat.
1723 3443 1844 3472 Alicuius
1862 3445 1903 3472 rei
1923 3446 2066 3481 imaginem
2090 3447 2182 3474 animo

1137 3483 1282 3518 conciperev
1317 3481 1450 3516 Qninffll.
1478 3490 1510 3514 2,
1537 3489 1583 3513 20,
1609 3489 1628 3518 4
1723 3479 1754 3507 Id
1767 3480 1873 3508 Animis
1892 3482 2031 3516 concipere
2049 3491 2105 3508 non
2123 3483 2182 3517 pos-

1493 3515 1611 3544 Auribus
1632 3515 1804 3550 cupiditatem
1825 3518 1964 3552 concipere
1994 3518 2048 3544 Cic.
2062 3519 2138 3545 Verr.
2151 3526 2182 3551 4,

1137 3561 1186 3580 101.
1201 3555 1310 3589 pulchra
1321 3552 1478 3588 similitudo,
1496 3550 1564 3588 quqfi
1581 3551 1610 3577 de
1617 3551 1866 3589 foetuYoquerctur:
1887 3553 1929 3588 stc
1939 3551 2019 3585 noster
2038 3553 2138 3580 Paullus
2151 3553 2182 3580 de

1288 3589 1345 3617 Vid.
1358 3598 1415 3615 mox
1431 3587 1567 3620 Dedecus,
1583 3587 1744 3623 Flagitium,
1766 3588 1897 3621 Fraudes,
1914 3587 2077 3620 Periculum,
2093 3589 2181 3616 Scelus

1136 3626 1210 3652 conci
1230 3635 1283 3653 ere.
1370 3624 1483 3659 Ingenio
1510 3623 1650 3658 concipere
1675 3623 1777 3659 aliquid
1812 3624 1894 3651 Ouid.
1917 3624 1991 3650 Rem.
2011 3624 2102 3650 Amor.
2121 3627 2181 3657 360.

1136 3661 1200 3694 Qo
1232 3662 1270 3689 ita
1284 3661 1399 3687 iuratum
1413 3659 1464 3691 est,
1490 3665 1520 3686 vt
1533 3659 1609 3687 Mens
1620 3660 1771 3695 conciperet
1789 3659 1848 3686 fieri
1862 3665 2001 3693 oportere,
2032 3657 2061 3685 id
2073 3660 2179 3688 sennan-

1756 3694 1837 3723 Ouid.
1850 3695 1915 3720 Met.
1928 3702 1954 3726 2,
1966 3695 2021 3728 640
2046 3695 2117 3730 Ergo
2129 3694 2180 3722 vbi

1713 3732 1809 3758 Acrem
1828 3729 1938 3756 buccina
1955 3729 2073 3765 concipit
2102 3731 2181 3758 Idem

1135 3733 1266 3760 vaticinos
1284 3731 1405 3766 concepit
1418 3732 1507 3758 Mente
1525 3731 1640 3759 fluores.
2094 3767 2119 3793 O
2142 3766 2177 3793 “L

2121 3776 2150 3793 ui

1375 3766 1490 3794 Aethera
1506 3768 1646 3802 concipere
1664 3772 1753 3793 mente
1782 3764 1822 3792 Id.
1835 3765 1898 3791 Met.
1920 3772 1941 3797 1,
1959 3771 2023 3800 777.

820 3873 824 3876 .
877 3869 883 3874 ,
992 3871 997 3876 ,
1132 3839 1215 3867 Nulla
1248 3838 1345 3874 potest:
1376 3847 1520 3874 operisque
1545 3838 1586 3865 sui
1617 3838 1739 3872 concepit
1770 3837 1908 3863 Amorem.
2014 3836 2177 3863 Amaritudi-

796 3871 837 3898 Sic
851 3870 908 3897 Cic.
922 3869 955 3898 de
968 3871 988 3898 F
990 3879 1026 3898 in.
1041 3879 1067 3904 2,
1080 3878 1123 3905 103
1131 3883 1192 3902 nem
1205 3895 1215 3909 ,
1245 3878 1264 3901 ι’.
1296 3875 1444 3911 amarescere
1467 3874 1600 3903 Columcl.
1623 3883 1668 3906 12,
1687 3881 1722 3906 9,
1740 3879 1764 3905 5-
1851 3871 1940 3905 A‘luae
1976 3871 2176 3932 ωὓθῑΡῑῗΟιξξῖ

1279 3910 1348 3945 ΊΛ
