2474 4182
210 110 289 147 ¹3²3·
599 92 634 132 C
716 90 753 131 V
839 89 870 129 R
1713 89 1749 130 C
1839 94 1871 130 V
1955 90 1988 130 R
2271 102 2369 143 1324(

217 185 306 219 quiete
332 174 387 210 Cic.
405 184 435 209 de
450 183 539 209 Dmin.
561 191 580 214 ι,
595 191 634 208 22.
661 191 689 206 «ε»-
708 186 776 214 opere
795 178 823 204 do
835 177 960 213 confidam
968 177 1022 213 βω.
1095 177 1254 212 Relinquere
1319 175 1416 202 ofiores
1429 175 1531 211 aliquot
1546 177 1654 212 dicunt,
1683 181 1703 205 ἰ.
1722 181 1874 206 αιτιηιιὶονετ.
1945 178 2053 206 Phaedr.
2067 180 2130 207 Fab.
2150 188 2178 214 4,
2200 187 2211 206 1
2241 178 2358 211 Quidam

218 222 336 247 somene,
357 228 478 245 <ln-arum
503 219 569 245 Hor,
584 216 661 251 Epist.
686 225 705 247 ι,
720 224 739 245 3,
754 218 791 240 :6.
864 214 1024 248 Rclinquere
1043 222 1132 239 curam
1149 221 1255 240 morum
1319 211 1455 238 curiofior.
1527 213 1699 243 occultorum
1712 214 1841 241 curiosior
1862 215 1980 241 Mam-ob.
1994 216 2082 243 Somn.
2098 216 2135 241 Sc.
2150 225 2170 247 ι,
2183 224 2207 242 2.
2262 216 2357 248 διφυί.

219 255 348 288 Qiinelil.
369 264 377 281 1
398 263 515 289 prooem.
588 252 733 278 Remittcre
762 251 822 276 Stat.
844 249 908 276 Silu.
927 258 954 284 4,
975 252 1001 281 6,
1022 258 1040 275 ι.
1112 249 1256 275 Remittere
1320 247 1362 287 Ne
1377 246 1538 273 curiosissimi
1553 247 1660 283 quidem
1673 249 1794 278 homines
1808 251 1971 285 exquirendo
1988 251 2078 277 audire
2097 258 2150 277 tam
2162 250 2244 277 multa
2257 249 2359 284 potsunt

218 301 306 318 curam
323 291 430 317 succensu
449 289 579 324 anciil.
596 297 615 316 ι,
631 297 653 314 ι.
725 284 865 312 Remordet
881 292 906 312 te
919 294 980 312 cura
1000 285 1074 319 Virg.
1089 284 1153 311 Aen.
1167 293 1187 317 1,
1199 287 1256 318 665.
1319 284 1375 309 Cic.
1389 282 1421 309 de
1434 283 1495 309 Nat.
1510 283 1542 309 D.
1556 292 1575 310 ι.
1648 284 1761 319 Capitol.
1775 287 1803 312 in
1816 288 1853 313 M.
1868 286 2004 313 Antonino
2022 286 2088 313 Phil.
2111 295 2133 312 c.
2146 294 2180 313 20
2209 286 2270 311 Erat
2287 284 2359 312 enim

220 329 367 354 Remoueus
390 328 509 361 soporem
541 323 622 349 Ouid.
642 323 706 348 Met.
727 325 753 355 6,
775 329 829 352 293.
921 321 1060 348 Rcsolucre
1080 329 1152 347 curas
1181 321 1257 355 Virg.
1282 319 1295 345 5
1320 319 1405 345 famae
1421 319 1480 344 suae
1494 318 1694 352 curiofiffimus‚
1713 327 1758 347 ctc.

220 365 315 390 (tt-mg.
338 372 355 393 1,
378 371 431 394 ἧος.
503 358 666 393 Responderi*
687 359 756 384 curis
777 357 870 386 alicui,
890 359 908 382 i.
929 356 1071 382 tantundem
1088 365 1191 388 curare,
1214 363 1258 383 aut
1358 360 1429 381 CVR
1440 361 1448 380 1
1460 360 1480 380 Ο
1491 353 1620 385 Νινς,
1638 364 1662 386 a,
1682 364 1736 381 um.
1756 356 1816 383 Adi.
1851 357 1927 392 Apul.
1942 358 2006 384 Met.
2022 366 2050 383 io
2062 367 2085 392 p.
2100 365 2157 390 254,
2170 361 2184 386 8
2201 357 2290 390 Quam
2302 355 2358 390 qui·

219 409 268 424 eam
281 393 364 424 jumi-e
383 398 453 423 ldem
469 397 530 421 Aen.
545 398 571 427 6,
586 402 650 429 474.
708 394 836 427 Respucre
858 392 949 419 Claud.
965 392 997 419 de
1010 392 1087 418 Cous.
1102 391 1190 418 Mallii
1204 394 1259 418 160.
1321 389 1382 416 dem
1406 390 1528 416 laciniam
1547 390 1695 416 curiosulus
1715 398 1808 417 ventus
1823 393 1941 419 reflabat.

221 435 358 461 secludere
377 435 451 465 Virg.
467 432 529 457 Aen.
548 440 567 459 ι,
582 433 638 461 566.
709 430 813 455 Semota
833 436 904 455 mens
919 437 980 454 cura
996 434 1123 462 metuque
1153 428 1257 454 Lucret.
1357 432 1374 452 C
1384 432 1403 451 v
1414 431 1432 451 R
1442 433 1451 451 1
1461 431 1480 451 0
1491 424 1622 456 si'l'As‚
1648 426 1706 452 atis.
1727 426 1746 451 f.
1783 427 1937 462 [περιεργία]
1974 428 2072 456 Scit-ndi
2082 428 2215 462 cupiditas.
2238 426 2296 453 Cic.
2306 426 2359 452 Ati.

221 479 245 501 2,
260 480 295 499 b}-
367 471 497 502 seponere
511 475 584 492 curas
598 474 690 500 graues
709 465 788 491 Ouid.
804 466 866 490 Met.
882 472 903 496 3,
918 472 968 496 3¹9·
1039 464 1131 490 Serere
1144 472 1217 490 curas
1231 464 1260 489 in
1322 469 1347 492 2,
1359 465 1373 491 8
1393 461 1455 487 Sum
1468 462 1497 487 in
1511 461 1660 488 curiositate
1688 460 1814 493 ὀξύπεινος,
1829 460 1879 490 vsel
1886 469 1974 491 tamen
1988 463 2064 490 facile
2077 463 2163 497 patior
2181 469 2208 489 te
2220 462 2248 488 id
2266 460 2298 488 ad
2310 469 2362 492 me,
2374 465 2380 475 ⁸

220 506 326 540 pcelore
348 504 433 530 Catul.
449 503 476 529 in
490 503 587 536 Argon.
609 502 624 527 s.
641 504 682 531 62,
696 509 737 535 72-
809 500 894 534 Serpit
907 508 968 526 eura
986 499 1064 525 altius
1094 499 1159 525 Plin.
1173 508 1211 532 14,
1226 508 1256 525 ιι.
1276 505 1305 523 ιο
1321 503 1368 522 nc.
1424 497 1568 523 Curiolitas
1581 497 1680 524 videtur
1696 498 1874 533 Philologiam,
1887 499 1932 533 fiu
1949 499 2121 532 macuti-&am
2140 496 2286 534 fignificare
2298 496 2364 531 apud

221 542 304 568 §olari
320 549 391 566 curas
413 540 487 572 Yirg.
502 539 566 564 Aen.
581 547 606 569 9,
622 546 680 570 290.
753 537 840 562 Seni-e.
853 536 961 570 Hippoi.
976 539 1023 567 438
1044 536 1167 569 Namque
1181 536 1259 561 anxia
1322 532 1390 558 Gell.
1405 541 1429 565 2,
1446 538 1470 563 18
1489 533 1537 559 Sed
1549 534 1597 558 ess‘c
1609 542 1714 559 arcanas
1729 534 1824 564 causas,
1843 533 1876 559 ad
1889 543 1952 568 quas
1967 543 2110 570 paucorum
2124 533 2212 568 potuit
2224 532 2363 567 peruenire

223 587 263 603 me
282 586 341 602 cura
362 575 479 601 solicitat
494 573 542 600 tui.
649 572 757 598 soluere
771 573 840 598 curis
853 571 967 606 aliquem
998 571 1070 597 Idem
1087 571 1195 605 Hippol.
1210 579 1259 597 iot.
1322 568 1467 594 curiolitas.
1492 602 1498 605 ἢ
1540 570 1570 594 In
1583 569 1672 594 malum
1686 572 1809 603 accipitur
1824 576 1874 604 pro
1894 573 2011 606 περιεργίᾳ
2024 571 2048 607 s.
2063 579 2126 596 vano
2149 576 2171 595 et
2184 572 2257 595 noxio
2265 567 2364 604 sciendi

221 614 293 638 Soliti
306 621 319 637 a
335 619 396 637 cura
411 618 436 637 ct
451 609 561 636 liberari
595 609 650 634 Cic.
667 617 714 642 pro
727 608 814 634 Domo
837 616 892 639 ¹04·
964 606 1050 633 Soluit
1063 607 1168 633 somnus
1185 615 1258 633 curas
1321 603 1437 664 fflffdffl'
1451 602 1576 636 desiderio.
1624 604 1701 639 Apud
1714 604 1834 631 Tei-tull.
1850 604 1881 631 de
1894 605 2043 641 Praescript.
2056 606 2115 633 adu.
2130 605 2286 632 Haereticos
2299 612 2320 629 c.
2334 611 2363 637 ¹7

220 648 299 674 Ouid.
316 649 379 673 Met.
397 655 434 675 ιν),
446 649 500 678 368.
571 644 676 670 Solutae
697 652 773 669 curae
791 643 878 670 Catul.
900 651 942 673 29,
954 650 980 676 7-
1051 643 1159 677 Stupcnt
1171 651 1259 673 curae,
1338 644 1421 677 ⁴otata
1435 639 1492 664 sunt
1506 639 1586 665 ctiam
1601 641 1760 666 commercia
1775 639 1970 667 haereticorum
1983 650 2042 668 cum
2059 642 2139 676 magis
2152 638 2365 675 quampluribus,

220 683 272 709 md.
295 685 462 717 Loquuntur.
532 681 618 706 Sem-c.
634 680 740 714 llippol.
756 687 806 713 374
824 678 905 705 Nulla
919 679 972 705 iam
984 679 1089 705 Cereris
1100 678 1174 704 Subit
1186 685 1258 708 cura,
1278 678 1302 704 15
1321 673 1523 700 circulatoribus
1553 684 1613 702 cum
1631 675 1794 710 Astrologis,
1827 685 1886 702 cum
1909 675 2074 711 Philosophis
2091 676 2237 704 curiositati
2259 674 2376 709 deditis,

220 727 264 745 aut
278 719 381 747 salutis,
401 721 419 744 i.
434 725 506 753 nequi·
521 717 543 742 ii<
561 716 629 747 cebo,
653 725 725 751 neque
739 715 766 740 de
780 719 834 741 vita
848 724 906 740 cura
919 713 959 747 ψ.
1032 714 1164 747 Suscipere
1178 712 1259 738 aereis
1327 708 1386 736 Vid.
1398 712 1472 736 etiam
1486 711 1562 745 Apol.
1578 720 1599 737 c.
1615 720 1651 745 25.
1671 718 1694 738 ct
1711 711 1744 737 de
1757 712 1869 738 Praescr.
1882 721 1903 737 c.
1917 720 1939 744 3.

220 764 293 781 curas
315 756 417 781 Lucret.
431 762 451 785 3,
466 756 523 785 462.
595 752 729 785 Suscipere
741 759 830 777 curam
856 751 911 777 Cic.
928 751 980 776 Att.
993 757 1020 783 7,
1036 758 1053 775 1.
1126 747 1259 773 Sustinere
1342 780 1348 784 Α
1360 750 1377 771 C
1388 751 1409 769 V
1419 752 1437 772 R
1447 753 1455 771 1
1466 747 1507 772 OS
1517 753 1542 773 E.
1580 747 1648 773 Adu.
1684 747 1828 784 Diligenter
1849 747 1983 776 Columel.
1996 756 2019 780 3,
2040 767 2046 773 .
2067 766 2074 773 .
2095 767 2101 773 .
2125 747 2171 774 Sin
2184 753 2270 774 autem
2284 744 2366 779 ipsam
2462 763 2467 785 5

219 791 362 817 maximam
378 798 468 816 curam
482 788 546 815 belli
567 788 622 814 Cic.
637 789 690 813 Att.
703 790 729 815 6.
744 795 766 819 5.
827 786 900 820 Virg.
915 789 978 812 Aen.
995 793 1021 815 4.
1037 792 1076 817 351
1103 783 1167 809 Non
1180 783 1258 809 liceat
1320 786 1404 820 vitem
1419 790 1525 808 eernere
1543 782 1634 814 voles,
1656 782 1730 809 iuxta
1750 782 1868 809 radicem
1889 783 1926 809 ita
1939 792 1972 810 ne
1986 784 2068 819 ipsam
2082 781 2185 815 laedas,
2209 781 2311 808 curiose
2325 779 2366 806 fo·
2407 794 2415 800 κ

221 826 330 853 thalami
343 830 477 860 expertem
488 824 540 850 sine
553 823 664 849 crimine
673 823 753 849 vitam
763 823 863 856 Degere
872 830 945 847 more
957 820 1038 850 serae,
1051 818 1114 844 tales
1127 827 1173 845 nec
1186 819 1261 845 'I'an-
1322 815 1390 842 dito.
1446 818 1541 845 Facere
1556 819 1658 845 curiose
1673 818 1776 859 aliquid
1807 818 1874 845 Plin.
1888 824 1923 851 18,
1937 828 1959 850 3.
2031 818 2162 852 Quinctil.
2176 824 2200 851 8,
2213 827 2231 849 ι,
2245 826 2260 843 2
2291 817 2367 849 Qios

220 872 281 897 gere
295 870 378 888 cums,
451 860 524 887 ldem
538 860 634 893 Georg,
655 868 677 891 3,
693 866 735 893 ¹57
768 859 825 885 post
839 862 957 890 partum,
976 854 1003 880 in
1022 854 1121 880 vitulos
1135 863 1197 881 cura
1210 862 1260 881 tra-
1278 859 1310 877 20
1322 853 1427 878 curiose
1447 854 1535 888 potius
1556 854 1632 889 loqui
1650 854 1764 885 dixeris,
1794 863 1874 889 quam
1895 855 1996 882 Latine.
2067 855 2180 889 Compar.
2201 852 2369 888 Conquirere

220 898 326 924 ducitur
338 897 434 924 omnis.
488 895 645 922 Traducere
656 904 671 923 a
687 903 747 921 cura
762 892 975 919 minora-animos
989 889 1021 916 ad
1037 891 1167 916 summum
1181 890 1259 916 timo-
1322 887 1451 915 curiofius
1469 889 1573 924 aliquid
1602 890 1658 917 Cic.
1671 890 1703 917 de
1717 891 1787 917 Clar.
1801 892 1875 917 Orat.
1895 899 1934 923 ¹33
1952 900 1974 917 c.
1988 898 2024 923 35.
2093 888 2317 917 Aniniaduertunt
2328 894 2369 920 ea,

220 943 277 961 rem
298 933 353 960 Cic.
368 934 439 959 Fam.
454 941 473 964 ι,
487 940 508 964 5.
579 932 681 957 Vacuus
694 930 763 956 curis
774 927 940 960 negotiisque
957 926 1102 953 necessariis
1122 926 1196 953 Idem
1206 925 1258 952 Off.
1322 932 1390 958 quae
1404 923 1479 951 domi
1494 925 1577 958 fiunt,
1596 925 1725 953 curiosius
1742 925 1817 953 Idem
1830 926 1862 953 de
1875 927 1933 953 Fin.
1946 935 1970 960 5,
1981 935 2018 959 42.
2030 934 2052 951 c.
2067 933 2100 958 15.
2169 925 2263 960 superi.
2287 921 2369 950 Colit·-

222 978 242 1001 ι,
261 978 294 1002 ¹3-
368 970 463 995 Lucan.
481 976 502 1000 2,
517 974 566 1001 347
602 966 665 992 Non
685 974 726 991 uie
741 964 870 990 laetorum
885 962 997 992 sociam,
1021 961 1153 995 rebusque
1172 963 1262 988 secun-
1323 959 1385 985 niel.
1400 968 1430 990 ιι,
1444 969 1469 992 2,
1485 965 1508 990 ιε
1534 961 1650 988 Vitiaria
1669 962 1812 996 diligenter
1824 962 1958 996 facienda,
1986 961 2171 997 inalleolisque
2190 968 2268 996 quain
2281 967 2369 986 recen-

221 1006 261 1032 dis
298 1005 417 1040 Accipis,
443 1004 473 1030 in
495 1011 568 1029 curas
587 1002 690 1031 Venio,
711 1006 865 1038 partemque
887 997 1018 1024 laborum.
1090 998 1156 1023 Plin.
1177 1006 1222 1031 27,
1244 1006 1259 1024 2
1320 995 1422 1022 tiffimis
1436 996 1604 1024 curiofiffime
1617 998 1761 1032 pangenda.

220 1041 269 1068 Sed
282 1041 454 1075 antiquorum
463 1047 551 1065 curam
565 1036 781 1070 diligentiamque
790 1042 849 1069 quis
862 1033 934 1068 poffit
947 1034 1006 1060 satis
1013 1033 1158 1059 Vcnerari?
1194 1035 1216 1059 V
1221 1042 1261 1060 er-
1279 1031 1308 1058 ²5
1360 1037 1378 1058 C
1389 1038 1408 1057 V
1419 1039 1438 1058 R
1447 1039 1455 1058 1
1464 1039 1485 1058 Α
1494 1052 1502 1065 ,
1522 1041 1560 1059 ae.
1582 1034 1601 1059 f.
1623 1033 1768 1069 [φρατρίας]
1787 1034 1815 1059 Α
1825 1034 1896 1061 Cura
1908 1033 2054 1066 deducitur,
2063 1035 2178 1068 reprimo
2190 1029 2224 1066 qs?
2237 1035 2369 1057 conuentus

221 1077 271 1103 sari
284 1077 312 1103 in
325 1076 415 1111 aliqua
429 1074 589 1109 cogitatione
605 1080 720 1105 curaque
751 1070 808 1097 Cic.
820 1070 852 1096 de
865 1072 940 1096 Orat.
955 1077 978 1102 2,
996 1071 1046 1100 186.
1102 1069 1174 1096 Idem
1211 1090 1217 1095 .
1255 1090 1261 1095 .
1324 1067 1448 1093 bominum
1462 1075 1537 1103 remp.
1549 1072 1699 1096 cummium.
1737 1069 1835 1102 Curia,
1852 1073 1936 1105 inquit
1951 1069 2050 1102 Festus,
2064 1069 2150 1095 Locus
2163 1067 2209 1100 est,
2222 1066 2270 1093 vbi
2284 1065 2369 1101 publi-
2424 1094 2432 1099 ,

221 1113 315 1140 Omnis
329 1120 389 1138 cura
403 1119 459 1137 mea
472 1109 535 1135 solet
549 1108 576 1133 in
591 1106 640 1133 hoc
654 1106 760 1133 Versari
774 1106 890 1140 semper,
915 1112 961 1131 etc.
1028 1106 1131 1131 Vocant
1145 1105 1262 1131 diuersae
1323 1111 1364 1129 cas
1383 1112 1458 1129 curas
1476 1103 1616 1138 gerebant,
1637 1104 1724 1131 deinde
1741 1105 1769 1131 dc
1787 1105 1869 1132 Curia
1888 1104 2016 1138 Calabra,
2041 1113 2101 1141 quae
2120 1107 2148 1130 in
2180 1109 2198 1130 c
2210 1107 2368 1130 ALABRA
2413 1119 2417 1124 ·

221 1157 298 1175 curae
313 1148 432 1174 animum
466 1145 539 1178 Virg-
554 1144 617 1169 Aen.
639 1151 676 1174 12,
689 1147 750 1176 487-
820 1141 917 1167 vocari
933 1141 960 1167 in
975 1147 1076 1175 partein
1089 1150 1212 1167 curarum
1227 1140 1260 1167 ab
1324 1138 1445 1165 dedirunt.
1504 1141 1584 1173 Tum,
1602 1140 1668 1177 quod
1680 1143 1785 1167 maxime
1796 1141 1831 1167 ad
1842 1150 1893 1168 rem
1905 1139 2013 1174 nostram
2021 1143 2150 1176 pertinet,
2173 1138 2271 1166 Curiae
2284 1137 2370 1164 nomi-

220 1184 312 1218 aliquo
343 1182 432 1209 Tacit.
447 1181 513 1206 Ann.
536 1187 554 1209 t,
570 1187 602 1211 15.
673 1177 790 1204 Voluere
803 1186 925 1204 curarum
941 1177 1037 1203 tristeis
1051 1177 1080 1203 in
1091 1176 1200 1212 pectore
1214 1177 1260 1202 tiu-
1325 1180 1437 1207 namur,
1462 1175 1490 1201 in
1510 1176 1607 1211 quibus
1625 1177 1703 1203 vnius
1717 1177 1846 1211 cuiusque
1865 1177 1946 1211 partis
1960 1176 2056 1211 Populi
2079 1177 2156 1202 Rom.
2175 1174 2240 1210 quid
2253 1173 2370 1208 geritur:
2415 1175 2420 1181 '

221 1219 277 1246 &us
306 1219 409 1244 Luci-et.
421 1219 448 1249 6,
460 1224 495 1248 33.
567 1213 664 1248 Vrget-i
677 1213 767 1240 multis
785 1214 855 1240 curis
885 1212 958 1239 Idem
973 1221 994 1247 3,
1010 1214 1066 1247 164.
1138 1213 1262 1246 Vrgenti-
1279 1218 1312 1242 30
1325 1210 1431 1245 quaeles
1444 1211 1504 1238 sunt
1517 1220 1578 1245 eae,
1597 1212 1626 1239 in
1639 1221 1702 1247 quas
1716 1213 1846 1239 Romulus
1860 1213 1988 1247 populum
2002 1211 2138 1238 distribuit
2151 1218 2266 1239 numero
2277 1208 2370 1244 trigin-

219 1255 268 1281 bn.—
282 1255 350 1280 curis
381 1252 469 1278 Valet.
483 1252 581 1285 Argon.
601 1255 624 1282 8,
638 1258 682 1282 24·
879 1246 899 1285 Ἴ
922 1257 940 1282 4
974 1250 1062 1281 Cura,
1096 1247 1262 1284 [ἰκιτρσπὴ]
1325 1253 1367 1279 ta,
1387 1246 1484 1281 quibus
1503 1247 1592 1281 postea
1613 1248 1717 1275 additae
1736 1249 1795 1275 sunt
1813 1249 1949 1284 quinque,
1972 1254 2002 1275 vt
2014 1248 2043 1274 in
2058 1248 2102 1274 sua
2121 1247 2233 1282 quisque
2247 1245 2321 1272 curia
2334 1244 2370 1270 sa-

218 1292 268 1317 Pro
282 1291 398 1316 Munere.
423 1297 450 1314 uo
458 1293 558 1314 curator
565 1285 705 1321 fimgitur:
724 1284 784 1319 le.
799 1284 828 1311 in
841 1284 857 1310 l.
867 1285 966 1311 Haeres
980 1284 1070 1311 absens
1079 1283 1138 1321 §.Si
1151 1284 1210 1319 quis
1223 1290 1264 1310 tu-
1324 1291 1368 1309 cra
1380 1281 1487 1317 publica
1505 1283 1619 1317 faceret,
1638 1284 1773 1319 feriasque
1793 1284 1960 1311 obseruaret:
1982 1283 2076 1319 hisque
2097 1283 2178 1310 curiis
2197 1281 2304 1316 singulis
2323 1288 2372 1307 no-

217 1326 297 1353 telam
317 1325 348 1352 D.
368 1297 537 1351 deiudiciis.
556 1322 583 1348 Si
601 1322 661 1356 quis
680 1320 807 1352 tutelam,
823 1320 866 1346 vel
879 1329 986 1352 curam,
1006 1321 1049 1346 vel
1069 1321 1194 1354 negotia,
1217 1320 1261 1346 vel
1325 1318 1398 1345 mina
1417 1318 1561 1346 Curiaruni
1581 1321 1664 1351 (Scal.
1677 1320 1822 1356 suspicatur
1843 1321 1973 1352 Curium,
2000 1319 2157 1351 Curetium,
2187 1315 2370 1347 Curiensium:

217 1361 407 1396 argentariam,
428 1358 470 1385 vel
484 1357 549 1393 quid
561 1356 634 1384 aliud
643 1377 651 1389 ‚
671 1356 741 1383 vnde
753 1355 884 1390 obligatio
898 1357 1002 1388 oritur,
1020 1362 1093 1383 certo
1105 1356 1166 1382 loco
1178 1355 1262 1382 admi-
1324 1353 1379 1380 vicl.
1393 1353 1453 1380 Liu.
1468 1363 1488 1387 ι,
1503 1359 1546 1388 ι3)
1565 1355 1704 1390 virginum
1717 1356 1838 1390 imposita
1851 1358 1900 1383 esse
1914 1356 2056 1388 dicuntur,
2076 1364 2139 1390 quas
2156 1354 2275 1390 virgines
2287 1360 2371 1387 quon-

217 1397 348 1424 nisti-anit.
425 1394 548 1422 Liberari
567 1392 648 1420 tutela
665 1398 691 1418 et
709 1401 772 1419 cura
801 1392 874 1418 Idem
889 1392 917 1418 in
931 1392 948 1418 l.
977 1393 1070 1426 Qum
1087 1392 1263 1419 filiofamilias
1280 1392 1309 1418 35
1325 1389 1386 1416 dam
1399 1390 1514 1416 Romani
1528 1391 1560 1417 de
1572 1391 1676 1417 Sabinis
1692 1398 1846 1426 rapuerunt.
1904 1391 1978 1428 Qod
1988 1398 2078 1418 narrat
2086 1390 2191 1423 Festus,
2211 1389 2240 1416 de
2251 1388 2371 1424 quinque

218 1434 249 1460 D.
263 1432 295 1460 de
307 1432 396 1466 Legat.
410 1439 431 1463 3.
502 1431 587 1460 Cura,
599 1436 648 1464 pro
662 1429 794 1455 Cui-atione
815 1428 870 1454 Cic.
885 1428 956 1454 Fam.
969 1436 993 1461 5,
1029 1448 1036 1454 .
1075 1447 1082 1454 .
1120 1428 1161 1455 Sic
1175 1427 1262 1454 Areti—
1325 1425 1406 1452 curiis
1415 1425 1448 1451 ad
1461 1428 1571 1463 triginta
1579 1427 1636 1453 illas
1643 1427 1739 1453 additis
1746 1437 1770 1453 ro
1773 1431 1939 1462 perei›1et‚vt
1951 1436 2052 1455 numero
2063 1427 2172 1454 tribuum
2184 1424 2372 1462 responderem:
2411 1445 2425 1471 ,Ι
2435 1451 2441 1455 ,

217 1477 281 1496 num
296 1468 460 1495 Clementem
473 1464 647 1501 praetorianis
660 1464 827 1499 praeposuit,
845 1470 947 1498 pati-cm
971 1464 1027 1490 eius
1046 1463 1094 1490 sub
1111 1464 1142 1490 C.
1153 1463 1263 1490 Caesare
1324 1470 1387 1524 giltas
1399 1471 1452 1487 cum
1471 1462 1551 1487 curiis
1565 1462 1699 1497 confundit
1712 1466 1794 1489 ctiam.
1856 1464 1916 1491 isid.
1931 1468 2211 1491 CENTvmvaLiA
2231 1465 2372 1492 ivaIA,
2397 1473 2411 1487 A
2434 1456 2440 1466 “

217 1505 323 1540 egregie
338 1502 459 1529 fnnfmm
471 1510 501 1528 ca
515 1509 577 1528 cura
590 1500 713 1526 dictitans
732 1500 800 1526 Tac.
814 1499 881 1526 Hist.
890 1510 919 1533 4,
932 1502 974 1532 68,
989 1508 1016 1533 4.
1050 1499 1203 1526 Prouincias
1216 1514 1261 1519 -—-
1355 1506 1396 1523 am
1411 1506 1471 1523 cum
1484 1497 1562 1523 essent
1576 1498 1676 1523 Romae
1691 1498 1801 1532 triginta
1813 1504 1839 1525 et
1857 1500 1976 1534 quinque
1990 1498 2076 1526 tribus
2085 1518 2094 1531 ,
2112 1506 2180 1533 quae
2193 1502 2219 1524 et
2232 1495 2321 1523 curiae
2333 1493 2372 1521 di-

218 1549 283 1576 quas
296 1539 430 1566 Tiberius
449 1537 481 1565 ad
494 1545 582 1564 curam
602 1536 673 1562 suam
691 1535 873 1566 transtulerat,
894 1535 995 1562 senatui
1013 1534 1132 1562 reddidit
1153 1535 1261 1562 Sueton.
1326 1532 1384 1558 &ae
1396 1533 1456 1559 sunt
1469 1539 1514 1558 etc.
1528 1535 1597 1568 quale
1609 1533 1671 1569 quid
1684 1533 1730 1568 ipst
1744 1534 1860 1561 Asconio
1873 1534 1988 1569 accidisse
2001 1535 2167 1570 videmr‚qui
2180 1532 2213 1560 ad
2225 1529 2346 1559 cina&
2359 1538 2372 1557 ι

220 1575 311 1603 Claud.
333 1584 355 1601 e.
376 1582 412 1605 ες.
485 1573 557 1599 Cura
575 1572 689 1603 aerarii,
709 1580 820 1605 operum
841 1569 1025 1605 publicorum,
1042 1571 1164 1604 viarum,
1184 1580 1262 1605 aqua-
1270 1580 1307 1606 40
1325 1569 1353 1594 in
1365 1569 1442 1594 Verr.
1457 1577 1485 1594 22
1500 1577 1522 1595 c.
1536 1574 1549 1599 8
1571 1570 1682 1601 Vtrum,
1695 1572 1793 1605 inquit,
1812 1569 1946 1604 legitimos
1961 1570 2057 1597 habent
2070 1578 2162 1597 omnes
2175 1568 2262 1596 tribus
2274 1565 2372 1594 diuiso-

217 1608 639 1642 rmn,alueiTiberis,frumenti
652 1607 752 1641 populo
764 1606 907 1633 diuidundi
919 1607 988 1633 Suet.
996 1607 1063 1641 Aug.
1078 1614 1148 1642 c.37.
1190 1607 1262 1634 Cura
1325 1613 1366 1631 res
1385 1605 1461 1634 suos,
1492 1613 1559 1639 quos
1577 1605 1682 1631 Plautus
1696 1603 1829 1641 magistros
1846 1609 1973 1633 curiarum
1992 1612 2070 1633 vocat
2105 1621 2151 1626 —
2188 1606 2230 1632 An
2243 1603 2372 1635 diuisores

217 1648 246 1674 de
258 1647 364 1673 medicae
377 1648 443 1672 artis
457 1651 534 1680 opere.
558 1644 656 1670 Curam
669 1641 798 1668 adhibere
811 1642 839 1667 in
853 1641 1006 1670 valetudine
1020 1642 1119 1669 tuenda
1140 1643 1209 1678 Nep.
1223 1651 1262 1675 25,
1325 1640 1445 1667 criminis
1456 1649 1554 1667 noinen
1573 1640 1627 1667 est?
1680 1642 1711 1667 Et
1725 1641 1754 1667 in
1767 1642 1844 1668 Verr.
1866 1650 1888 1674 ι,
1908 1650 1938 1675 ¹4
1956 1650 1978 1668 c.
1998 1649 2011 1674 5
2040 1640 2148 1668 Tribus
2167 1640 2302 1675 principio
2318 1644 2371 1666 tres

218 1692 256 1716 21,
277 1691 297 1715 5.
367 1681 474 1708 Saucios
488 1687 550 1705 cura
563 1678 704 1705 sustentare
733 1678 803 1703 Tac.
821 1678 890 1704 Ann.
910 1686 938 1710 4,
956 1680 997 1710 63,
1010 1680 1037 1704 6.
1082 1679 1155 1714 Conf.
1172 1679 1262 1706 Barth.
1325 1676 1433 1702 fuerunt
1469 1690 1514 1696 —-
1548 1676 1606 1711 post
1625 1676 1657 1703 de
1675 1677 1830 1704 nominibus
1848 1677 2006 1704 Sabinarum
2027 1676 2116 1712 plures
2133 1676 2218 1703 saetae
2259 1690 2305 1696 —
2336 1675 2370 1702 ad

217 1719 251 1746 ad
264 1718 355 1753 Script.
370 1718 463 1743 Venat.
476 1725 499 1751 p.
509 1723 562 1746 ¹29-
613 1712 800 1753 Drakenborch.
813 1713 847 1739 ad
858 1713 903 1740 Sil.
916 1715 943 1746 6,
956 1721 1004 1746 551.
1076 1715 1157 1746 Cura,
1167 1718 1210 1750 qui
1221 1724 1262 1740 cu-
1325 1711 1487 1746 postremum
1513 1719 1532 1739 x
1543 1720 1560 1740 x
1569 1720 1588 1739 x
1609 1718 1636 1739 et
1654 1720 1675 1739 v
1695 1712 1790 1740 faeiae.
1847 1713 1916 1740 Illud
1934 1713 2031 1749 quidem
2050 1713 2078 1740 de
2096 1711 2253 1739 nominibus
2267 1711 2372 1738 Sabina-

215 1761 298 1782 ratur.
347 1753 412 1780 Tua
425 1760 503 1783 cura,
523 1749 661 1785 palumbae
687 1750 763 1783 Virg.
780 1748 832 1775 Ecl.
853 1757 873 1781 i,
887 1754 922 1781 58.
980 1750 1012 1775 Et
1029 1752 1074 1784 qui
1093 1756 1174 1776 curat.
1210 1751 1262 1775 Im.
1275 1753 1309 1780 45
1326 1757 1387 1774 rum
1399 1747 1433 1773 ad
1452 1747 1536 1774 curias
1549 1747 1660 1784 refertur
1672 1751 1746 1775 etiam
1757 1759 1772 1775 a
1783 1749 1872 1783 Liuio,
1891 1756 1923 1775 ve
1939 1749 2059 1776 uidimus.
2120 1749 2162 1776 Sic
2174 1748 2238 1774 Aur.
2253 1746 2325 1775 Vi&
2338 1746 2372 1774 de

218 1790 331 1818 mundae
351 1798 413 1815 cura
437 1787 523 1814 fidelis
548 1786 643 1818 harae,
670 1784 812 1820 i.fi1hzdcus
844 1784 927 1811 Ouid.
942 1785 1006 1811 Her.
1025 1793 1046 1817 1,
1060 1793 1116 1818 ¹04·
1145 1785 1189 1811 vbi
1207 1785 1261 1811 vid.
1328 1783 1434 1810 Vir.ill.
1449 1792 1475 1816 2,
1491 1792 1518 1810 η
1538 1784 1644 1810 Plebeni
1656 1784 1685 1810 in
1697 1784 1808 1819 triginta
1819 1785 1905 1812 curias
1920 1784 2058 1812 distribuit
2071 1784 2211 1817 Romulus,
2223 1791 2318 1818 easque
2332 1792 2372 1810 ra-

216 1828 303 1855 Burm.
340 1826 438 1852 Curam
451 1822 582 1850 Praetorii
595 1831 678 1848 vnum
689 1820 776 1848 Pollio
793 1819 887 1847 Claud.
902 1829 940 1853 ¹4·
1326 1824 1432 1854 ptarum
1439 1819 1594 1846 nominibus
1603 1820 1753 1855 appellauit.
1789 1819 1944 1855 Occasionem
1954 1819 2094 1856 confifioni
2105 1819 2185 1852 dedit,
2199 1819 2265 1856 quod
2275 1819 2374 1847 Curiae

252 1868 270 1888 c
280 1870 300 1888 v
309 1861 375 1888 1³16
384 1868 396 1887 s
406 1868 426 1887 v
435 1867 448 1887 s
457 1880 464 1892 ,
479 1868 503 1891 a,
519 1868 573 1885 um.
592 1857 651 1884 Adi.
676 1856 890 1892 [πολυπρέγμωῃ
914 1857 1048 1892 περιζιγος]
1068 1856 1098 1883 Α
1112 1866 1172 1883 cura
1184 1857 1263 1884 multa
1324 1856 1424 1882 Romuli
1445 1863 1464 1882 x
1474 1863 1492 1882 x
1502 1863 1520 1882 x
1541 1863 1613 1882 crant
1624 1856 1741 1882 decimae
1749 1862 1840 1892 partes
1851 1859 1928 1883 trium
1939 1856 2064 1888 tribuum,
2083 1861 2128 1882 etc.
2169 1856 2296 1882 Caeterum
2306 1856 2375 1882 lonis

218 1897 313 1931 dnc'ius,
320 1899 418 1923 nuncin
430 1895 500 1922 laude
508 1892 550 1928 fi,
559 1903 623 1920 nunc
637 1896 663 1919 in
678 1896 752 1919 vitio.
772 1892 819 1920 Sed
830 1902 879 1918 non
891 1899 942 1918 tam
955 1902 969 1917 a
983 1893 1069 1925 Cura,
1084 1892 1212 1918 Curiosus
1224 1895 1263 1918 vi·
1323 1891 1427 1924 Plauti,
1445 1891 1479 1917 ad
1498 1900 1566 1927 quem
1577 1891 1701 1927 Asconius
1713 1893 1731 1919 l.
1744 1901 1766 1918 c.
1778 1891 1893 1928 respicit,
1917 1890 1950 1925 esi
1964 1891 2054 1918 Aulul.
2071 1900 2091 1925 1,
2104 1899 2128 1924 2,
2142 1899 2172 1924 ²9
2195 1891 2267 1918 Nam
2283 1891 2375 1918 noster

218 1935 292 1961 detur
309 1932 465 1969 dqfhrndcre,
487 1940 559 1967 quam
579 1939 594 1956 a
607 1929 702 1956 Curia:
728 1931 799 1954 cuius
819 1927 973 1963 compositum
995 1926 1028 1961 qs}
1040 1927 1127 1964 1¹²1th
1141 1928 1262 1960 Incuria,
1280 1934 1312 1962 50
1325 1926 1430 1954 nostrae
1461 1928 1490 1954 ui
1507 1927 1544 1954 est
1557 1927 1680 1962 magister
1693 1928 1799 1961 euriae,
1821 1927 1950 1955 Diuidere
1969 1927 2072 1962 argenti
2083 1926 2151 1953 dixit
2167 1934 2266 1954 numos
2283 1927 2313 1954 in
2331 1926 2374 1953 vi-

217 1970 247 1996 id
259 1967 290 2003 est
304 1970 368 2005 negln
389 1971 454 1994 cottia
462 1977 472 1997 ;
495 1964 590 2000 tamctfi
607 1965 689 1993 Curia
707 1964 761 2000 ipfiz
780 1974 795 2004 1¹
807 1965 878 1991 Cura
891 1963 999 1990 dicatur.
1057 1964 1087 1991 In
1097 1966 1192 2000 primis
1204 1973 1263 1990 vero
1326 1971 1381 1990 ros.
1416 1936 1485 1990 Asici.
1499 1971 1526 1996 2,
1539 1971 1566 1996 2,
1577 1972 1599 1996 3.
1635 1963 1684 1991 Sed
1694 1963 1754 1992 haec
1765 1966 1792 1990 in
1801 1963 1925 1998 palliata,
1941 1966 1960 1989 i.
1976 1960 2178 1998 Graecasabula,
2198 1972 2210 1988 e
2223 1964 2373 1990 Graecorum

219 2005 346 2032 Curiosus
382 2007 462 2036 citur,
474 2006 518 2039 qai
530 2002 626 2033 Curat,
643 2004 661 2027 i.
680 2003 750 2037 cupit
762 2002 831 2036 scire
844 2003 934 2026 omnia.
987 1999 1042 2026 Cic.
1059 2000 1112 2026 Ait.
1126 2009 1155 2033 4,
1169 2009 1190 2026 ιι
1210 1998 1263 2026 ἐὸἓν
1319 1998 1395 2035 sorte
1406 1999 1514 2026 moribus
1525 1999 1680 2034 explicanda.
1730 1998 1789 2026 Vid.
1802 2006 1884 2025 tamen
1901 2005 1921 2026 D
1930 2005 1969 2025 IV
1978 2006 1989 2025 1
1998 2006 2010 2025 s
2021 2004 2039 2025 o
2048 2004 2068 2025 R
2085 2007 2112 2024 n.
2127 2006 2149 2024 2.
2203 1998 2328 2024 &ererum
2342 1999 2375 2025 ab

221 2038 379 2073 γλυκύτερον,
398 2036 412 2065 ἦ
422 2036 600 2075 παντῇἐδέηᾳ,
624 2036 691 2064 nihil
712 2036 824 2068 dulcius,
844 2045 915 2072 quam
925 2035 995 2071 stirs
1014 2039 1111 2068 omnia,
1137 2044 1220 2070 quare
1233 2042 1264 2062 vt
1325 2035 1367 2061 bis
1380 2035 1470 2062 Cui-iis
1483 2035 1605 2062 Curiales
1625 2042 1649 2062 et
1660 2035 1770 2062 Curiata
1785 2034 1895 2062 comitia
1911 2034 2040 2061 diewitur.
2107 2033 2268 2068 Pomponius
2281 2033 2299 2060 l.
2314 2042 2328 2060 2
2341 2034 2375 2061 D.

220 2074 326 2102 homini
346 2071 466 2111 curioso,
491 2071 672 2109 ita-perscribe
689 2071 724 2108 ad
739 2080 799 2102 ine,
817 2071 880 2105 quid
895 2072 996 2105 primus
1008 2071 1079 2104 dies,
1098 2071 1164 2106 quid
1177 2072 1265 2098 secun·
1326 2069 1360 2097 de
1372 2071 1470 2105 origin.
1483 2071 1536 2097 iur.
1552 2071 1637 2101 Initio
1648 2071 1766 2098 ciuitatis
1781 2070 1884 2099 nostrae
1897 2070 2010 2106 populus
2022 2069 2075 2097 fine
2087 2075 2158 2097 certa
2170 2069 2237 2104 lege,
2249 2068 2303 2096 fine
2315 2069 2376 2097 iure

222 2111 286 2141 dus,
307 2116 352 2134 cte.
413 2104 553 2145 Qudquid
572 2103 740 2137 indagaueris
758 2105 790 2128 de
808 2113 864 2135 rep.
884 2107 967 2131 facito
987 2112 1017 2132 vt
1034 2107 1132 2139 sciam,
1163 2107 1264 2133 tametsi
1282 2115 1312 2142 53
1327 2112 1401 2132 certo
1415 2107 1534 2141 primum
1550 2116 1629 2142 agere
1642 2107 1772 2139 institnit,
1791 2107 1936 2142 omniaque
1954 2115 2034 2133 manu
2051 2105 2132 2140 Regis
2149 2104 2376 2140 gubernabantur.

222 2146 311 2173 minus
331 2145 386 2169 sum
405 2145 525 2167 curiolus
557 2139 630 2165 Idem
651 2139 704 2178 Att.
724 2146 751 2169 2,
769 2146 796 2170 4.
857 2138 901 2176 ¹Et
920 2138 991 2163 Fam·
1004 2147 1027 2176 a,
1042 2149 1055 2163 ι
1077 2141 1118 2167 lta
1132 2141 1168 2167 est
1181 2141 1265 2167 homo
1327 2139 1417 2165 Postea
1429 2142 1505 2168 aucta
1525 2142 1557 2168 ad
1570 2143 1687 2176 aliquem
1701 2142 1813 2169 modum
1830 2142 1955 2176 ciuitate,
1973 2142 2029 2177 ipse
2052 2141 2183 2168 Romulus
2202 2140 2317 2169 traditur
2328 2150 2387 2176 por
2411 2159 2415 2166 .

222 2191 277 2209 non
294 2179 377 2207 modo
395 2176 525 2212 prudens,
542 2181 639 2212 vei-nni
658 2178 739 2199 enam
758 2172 941 2211 (quod-umet)
956 2172 1090 2211 curiosus,
1107 2178 1150 2206 qut
1157 2174 1265 2208 proinde
1328 2173 1422 2208 pulum
1435 2175 1462 2200 in
1476 2175 1586 2209 triginta
1598 2183 1683 2210 partes
1695 2177 1821 2204 diuififfe:
1852 2187 1918 2213 quas
1929 2185 2017 2213 partes
2033 2177 2127 2205 Curias
2141 2176 2298 2212 appellarit,
2314 2185 2376 2212 Ρω-
2429 2188 2435 2198 ·
2457 2182 2460 2186 ’

221 2219 299 2244 multa
312 2223 417 2242 narrare
422 2210 506 2249 poffit.
563 2208 702 2250 'Curiosus
715 2212 741 2233 et
754 2213 869 2240 negotiis
885 2206 977 2239 plenus
996 2207 1052 2232 Cic.
1061 2206 1094 2232 de
1105 2207 1169 2245 Nat.
1183 2209 1265 2247 Deor.
1327 2214 1417 2244 pterea
1430 2210 1503 2245 quod
1516 2217 1577 2238 tunc
1591 2211 1763 2246 Reipublicae
1783 2222 1873 2240 curam
1886 2222 1932 2248 per
1944 2214 2084 2242 sententias
2100 2221 2192 2240 earum
2205 2213 2321 2248 partium
2333 2221 2386 2240 αι
2419 2220 2446 2234 “’
2457 2221 2464 2226 ·

225 2263 243 2286 ι,
261 2261 294 2287 54
305 2261 327 2278 c.
342 2259 384 2277 20.
439 2249 502 2275 Erat
514 2245 632 2285 curiosus
647 2252 702 2270 non
714 2243 801 2269 solum
815 2241 911 2282 domus
924 2241 984 2266 suae
991 2259 1001 2273 ,
1020 2240 1064 2266 sed
1076 2247 1157 2281 etiam
1170 2251 1268 2268 amico-
1327 2245 1459 2278 pediebat.
1495 2247 1526 2273 Et
1541 2247 1577 2273 ita
1591 2247 1660 2282 leges
1673 2248 1799 2283 quasdam
1811 2255 1837 2275 et
1849 2249 1905 2284 ipse
1919 2249 2040 2278 Cui-latas
2050 2249 2084 2277 ad
2113 2249 2223 2284 epulum
2237 2249 2302 2276 tulit
2396 2244 2402 2259 ³
2416 2249 2423 2253 ’

222 2284 301 2321 rum',
319 2293 348 2314 vt
369 2294 415 2320 per
435 2284 625 2311 frumentarios
634 2278 745 2320 ‘occul-ta
763 2286 854 2318 omnia
867 2276 1017 2318 capient-et
1046 2276 1130 2315 Spart·
1144 2285 1172 2302 1¹¹
1185 2277 1312 2316 ῌξιᾶῐ-ὄο
1328 2279 1415 2307 lerunt
1429 2288 1455 2307 et
1468 2282 1604 2316 sequentes
1617 2284 1710 2318 Reges.
1753 2286 1822 2311 Haec
1833 2285 1885 2312 ille.
2004 2280 2019 2290 ⁴
2124 2293 2141 2311 2
2175 2286 2265 2312 Locum
2280 2269 2325 2312 coii

223 2335 246 2352 c.
261 2333 291 2352 ιι.
345 2322 410 2349 Plin.
425 2328 465 2353 25,
479 2327 495 2346 2
519 2319 543 2345 [s
557 2326 621 2351 ergo
633 2325 662 2342 in
674 2315 778 2355 reliqua
791 2320 898 2353 ingenii
906 2311 1104 2347 magnitudine,
1120 2311 1270 2338 Medicinae
1324 2313 1438 2347 publici,
1456 2319 1473 2341 i.
1487 2318 1626 2353 aedificium
1638 2323 1661 2347 ci
1674 2323 1712 2347 rei
1729 2318 2033 2358 &liumatinfignificah
2068 2321 2083 2355 [
2103 2320 2252 2357 κλιντήρων]
2288 2321 2382 2350 Varro.

225 2359 396 2397 peculiariter
411 2355 530 2382 curiosus
539 2374 548 2386 ‚
568 2352 601 2393 ΒΡ
615 2350 771 2391 ῘὶΟῐῺῑῐξῑῦῑΙῧ
790 2348 930 2392 stJbl‘fm’
949 2356 996 2374 est*-
1068 2347 1227 2382 Chtyfil’l‘us
1240 2353 1271 2374 vt
1331 2345 1363 2372 de
1379 2346 1410 2372 L·
1423 2348 1454 2373 L·
1468 2359 1497 2380 4,
1509 2361 1539 2382 32
1554 2363 1577 2387 p.
1591 2362 1634 2388 37,
1646 2363 1678 2380 :0
1695 2356 1794 2382 Curiae
1807 2356 1925 2383 duorum
1938 2364 2074 2391 generum.
2119 2356 2193 2384 Nam
2204 2363 2230 2384 et
2242 2355 2291 2384 vbi
2304 2363 2375 2385 cut}-

222 2397 260 2424 τῆ
274 2396 303 2422 in
316 2394 391 2421 omni
409 2390 519 2419 historia
533 2389 650 2416 curiosus
681 2388 737 2414 Cic.
750 2386 834 2426 Tyle.
856 2393 865 2411 ι
881 2394 903 2411 c.
916 2392 959 2418 45.
1028 2382 1104 2424 Idem
1122 2384 1176 2410 Att.
1198 2391 1229 2423 ς,-
1240 2392 1271 2418 14
1330 2388 1391 2409 rent
1403 2382 1600 2424 sacerdote-stra
1612 2389 1728 2420 diuinas,
1739 2395 1768 2415 vt
1780 2391 1878 2418 Curiae
1889 2400 2005 2419 veteres:
2025 2399 2051 2419 et
2063 2392 2110 2421 vbi
2121 2392 2229 2420 Senatus
2240 2392 2372 2424 humant.

223 2434 251 2460 Si
266 2440 308 2458 me
322 2429 410 2457 nihilo
423 2428 511 2454 minus
530 2425 601 2451 nosti
619 2423 754 2463 curiosum
774 2430 803 2462 in
815 2429 871 2456 rep.
884 2429 965 2455 quam
980 2425 1021 2452 te,
1042 2419 1156 2460 scflb³²2
1176 2419 1270 2452 velun,
1331 2424 1361 2444 vt
1373 2426 1451 2458 fffl'la
1463 2418 1596 2452 Hostfflfl,
1630 2435 1675 2460 ή-
1709 2431 1769 2450 autc
1783 2424 1848 2451 hanc
1862 2427 1947 2452 rostra
1960 2434 2006 2453 etc.
2043 2429 2076 2454 Et
2087 2436 2101 2461 ς
2123 2429 2142 2454 6
2153 2437 2178 2462 p.
2194 2436 2220 2462 53
2244 2435 2274 2463 17
2294 2425 2374 2456 Oisia

224 2469 258 2495 ad
270 2475 312 2494 me
326 2466 431 2497 omnia,
449 2470 496 2490 ctc.
566 2462 597 2487 ln
609 2457 776 2495 exquirendo
793 2466 854 2484 iure
874 2465 1003 2492 augurum
1018 2456 1138 2482 curiosus
1169 2455 1207 2482 Id.
1221 2464 1270 2490 pro
1285 2454 1318 2488 65
1332 2453 1382 2481 vbi
1393 2454 1501 2480 Senatus
1514 2463 1572 2482 rem
1586 2454 1718 2490 publicam
1732 2466 1813 2485 cui-at.
1858 2460 1908 2485 Illa
1920 2460 2002 2486 etiam
2013 2448 2211 2490 emia'dieitui-
2222 2448 2232 2461 '
2245 2464 2294 2491 vbi
2306 2463 2376 2491 Cura
2385 2460 2398 2472 ‘

226 2505 315 2532 Domo
329 2511 364 2535 33.
425 2499 497 2527 Belle
510 2497 629 2524 curiosus
659 2495 716 2522 Cic.
731 2495 784 2521 Att.
803 2495 830 2526 6,
844 2501 864 2519 1.
943 2492 986 2521 Sic
999 2492 1119 2518 curiosus
1129 2489 1174 2524 «²st
1198 2494 1272 2518 κολυ-
1334 2490 1475 2530 Sacrorum
1486 2490 1607 2525 publiea3
1627 2490 1661 2518 ab
1674 2490 1716 2518 his
1729 2492 1869 2518 Curiones.
1904 2496 1942 2519 De
1955 2496 2046 2521 Senatu
2059 2495 2115 2522 Cic.
2128 2495 2161 2521 de
2169 2483 2244 2522 Ora't.
2257 2506 2286 2528 2,
2297 2501 2316 2524 6
2327 2507 2351 2526 c.
2364 2505 2378 2524 2

227 2538 312 2574 μαθὴς
324 2538 350 2574 s.
366 2537 516 2576 philologus.
558 2532 616 2560 Vid.
634 2530 767 2566 Casaubon.
786 2529 820 2556 ad
839 2528 950 2563 Vopisci
967 2526 1084 2554 Probum
1102 2536 1118 2554 2
1134 2536 1159 2562 p.
1172 2529 1222 2560 639
1229 2527 1272 2563 sq.
1333 2525 1513 2566 Veniebamus
1525 2527 1555 2553 in
1567 2527 1685 2559 curiam,
1704 2533 1734 2554 vt
1745 2527 1890 2562 vestigium
1901 2527 1970 2554 illud
1981 2528 2084 2562 ipsum,
2108 2530 2139 2556 in
2153 2538 2207 2565 quo
2220 2530 2268 2556 ille
2279 2531 2379 2565 posti-e-

226 2574 309 2603 Hack.
321 2581 344 2600 ct
358 2573 515 2600 Numerian.
530 2578 555 2601 13
573 2578 597 2603 p.
612 2576 670 2602 793.
706 2565 775 2593 ΑΜ.
798 2570 816 2591 C
828 2572 849 2591 v
859 2571 878 2591 R
887 2572 897 2600 ι
907 2571 925 2590 O
934 2571 946 2591 s
957 2569 966 2589 ι
978 2570 1000 2590 Τ
1010 2570 1062 2590 As.
1118 2564 1224 2589 Petron.
1234 2567 1273 2592 118
1335 2571 1409 2588 mum
1421 2562 1566 2595 institisset,
1586 2569 1783 2591 contueremur.
1857 2563 1932 2591 Idem
1946 2562 1978 2589 de
1990 2563 2090 2590 Sene&
2108 2572 2144 2598 ²7
2174 2565 2239 2593 Non
2251 2565 2326 2592 cui-ia
2337 2566 2378 2592 vi-

227 2612 259 2639 Et
275 2609 384 2637 Horatii
398 2607 501 2633 curiosa
514 2605 638 2631 felicitas.
708 2601 808 2630 Oculos
821 2600 938 2627 curiosos
956 2599 1066 2626 reficere
1091 2599 1170 2634 Apul.
1184 2598 1271 2626 Miles.
1333 2607 1376 2625 res
1389 2607 1459 2625 meas
1473 2597 1616 2631 desiderat,
1633 2608 1688 2625 non
1700 2599 1801 2632 rostra,
1820 2608 1876 2626 non
1889 2599 1987 2632 amici,
2006 2608 2061 2626 non
2079 2599 2202 2632 clientes,
2219 2609 2274 2628 non
2290 2600 2378 2636 hospi-

220 2638 260 2673 *io
274 2656 298 2681 p.
312 2653 365 2679 344
384 2644 450 2671 flor.
521 2639 612 2666 Ρίξὶοι·
631 2638 749 2665 curiosus
772 2638 876 2664 Petron.
895 2645 917 2662 c.
934 2643 976 2669 29.
1013 2633 1133 2671 Iflafcre
1144 2638 1171 2661 in
1184 2634 1271 2661 honam
1280 2643 1317 2671 70
1333 2639 1380 2660 tes.
1437 2634 1465 2660 Si
1479 2634 1566 2661 minus
1581 2635 1610 2660 in
1631 2635 1705 2662 curia
1717 2642 1798 2670 atque
1815 2636 1845 2662 in
1857 2636 1935 2668 foro,
1957 2642 1983 2662 at
2001 2635 2029 2662 in
2049 2635 2134 2664 literis
2152 2640 2179 2662 et
2192 2635 2269 2664 libris
2285 2636 2380 2664 iuuare

222 2689 331 2720 partem.
507 2673 529 2713 fl
556 2684 572 2702 2
608 2676 639 2701 In
657 2677 722 2700 vitio
736 2676 809 2700 ctiam
822 2670 863 2705 est.
889 2681 914 2698 υ.
935 2681 960 2708 g.
996 2672 1054 2698 Cic.
1072 2670 1104 2697 de
1121 2671 1179 2697 Fin.
1199 2677 1223 2703 5,
1242 2672 1273 2702 36
1333 2669 1525 2704 rempublicam
1536 2669 1662 2699 debemus
1692 2670 1730 2697 Id.
1744 2672 1816 2698 Fam.
1828 2680 1856 2704 9,
1870 2680 1892 2697 2.
1961 2672 2003 2699 Sic
2016 2670 2048 2698 ad
2062 2672 2115 2699 Att.
2131 2679 2168 2704 ¹2,
2181 2679 2210 2699 21
2241 2672 2324 2706 Qiod
2335 2681 2380 2700 me

230 2717 313 2753 Atqui
333 2715 444 2746 Cicero,
463 2714 564 2748 inquit,
581 2710 628 2737 ista
645 2709 730 2736 studia
739 2730 748 2742 ‚
768 2708 785 2735 fi
799 2708 831 2735 ad
844 2707 987 2734 imitandos
1001 2708 1116 2734 summos
1128 2707 1203 2733 viros
1217 2707 1272 2741 spe·
1335 2705 1364 2732 in
1377 2705 1469 2732 forum
1481 2714 1616 2738 vocas‚eo
1624 2715 1710 2738 vocas,
1718 2707 1787 2733 vnde
1799 2708 1880 2734 etiam
1895 2706 2133 2736 bonismeisrebus
2140 2706 2286 2743 fugiebam.
2304 2707 2382 2742 Qiid.

230 2754 317 2788 e'lant,
338 2749 536 2786 ingeniosorum
550 2748 622 2773 sunt:
647 2745 685 2771 lin
696 2743 880 2772 tantummodo
893 2743 926 2770 ad
939 2742 1039 2770 indicia
1052 2743 1150 2769 veteris
1171 2751 1272 2769 memo·
1335 2741 1406 2768 enim
1415 2741 1485 2769 mihi
1493 2751 1554 2768 cum
1561 2742 1624 2769 foro
1632 2742 1684 2769 fine
1695 2743 1787 2769 curia?
1811 2744 1844 2769 ln
1855 2743 1957 2776 forum,
1970 2742 2004 2769 ad
2014 2742 2124 2780 agendas
2135 2743 2223 2780 causas
2235 2743 2380 2771 iudiciales.-

229 2790 284 2818 riae
300 2784 493 2822 cognoscenda,
509 2782 685 2809 curiosorum.
722 2781 789 2807 Ter.
798 2781 862 2807 Eun.
878 2788 900 2812 3,
913 2786 937 2812 5,
949 2787 963 2812 5
983 2778 1032 2806 Sed
1047 2778 1214 2805 neminemne
1229 2787 1272 2805 eu·
1335 2777 1389 2804 fine
1401 2778 1491 2809 curia,
1515 2776 1599 2811 ami-'Hb
1619 2779 1726 2811 Senatu,
1749 2788 1822 2815 quum
1841 2779 1945 2806 Senatus
1958 2778 2088 2813 nullusstt.
2125 2779 2275 2814 Templum
2285 2779 2380 2807 sanffl-

230 2826 333 2853 riosum
346 2821 510 2850 interuenire
525 2828 594 2845 nunc
613 2817 698 2849 mihi,
724 2816 772 2851 qui
784 2825 826 2842 me
847 2816 986 2855 sequatur,
1004 2823 1115 2849 quoquo
1129 2822 1186 2841 eam
1201 2814 1273 2848 rogi-
1285 2819 1318 2847 75
1335 2813 1412 2846 tatis,
1432 2813 1633 2848 amplitudinis,
1652 2814 1764 2847 mentis,
1781 2814 1886 2841 consilii
1904 2814 2023 2849 publici,
2042 2821 2120 2850 caput
2137 2814 2235 2848 Vrbis,
2254 2824 2328 2843 aram
2339 2815 2381 2843 so-

229 2861 326 2893 eando,
344 2856 490 2888 obtundat,
507 2854 613 2881 enecet?
670 2852 743 2886 Quid
755 2859 809 2879 tam
821 2851 965 2883 curiosum,
978 2859 1058 2885 quam
1071 2859 1102 2877 ea
1114 2851 1180 2877 scire
1195 2850 1274 2883 velle,
1335 2849 1458 2882 ciorum,
1475 2856 1582 2884 portum
1602 2850 1724 2877 omnium
1747 2850 1880 2885 gentium,
1901 2850 1989 2877 sedem
2009 2850 2043 2877 ab
2057 2851 2184 2879 vniuerso
2201 2851 2302 2887 populo
2318 2860 2381 2879 con-

232 2897 265 2924 de
276 2896 372 2932 quibus
391 2893 506 2920 maiores
517 2890 601 2918 nostri
618 2898 668 2916 vos
682 2889 750 2915 solos
768 2894 794 2914 et
809 2886 911 2913 consuli
923 2893 949 2912 et
969 2886 1034 2913 scire
1047 2886 1191 2913 voluerunt
1216 2886 1274 2913 Cic.
1336 2886 1427 2912 eeffam
1440 2886 1489 2912 vni
1502 2885 1610 2919 ordini,
1628 2886 1740 2914 Curiam
1754 2886 1810 2913 Cic.
1824 2893 1898 2913 vocae
1904 2894 1954 2922 pro
1965 2886 2070 2913 Milone
2083 2895 2119 2920 90
2132 2895 2154 2913 c.
2167 2895 2204 2920 33.
2241 2888 2312 2914 Hinc
2318 2887 2380 2916 Fre-

231 2942 280 2968 pro
294 2933 383 2958 Domo
396 2939 418 2956 c.
433 2937 459 2955 iz
473 2933 539 2954 extr.
611 2924 715 2953 Cui-ioli
734 2925 792 2950 sunt
810 2922 852 2949 hic
866 2930 945 2957 quam
962 2922 1048 2956 plures
1066 2922 1148 2955 mali,
1177 2921 1276 2948 alienas
1336 2921 1430 2956 quenti
1443 2921 1533 2953 curia,
1553 2925 1572 2948 i.
1579 2921 1670 2957 senatu
1684 2922 1744 2949 Liu.
1758 2931 1786 2955 2,
1799 2930 1830 2955 23
1843 2922 1875 2949 ad
1890 2929 1954 2949 extr.
1976 2929 2000 2948 et
2012 2922 2083 2949 Suet.
2096 2922 2146 2950 Iul.
2158 2931 2180 2950 c.
2194 2930 2237 2951 22.
2274 2923 2381 2951 Vindex

231 2978 272 2996 res
286 2968 334 3003 qui
348 2971 439 2994 curant
458 2963 545 2990 studio
558 2962 677 2989 maximo
697 2960 778 2988 Plaut.
791 2958 873 2986 Stich.
888 2967 906 2987 ι,
919 2966 942 2990 3,
955 2965 998 2990 45.
1053 2958 1182 2985 Curiosus
1194 2965 1273 2984 nemo
1336 2957 1503 2987 temeritatis,
1519 2964 1545 2984 et
1556 2957 1720 2985 moderatrix
1734 2956 1818 2986 officii
1825 2958 1900 2985 curia
1917 2958 1973 2985 Cic.
1982 2966 2032 2993 pro
2044 2958 2127 2985 Flacc.
2142 2967 2180 2992 9¹·
2223 2959 2307 2986 Curia
2318 2967 2379 2986 con-

231 3004 268 3031 cst
281 3004 347 3039 quin
361 3002 391 3029 fit
403 2999 551 3028 maleuolus
570 2998 610 3025 Ib.
624 3007 651 3024 v.
668 3004 705 3030 55.
775 2995 831 3022 Cic.
842 2994 875 3021 de
889 2993 947 3034 Fin.
959 3001 986 3026 2,
999 3002 1033 3026 29
1052 2994 1193 3029 Reperiam
1207 2993 1274 3020 mul·
1288 2999 1321 3024 80
1337 2992 1402 3020 siliis
1418 2992 1515 3020 aestuat
1529 2993 1595 3020 orba
1610 2993 1663 3020 suis
1682 2993 1776 3021 Claud.
1788 3002 1801 3020 2
1814 2994 1926 3029 praefat.
1940 2993 1969 3020 in
1985 2994 2094 3029 Eutrop.
2108 2999 2146 3028 58.
2200 2995 2234 3022 In
2245 2995 2322 3022 curia
2337 2994 2381 3022 in-

232 3046 290 3072 tos,
309 3038 352 3065 vel
370 3034 577 3064 innumerabiles
589 3033 694 3069 potius,
719 3041 774 3058 non
787 3037 840 3058 tam
861 3029 994 3061 curiosos,
1012 3038 1058 3055 nec
1072 3036 1126 3056 tam
1141 3029 1275 3060 molestos,
1335 3029 1420 3055 clusus
1433 3029 1540 3056 Senatus
1557 3029 1614 3056 Cic.
1630 3030 1684 3056 Aet.
1701 3031 1728 3062 6.
1743 3038 1761 3056 ι.
1833 3029 1957 3064 Aspirare
1969 3030 1999 3056 in
2012 3030 2130 3063 curiam,
2147 3029 2202 3057 vid.
2223 3036 2380 3058 ASPIRO.

232 3084 312 3110 quani
325 3083 373 3101 vos
388 3073 463 3104 estis,
485 3071 580 3106 quibus
594 3068 727 3105 quidquid
739 3067 821 3094 velim
832 3066 910 3093 facile
925 3064 1102 3105 persuadeam.
1145 3066 1177 3092 In
1189 3065 1274 3092 aliena
1335 3064 1428 3091 Clausa
1447 3064 1606 3100 pauperibus
1619 3065 1700 3092 Ouid.
1714 3066 1806 3092 Amor.
1824 3074 1848 3098 3,
1868 3071 1890 3097 8,
1909 3073 1948 3099 55.
1967 3068 1987 3092 i.
2002 3072 2125 3101 pauperes
2145 3075 2194 3093 non
2205 3065 2308 3102 poffunt
2316 3065 2382 3102 fieri
2403 3063 2406 3065 ’
2447 3061 2459 3099 ”,

233 3109 378 3145 Republica
389 3108 524 3135 curiosum
541 3106 653 3133 minime
673 3104 736 3136 effe,
761 3102 879 3130 officium
893 3101 929 3128 est
942 3101 1075 3136 peregrini
1099 3100 1172 3128 Idem
1185 3100 1238 3128 Off.
1253 3109 1274 3133 1,
1334 3101 1472 3128 Senatores.
1508 3098 1550 3134 Est
1562 3103 1626 3127 enim
1637 3108 1719 3128 certus
1731 3102 1820 3128 census
1832 3101 1994 3128 Senatorius.
2064 3101 2191 3129 Indueere
2203 3101 2381 3130 ambitionem
2452 3100 2454 3102 ’

236 3155 287 3178 ης.
341 3144 437 3172 Satisfit
450 3141 586 3170 difficilius
598 3140 708 3168 curiosis
726 3139 764 3166 Id.
778 3139 810 3165 de
825 3138 882 3166 Fin.
896 3146 916 3170 i,
931 3147 958 3171 4.
1014 3136 1141 3164 Curiosus
1154 3135 1245 3170 differt
1257 3146 1274 3163 a
1335 3137 1364 3163 in
1378 3136 1496 3168 curiam,
1512 3135 1566 3164 oid.
1586 3143 1627 3163 tN
1636 3143 1656 3163 D
1665 3143 1747 3164 veo.
1819 3136 1892 3163 Iuire
1904 3137 2016 3170 cui-iam,
2024 3142 2072 3173 pro
2088 3136 2192 3174 Ingredi
2205 3137 2297 3165 Tacit.
2310 3139 2380 3169 Aun-
2452 3141 2462 3163 ἱ

233 3180 372 3216 Diligenti.
409 3177 539 3213 Quinem.
551 3183 576 3210 8,
588 3187 610 3210 3,
623 3185 651 3210 55
682 3175 723 3203 Est
737 3175 817 3202 etiam
829 3182 896 3210 quae
910 3173 1166 3213 nsetspya'oeyocatur,
1185 3173 1274 3206 super·
1290 3175 1320 3204 85
1335 3179 1360 3205 5,
1375 3182 1402 3206 4.
1473 3171 1550 3199 Iubet
1562 3172 1638 3199 curia
1651 3172 1708 3200 Cic.
1722 3181 1772 3207 pro
1785 3173 1873 3199 Domo
1885 3179 1930 3208 77.
1999 3172 2082 3200 Venit
2095 3173 2124 3200 in
2137 3173 2240 3201 curiam
2253 3173 2380 3209 frequens
2450 3174 2465 3189 '¹

234 3226 316 3244 vacua
335 3220 382 3247 (vt
396 3215 428 3242 fic
442 3214 575 3246 dixerim)
599 3212 757 3248 operositas,
780 3217 809 3238 vt
822 3219 837 3237 a
849 3209 970 3244 diligenti
985 3208 1118 3241 curiosus,
1144 3215 1170 3235 et
1183 3217 1198 3235 a
1210 3207 1272 3234 reli·
1335 3208 1442 3235 Senatus
1463 3207 1520 3235 Cic.
1533 3207 1565 3234 de
1577 3208 1652 3235 Orat.
1663 3217 1686 3241 3,
1700 3217 1725 3235 2.
1796 3208 1891 3235 Martis
1905 3208 1996 3242 curia,
2015 3212 2034 3235 i.
2054 3209 2202 3245 Areopagus
2220 3210 2314 3236 quen.
2328 3209 2380 3237 Sat.

234 3253 314 3289 gionc
328 3250 477 3287 superstitio
490 3249 576 3277 distat.
645 3248 712 3276 Plin.
725 3256 759 3280 13,
771 3255 800 3275 υ
825 3245 937 3273 Curiosa
950 3243 1154 3280 interpolatione
1166 3250 1273 3271 tenuata
1332 3252 1361 3277 9,
1375 3252 1423 3270 101.
1495 3243 1622 3278 Pompeia
1639 3244 1730 3276 curia,
1748 3247 1776 3270 in
1827 3253 1842 3270 a
1862 3245 1972 3280 Pompeii
1979 3242 2139 3279 simulacrum
2155 3251 2224 3277 erat,
2241 3251 2266 3271 ct
2285 3247 2313 3271 in
2330 3254 2381 3282 qua
2425 3238 2440 3270 ‚⁸
2462 3247 2465 3250 ’

235 3289 335 3317 charta.
405 3285 532 3313 Curiosus
546 3294 627 3319 agnus
644 3284 747 3321 lasciuia
760 3283 856 3309 Comiea
873 3281 958 3308 Plauti
971 3280 1030 3308 Aul.
1043 3288 1067 3314 3,
1079 3281 1106 3312 6,
1121 3281 1156 3306 26
1177 3278 1211 3313 est
1222 3289 1272 3306 ma-
1332 3280 1381 3306 Iul.
1395 3278 1484 3315 Cae-fiir
1501 3279 1646 3306 trucidatus
1663 3277 1697 3314 est
1714 3279 1771 3307 Cic.
1784 3253 1922 3307 dqeuDiuin.
1939 3288 1966 3313 2,
1979 3288 2018 3313 23.
2088 3280 2222 3307 Saliorum
2240 3281 2315 3309 curia
2325 3287 2382 3308 erat
2411 3308 2420 3313 ,
2439 3279 2465 3315 ἦ.

232 3326 354 3356 euentus,
375 3320 443 3358 quast
455 3323 524 3347 curis
536 3319 676 3357 causei-lus.
710 3318 759 3347 Sed
769 3319 803 3346 al.
817 3317 964 3345 Curionem
978 3317 1076 3353 legunt,
1094 3325 1119 3342 υ.
1131 3324 1156 3342 υ.
1258 3324 1271 3348 3
1334 3315 1364 3342 in
1380 3314 1481 3342 Palatio
1499 3314 1572 3342 Idem
1585 3314 1618 3342 de
1631 3315 1724 3342 Diuin.
1741 3324 1763 3348 ι,
1779 3323 1820 3348 3ο.
1883 3315 2020 3343 Senatoria
2032 3315 2049 3342 Ι.
2063 3324 2073 3343 ι
2088 3316 2118 3343 C.
2132 3315 2242 3343 Theod.
2263 3315 2296 3343 de
2307 3316 2379 3343 Con·
2435 3312 2442 3319 ‘
2455 3315 2459 3318 ’

234 3360 378 3390 Curiosus,
394 3363 443 3391 pro
455 3357 578 3382 Delatore.
630 3354 774 3383 Sueton.in
780 3357 847 3388 Aug.
861 3361 921 3388 c-27
941 3352 1077 3379 Pinarium
1088 3351 1205 3387 equitem
1244 3359 1272 3377 ο-
1279 3363 1317 3388 90
1334 3351 1384 3378 sul.
1420 3351 1551 3378 Recentior
1563 3357 1632 3378 aetas
1644 3351 1738 3378 Curias
1750 3351 1818 3377 dixit
1824 3357 1875 3387 pro
1888 3352 1954 3379 aulis
1967 3357 1992 3377 et
2002 3351 2113 3378 domibus
2117 3354 2272 3388 principiam.
2308 3353 2380 3379 Hinc
2416 3359 2419 3362 ⁴
2465 3353 2470 3361 ¹

235 3405 302 3424 man.
341 3402 404 3421 uum
422 3391 594 3419 concionante
612 3392 653 3425 se,
670 3390 778 3418 admissa
794 3388 873 3416 turba
891 3397 1070 3424 paganorum,
1089 3386 1157 3422 apud
1175 3386 1274 3413 milites
1335 3386 1475 3419 Curiales,
1490 3386 1589 3414 Aulici.
1971 3418 1974 3421 Ι
2030 3388 2033 3391 ’
2378 3397 2381 3403 -

234 3432 331 3459 subscri
352 3438 396 3457 ere
412 3426 539 3463 quaedam
551 3426 786 3457 animaduertiss'et,
803 3425 937 3452 curiosum
950 3433 979 3451 ae
991 3423 1180 3458 speculatorem
1193 3428 1274 3456 ratus,
1371 3428 1418 3449 cv
1427 3429 1446 3449 R
1455 3423 1522 3449 151.
1532 3430 1541 3449 1
1550 3429 1574 3454 s,
1587 3431 1610 3448 c.
1630 3422 1692 3449 Adi.
1727 3420 1908 3458 [opas-faunis,
1926 3422 2055 3457 φυλέτης]
2090 3423 2142 3458 Qu·
2146 3421 2287 3450 adeuriam
2291 3425 2379 3458 primo

234 3477 324 3495 corani
336 3464 448 3493 confodi
461 3462 614 3498 imperauit.
652 3462 710 3488 νῆά.
724 3471 784 3498 quae
795 3461 824 3488 de
837 3460 1028 3488 Frumentariis
1046 3464 1073 3486 et
1090 3457 1206 3486 Curiofis
1222 3458 1274 3485 sa1-
1329 3457 1480 3494 praesertim
1496 3456 1621 3484 intellectu
1633 3458 1742 3494 summm
1756 3458 1915 3494 pertinens.
1928 3464 1958 3484 vt
1972 3457 2075 3490 Festus,
2087 3466 2135 3493 qui
2150 3458 2268 3485 eiusdem
2286 3457 2323 3484 est
2335 3467 2379 3486 cu-

235 3504 294 3538 majl
308 3502 342 3529 ml
353 3503 480 3538 Spar-timi.
487 3506 517 3534 p.
533 3507 571 3529 103
578 3497 619 3533 sq.
656 3497 735 3524 Hack.
756 3504 780 3523 et
794 3506 854 3537 quae
863 3497 938 3532 plena
957 3505 1031 3522 manu
1044 3496 1095 3522 Iac.
1109 3493 1226 3530 Gotbqfr.
1240 3493 1274 3520 ad
1335 3493 1401 3520 riae.
1437 3493 1494 3520 Cic.
1507 3493 1560 3521 off.
1572 3501 1598 3525 2,
1612 3495 1649 3527 64
1667 3493 1870 3528 Theophrastus
1882 3492 1974 3520 scribit
1986 3493 2096 3528 quidem
2111 3492 2253 3521 Cimonem
2266 3493 2379 3521 Athenis

234 3538 361 3566 'I'itulum
384 3537 413 3564 C.
429 3533 540 3562 Theod.
560 3535 603 3565 (6,
616 3536 666 3565 29)
692 3532 724 3559 de
742 3531 874 3560 Cui-tofis:
892 3540 953 3568 quos
969 3530 1182 3565 Curagcndarios
1199 3532 1273 3556 etiam
1286 3535 1320 3562 95
1335 3529 1417 3556 etiam
1434 3529 1462 3556 in
1475 3529 1534 3555 suos
1548 3528 1659 3555 curiales
1673 3528 1797 3556 Laciadas
1811 3528 1967 3563 hospitalem
1979 3528 2063 3556 suine.
2088 3528 2147 3566 Ipfix
2158 3528 2206 3556 bac
2216 3529 2379 3564 appellatione

234 3572 315 3600 tlic‘ios
333 3573 368 3600 ibi
381 3578 498 3607 apparet,
516 3572 604 3605 quique
624 3576 672 3594 non
687 3568 811 3603 publicum
829 3567 898 3594 modo
907 3567 1003 3603 curfitm
1023 3576 1050 3593 re
1067 3566 1155 3599 ebant,
1173 3572 1198 3592 et
1214 3573 1274 3590 eue-
1335 3565 1421 3591 curias
1437 3565 1614 3594 Romanorum,
1635 3574 1690 3590 cum
1713 3562 1794 3597 δόμοις
1807 3564 1832 3601 J:
1846 3564 1948 3600 populis
1965 3566 2109 3591 Atticorum
2126 3573 2140 3590 c
2211 3571 2261 3590 rae.
2296 3565 2380 3598 Δῆμος
2406 3567 2410 3569 “

233 3610 334 3637 ἑὶἰοιιςς
348 3608 416 3634 illius
429 3605 612 3641 inspiciebant,
618 3601 687 3636 vtes}
701 3606 727 3628 in
739 3603 847 3639 legibus:
859 3602 907 3639 scd
916 3609 940 3630 et
952 3611 1012 3630 reos
1022 3602 1052 3629 iu
1073 3601 1157 3628 itibus
1169 3600 1274 3628 nuncia-
1336 3603 1400 3626 enim
1412 3601 1499 3627 λακῖα.
1535 3599 1583 3628 Sed
1594 3600 1735 3627 Consortia
1749 3600 1867 3627 curialia.
1879 3601 1897 3627 l.
1910 3599 2079 3633 Curialibus,
2090 3600 2120 3627 C.
2132 3597 2166 3624 de
2219 3599 2378 3627 :titionibus

235 3645 314 3677 bant,
340 3643 502 3678 omniaque,
521 3649 589 3676 quae
608 3639 665 3674 geri
687 3639 714 3665 in
731 3647 786 3673 rep.
804 3637 942 3671 viderent,
961 3637 994 3665 ad
1011 3637 1139 3672 principis
1150 3636 1274 3664 notitiam
1336 3635 1492 3663 Curialibus
1506 3635 1648 3662 consortiis
1665 3635 1844 3668 consulentes,
1857 3637 2007 3667 censemus,
2020 3642 2065 3662 etc.
2102 3634 2195 3670 Nempe
2208 3634 2291 3662 Curia
2303 3636 2378 3663 Sma-

235 3680 387 3706 deferebant
400 3686 444 3705 erc.
482 3675 522 3711 Est
536 3683 559 3703 et
570 3674 684 3703 Titulus
698 3674 728 3700 C.
743 3673 834 3700 lustin.
849 3681 884 3706 12,
896 3682 926 3706 ²3
956 3673 989 3700 de
1003 3673 1120 3701 Curiolis
1138 3679 1165 3700 et
1178 3672 1272 3700 Statio·
1335 3678 1377 3697 tui·
1387 3670 1431 3704 ςΙῖ.
1465 3672 1545 3699 Porro
1556 3671 1691 3698 Senatores
1709 3671 1790 3698 dicere
1800 3673 1864 3698 alios
1876 3681 1947 3707 quum
1960 3672 2080 3698 Romanos
2092 3678 2140 3696 non
2149 3669 2274 3705 fidebant.
2308 3672 2379 3698 Hinc
2463 3699 2465 3702 ,

234 3716 325 3742 nariis.
380 3715 498 3742 Meminit
515 3712 692 3740 Curiosorum
712 3711 786 3736 etiam
801 3708 920 3736 Tertull.
939 3708 972 3735 de
991 3709 1054 3744 fuga
1075 3708 1103 3735 in
1122 3709 1218 3743 perfec.
1238 3706 1470 3740 ι3.ιοοβιλεντιὶς,
1490 3707 1616 3737 Decurio,
1629 3706 1744 3734 Oirialis
1762 3707 1820 3734 Vct.
1835 3706 1914 3733 Gloss‘.
1990 3703 2121 3733 Flamines
2142 3705 2270 3739 curiales,
2283 3705 2378 3734 Curia·
2415 3731 2417 3734 ,

233 3750 282 3779 Sed
293 3750 426 3786 inferioris
440 3750 497 3776 hacc
509 3752 600 3775 astatis
606 3745 632 3781 fi
644 3748 700 3782 quis
716 3744 893 3781 defi-amlir,
910 3744 1036 3770 adeundus
1048 3743 1081 3776 esl
1094 3742 1273 3780 Gothofredus.
1335 3751 1396 3769 rum
1416 3741 1562 3770 sacerdotes
1573 3749 1663 3775 erant,
1677 3742 1774 3769 Festus.
1845 3743 1951 3769 Mensae
1967 3739 2094 3772 curiales,
2108 3740 2137 3767 in
2148 3740 2246 3776 quibus
2257 3741 2379 3769 immola.

233 3785 255 3821 q
275 3795 294 3819 4
330 3785 454 3811 Gradibus
466 3789 539 3811 etiam
552 3782 658 3819 affurgit
668 3781 714 3808 boc
727 3788 828 3807 nomen:
882 3779 995 3814 Compar.
1036 3780 1093 3807 Cic.
1110 3781 1182 3806 Fam.
1201 3789 1230 3813 4,
1248 3786 1272 3811 ¹3
1335 3777 1414 3806 batur
1427 3778 1542 3810 Iunoni,
1557 3777 1630 3813 *quae
1643 3778 1723 3805 Curis
1742 3777 1871 3813 appellata
1882 3777 1929 3810 est,
1944 3774 2038 3803 Festus.
2074 3777 2124 3803 Con
2143 3795 2150 3803 .
2168 3777 2261 3813 Scalig.
2273 3777 2309 3804 ad
2322 3777 2347 3804 h.
2358 3777 2377 3804 Ι.

235 3823 297 3856 Quo
320 3829 407 3848 nimus
433 3820 572 3847 saiiiiliaris
592 3819 665 3850 sum,
697 3816 748 3844 boc
770 3815 826 3843 sum
847 3813 879 3840 ad
904 3814 1114 3849 inuestigandum
1133 3814 1272 3842 curiosior.
1335 3813 1452 3841 Curialis
1468 3817 1542 3840 etiam
1555 3820 1605 3849 pro
1617 3815 1708 3841 Atelico
1716 3816 1832 3850 pmiitur,
1844 3816 1873 3839 in
1891 3816 2007 3848 quomam
2023 3818 2105 3847 nempe
2139 3811 2199 3839 uria
2209 3816 2284 3838 etiam
2295 3813 2378 3839 adara

234 3859 322 3884 Varro
341 3857 373 3883 R.
385 3856 416 3882 R.
430 3864 453 3885 2,
468 3864 490 3888 3,
505 3864 518 3888 ς
549 3856 646 3889 Capi-as
665 3861 720 3880 non
737 3857 765 3878 vt
783 3850 887 3884 reliqua
898 3849 1023 3877 animalia
1041 3850 1150 3877 naribus
1170 3849 1271 3885 (intell.
1329 3848 1470 3885 fignificat.
1506 3849 1638 3877 Ainniian.
1653 3857 1692 3880 21,
1704 3857 1738 3875 22
1770 3848 1901 3876 Romulus
1912 3849 1941 3872 ‘et
1958 3845 2015 3881 post
2032 3855 2094 3874 eum
2107 3846 2239 3875 Sabostius
2255 3847 2376 3880 cui-iales.

233 3893 334 3924 solum)
362 3890 404 3918 sed
428 3891 547 3924 (enam)
568 3889 676 3917 auribus
689 3888 814 3923 spiritum
833 3885 928 3912 ducere
947 3884 1045 3918 solere,
1069 3886 1185 3922 pastores
1203 3885 1272 3916 curi-
1287 3883 1455 3924 105conui6ti
1468 3883 1521 3912 sine
1532 3883 1652 3920 respectu
1668 3891 1715 3911 etc.
1748 3883 1821 3913 Adde
1833 3890 1877 3915 aa,
1889 3889 1916 3914 9-
2169 3898 2172 3902 .

2237 3904 2372 3945 cuiun-
2409 3919 2411 3921 ·
