2474 4182
74 3343 148 3364 textu
162 3337 286 3371 longiore
298 3335 376 3371 loqui
406 3336 474 3364 Ptin.
488 3346 527 3370 10,
539 3346 584 3372 42.

82 131 173 171 ¹209
472 117 508 157 C
583 116 620 158 O
696 115 741 157 N

118 213 134 234 c
146 214 164 234 0
175 214 197 234 N
206 213 227 234 T
235 213 252 233 Ε
260 213 278 233 R
288 213 307 232 R
317 212 333 232 E
342 212 360 232 ο
369 225 377 237 ,
408 205 453 238 ui,
483 206 550 232 ‘itum
558 225 566 237 ‚
599 208 652 231 fre.
689 203 807 237 [φοβέαι]
849 202 1006 230 Vehementer
1033 210 1123 236 terreo,

80 245 214 270 Peru-mo.
286 242 345 267 Liu.
359 250 397 273 10,
407 247 431 271 18
453 241 563 268 Nouum
576 247 676 275 pugnae
690 237 836 264 conterruit
850 248 938 272 genus.
1012 240 1123 266 Conter-

79 285 120 306 ret
132 279 226 305 latratu
238 278 308 303 canis
322 276 505 303 aduenientem
542 273 672 302 Columel.
687 281 713 307 7,
728 281 762 299 12.
851 276 1012 302 Contcrrcre
1037 276 1122 307 vultu,

79 312 252 348 adspedhtque
268 313 454 347 loquacitatem
468 312 578 338 alicuius
595 310 650 336 Cic.
664 308 696 334 de
709 309 784 335 Orat.
800 318 818 340 1,
834 319 879 343 214
895 320 916 337 c.
930 320 974 343 49.
1078 312 1121 337 Pe.

81 349 154 375 ‹S'tora
166 356 237 374 metu
278 350 382 375 Lucret.
404 357 426 380 2,
449 350 507 379 623.
613 344 741 378 Adspectu
762 346 921 372 conterritus
940 346 1019 372 haesit
1046 347 1122 380 virg.

79 385 144 411 Aen.
159 392 180 415 3,
196 391 253 418 597.
348 383 515 410 Conterritus
528 381 646 414 corporis
659 380 776 407 cruciatu
796 381 856 415 le.
871 382 899 408 in
913 382 950 413 l.3
967 383 998 407 D.
1008 390 1039 407 ex
1048 382 1123 416 quib.

77 420 145 446 caus.
160 420 255 446 maior.
364 419 463 453 Regina
495 424 596 452 pugnae
634 417 777 443 conterrita
816 418 887 444 sorte
941 419 1017 451 Virg.
1057 419 1122 443 Aen.

79 463 116 487 12,
132 463 171 487 54.
245 454 397 480 Conterrita
411 455 488 487 surgo
505 450 585 478 Ouid.
600 452 713 479 Hei-oid.
728 460 765 484 10,
779 460 811 484 13.
887 453 961 483 Metu
980 452 1121 479 conterriti

77 491 225 525 complures
247 490 276 516 A.
293 490 320 516 B.
335 491 408 524 llisp.
423 498 443 515 c.
455 496 497 514 22.

114 532 131 552 c
143 533 162 553 ο
172 533 223 552 NT
233 533 248 551 Ε
259 532 272 551 s
283 534 295 551 s
307 524 348 551 ιὲΚ
358 532 392 557 o,
412 528 463 550 εἶτε.
499 521 618 548 Tertull.
640 522 700 549 adu.
718 523 825 550 Haeret.
840 525 872 555 36
905 523 975 549 Cum
989 522 1121 548 Africanis

77 561 189 588 ecclesiis
204 561 387 587 contell'crarit.
404 561 422 585 i.
433 560 570 583 amicitiam
584 559 704 585 coluerit.-
718 559 828 594 sumtum
841 559 871 585 ab
885 558 1005 594 hospitum
1023 557 1122 594 sedere,

75 600 118 632 qui
127 597 155 632 fi’
169 597 288 631 symbolis
303 602 382 622 mutuo
394 594 478 626 dam,
492 596 510 619 i.
526 594 637 625 tell'cris,
657 594 825 631 agnofi-erent.

115 638 132 658 c
144 639 163 658 o
174 638 195 657 Ν
206 638 227 658 T
238 639 274 658 Es
284 639 296 657 s
305 638 321 657 E
330 638 346 657 R
356 636 404 656 ΑΤ
415 636 468 661 10,
488 629 555 655 onis.
576 630 596 656 f.
633 630 753 657 Tertull.
771 630 831 657 adu.
854 630 963 656 Haeret.
984 638 1018 656 20

74 667 206 694 tess'eratio
225 665 415 701 hospitalitatis.

111 710 128 729 C
137 710 156 729 O
165 710 187 729 N
196 709 217 728 'I'
226 709 264 735 Es
274 709 294 729 T
303 708 321 727 O
331 708 348 727 R
359 721 366 733 ,
407 699 455 726 ari.
500 700 512 734 [
526 698 723 736 διαμαρτύρομαι
736 702 749 736 ]
787 700 854 727 Idem
884 700 949 735 quod
982 698 1122 732 Obnstarss

72 738 244 774 praesentibus
269 734 384 770 ustibus,
401 735 532 771 appellatis
557 743 621 762 certe
639 743 662 762 et
674 739 832 768 memoratis,
856 735 954 771 aliquid
966 735 1121 767 denuntiare,

74 775 114 800 vel
121 780 221 810 petere,
234 775 344 807 precari.
415 773 471 798 Cic.
487 773 561 798 Verr.
577 781 603 805 4,
617 774 651 806 67
671 772 740 798 Deos
751 791 759 803 ,
777 772 951 805 hominesque
966 772 1120 802 contestans,

73 810 188 836 clamare
201 807 294 842 coepit.
383 808 438 834 Cic.
454 809 526 834 Fam.
539 810 566 840 6,
581 816 609 833 10
642 807 681 833 De
700 816 742 833 me
756 807 808 833 tibi
823 807 855 833 lic
869 806 1014 833 contestans
1028 816 1119 833 omnes

74 845 144 872 Deos
158 843 286 871 confirmo
300 848 378 878 atque
394 844 532 878 promitto.
603 842 676 869 Idem
692 852 741 877 pro
756 843 838 869 Flacc.
856 851 898 868 102
924 844 1015 876 Qmm
1029 852 1078 876 ego
1093 848 1118 868 te

75 881 180 912 Flacee,
215 878 334 911 caelum,
365 885 516 913 terramque
544 878 687 905 contestans
698 899 706 910 ‚
727 879 790 904 flens
823 879 930 904 flentem
962 877 1119 904 obtestabar.

75 916 152 951 Apul.
165 914 241 949 Apol.
256 924 278 949 p.
295 923 354 947 292,
373 923 405 948 24
426 915 507 941 Tunc
525 914 641 948 denique
660 920 700 946 te,
720 913 816 940 Claudi
836 914 969 945 Maxime,
991 920 1016 940 et
1030 923 1121 940 omnes

74 952 120 987 qui
133 951 225 978 adsunt
239 951 412 982 contestabor,
426 959 539 985 puerum
553 949 629 976 illum
665 964 710 969 ——
745 958 799 975 non
814 957 872 975 mca
887 950 962 983 culpa
997 964 1043 968 —
1080 958 1123 983 pa-

72 993 133 1014 truo
147 987 235 1021 potius
250 995 328 1021 quam
342 987 419 1013 fratri
431 986 543 1012 limilem
557 986 687 1012 futurum.
759 985 908 1021 Contestari
927 986 1024 1014 Liteni,
1039 985 1123 1015 Festo,

72 1022 198 1049 dicuntur
212 1022 280 1054 duo,
299 1027 343 1048 aut
358 1022 445 1057 plures
458 1022 617 1053 aduersarii,
639 1019 711 1055 quod
726 1021 852 1047 ordinato
864 1021 968 1047 iudicio
984 1041 990 1053 ,
1012 1027 1122 1055 vti-aque

71 1067 130 1093 pars
149 1058 236 1084 dicere
251 1058 333 1090 solet,
354 1058 429 1084 testes
442 1057 532 1084 estote.
603 1058 686 1091 Impp.
701 1057 788 1083 Seuer.
805 1063 830 1083 et
844 1057 971 1083 Antonin.
987 1057 1003 1082 l.
1019 1065 1028 1082 1
1044 1057 1074 1082 C.
1089 1056 1121 1082 de

72 1094 141 1121 Litis
160 1094 293 1120 contestat.
315 1094 359 1120 Lis
378 1100 439 1120 tunc
460 1092 600 1120 contestata
620 1093 740 1123 videtur,
758 1101 818 1119 cnm
838 1092 916 1119 iudex
930 1101 977 1126 per
989 1091 1119 1118 narratio-

72 1138 132 1156 nem
147 1130 249 1164 negotii
264 1130 364 1156 causam
376 1129 469 1155 audire
485 1129 610 1163 coeperit.
682 1128 739 1154 Cic.
759 1137 808 1163 pro
827 1129 901 1155 Rosc.
923 1129 999 1154 Com.
1014 1135 1040 1160 53
1059 1136 1081 1152 c.
1095 1132 1120 1157 18

73 1165 129 1199 Qui
147 1174 193 1200 per
213 1166 238 1191 sc
251 1165 325 1192 litem
338 1165 514 1197 contestatur,
532 1164 580 1190 fibi
592 1163 641 1190 soli
654 1164 720 1198 petit
735 1173 740 1187 :
774 1164 851 1191 alteri
867 1172 945 1189 nemo
960 1162 1060 1197 potest,
1073 1162 1121 1189 nili

71 1202 121 1235 qui
135 1202 258 1236 cognitor
271 1200 307 1227 cst
321 1200 414 1228 faetus.
486 1199 554 1227 Add.
567 1199 606 1226 Id.
619 1200 672 1226 Att.
688 1202 726 1231 16,
742 1207 775 1232 ις.
788 1209 809 1226 c.
822 1206 874 1226 not.
888 1200 990 1225 Manut.
1013 1198 1078 1225 Fest.
1093 1199 1122 1224 in

75 1238 153 1263 Reus.
183 1237 241 1263 sen.
273 1237 319 1271 Ep.
342 1245 374 1268 ¹3·

73 1272 237 1305 mercedem,
256 1272 330 1298 litem
355 1281 415 1298 cum
435 1271 548 1298 Euathlo
570 1272 738 1298 contestatur.
874 1270 980 1296 Paullus
995 1270 1024 1296 in
1038 1270 1056 1296 l.
1072 1271 1124 1297 ser-

73 1317 132 1334 vus.
146 1308 178 1334 D.
194 1308 226 1334 de
245 1307 295 1340 his,
307 1308 354 1342 qui
369 1314 495 1334 notantur
509 1307 636 1342 infamia,
657 1307 722 1334 Non
736 1308 784 1332 suo
796 1304 904 1332 nomine
919 1305 1122 1339 condemnatur,

74 1344 171 1379 quippe
184 1353 265 1378 quum
281 1344 360 1370 initio
374 1344 406 1370 lis
420 1344 448 1369 in
471 1353 531 1370 eum
553 1343 695 1369 contestata
713 1351 768 1368 non
787 1341 824 1367 fit.
921 1342 966 1368 Lis
979 1342 1123 1368 contestata

75 1380 143 1406 inter
158 1380 271 1413 primum
284 1385 309 1406 et
323 1379 465 1406 secundum
493 1379 552 1414 le.
571 1379 599 1405 in
612 1379 628 1404 l.
643 1387 652 1404 1
667 1379 698 1404 D.
715 1377 747 1403 de
765 1376 896 1410 litigiosis.
988 1378 1123 1404 Contesta-

76 1421 128 1443 tam
143 1415 218 1442 litem
233 1424 290 1441 cum
305 1415 396 1450 aliquo
411 1415 509 1442 habere
543 1414 598 1441 Cic.
611 1422 660 1448 pro
674 1413 751 1438 Rosc.
766 1413 843 1438 Com.
857 1419 886 1444 35
899 1421 921 1438 c.
937 1420 972 1438 12.

112 1458 129 1478 C
139 1456 159 1478 O
169 1458 191 1478 N
201 1458 222 1478 T
231 1458 247 1478 Ε
257 1458 300 1478 ST
309 1452 331 1478 Ᾰ
339 1458 360 1477 Τ
369 1459 390 1478 ν
400 1459 412 1478 s
421 1471 429 1484 ,
463 1460 493 1483 a,
532 1459 586 1476 um.
626 1448 717 1474 Partic.
733 1447 792 1473 Pass‘.
830 1446 1122 1484 [διαμεμαρτυρωμένος]

74 1487 130 1513 Cic.
145 1495 194 1520 pro
208 1486 329 1519 Flacc.23
342 1496 363 1512 c.
373 1495 396 1513 11
417 1488 560 1520 Qmmque
573 1483 605 1514 ab
620 1483 667 1509 hac
682 1483 809 1517 perenni,
829 1484 1026 1519 contestataque
1039 1485 1123 1511 virtu-

74 1527 102 1551 te
112 1522 244 1548 maiorum
257 1532 310 1549 non
322 1523 403 1548 modo
419 1530 473 1547 non
486 1519 657 1553 degenerauit
673 1520 703 1545 L.
720 1519 843 1551 Flaccus,
861 1519 904 1546 sed
919 1519 956 1552 id,
965 1528 1011 1546 etc.
1067 1520 1125 1547 Cic.

74 1557 106 1584 de
119 1558 212 1584 Diuin.
227 1567 247 1590 1,
262 1563 294 1592 87
313 1555 465 1584 Clariffimis
483 1555 665 1581 monumentis
685 1555 842 1587 contestata,
860 1555 1065 1591 consignataque
1083 1565 1126 1582 an-

72 1593 188 1628 tiquitas.
225 1595 285 1619 Alia
297 1593 444 1627 exemplaria
457 1590 546 1618 habent
566 1590 685 1617 Testata.

109 1634 126 1654 c
139 1634 188 1654 ou
199 1633 391 1654 TESTATO.
417 1626 486 1654 Adu.
528 1624 642 1659 Testibus
658 1625 790 1659 adhibitis.
833 1623 893 1661 le.
909 1627 926 1653 1.
943 1635 951 1653 1
967 1624 990 1664 §.
1005 1634 1022 1662 7
1042 1627 1076 1654 D.
1094 1627 1126 1654 de

71 1663 174 1698 agnosc.
194 1668 220 1689 et
238 1662 323 1689 alend.
338 1662 417 1690 liber.
453 1662 480 1689 Si
500 1669 587 1697 neque
602 1661 746 1688 contestato
759 1661 874 1695 dixerit,
897 1671 955 1689 eam
969 1671 1001 1689 ex
1014 1663 1040 1689 se
1052 1672 1126 1697 prae-

70 1704 194 1734 gnantem
206 1707 261 1725 non
277 1699 333 1724 ess'e.

108 1734 128 1761 C
138 1741 157 1760 O
167 1742 189 1761 N
199 1742 220 1761 T
228 1741 245 1761 E
255 1741 267 1759 s
277 1740 298 1759 ‘r
307 1741 330 1761 Α
338 1739 359 1759 T
368 1741 378 1760 1
388 1740 407 1761 o
417 1753 425 1766 ,
442 1732 511 1759 onis.
533 1732 553 1759 f.
593 1732 650 1759 Cic.
658 1741 708 1767 pro
717 1733 799 1759 Corn.
815 1740 825 1758 ι
844 1732 944 1758 Petiuit
958 1742 971 1759 a
985 1742 1028 1760 me
1041 1734 1125 1760 maxi-

70 1779 114 1797 ma
127 1770 326 1796 contestatione.

69 1805 151 1833 torib.
181 1805 389 1833 Ratihabitionis
420 1810 510 1831 autem
545 1803 680 1831 satisdatio
708 1810 768 1830 ante
789 1803 844 1830 litis
870 1805 1089 1832 contestationem
1110 1815 1126 1832 a

69 1848 244 1877 procuratore
256 1841 381 1876 exigitur.
455 1841 532 1867 Plura
543 1840 596 1866 uid.
610 1843 637 1866 in
657 1847 711 1867 Lis.

107 1884 125 1905 c
137 1882 572 1909 0NTESTAT1VNCVLA,
593 1885 631 1902 ae.
648 1875 668 1901 f.
706 1874 807 1902 Dimin.
846 1875 935 1902 Sidon.
950 1876 1066 1912 Epist.7‚
1079 1885 1102 1909 3·

109 1919 127 1940 c
142 1919 299 1940 ONTEST
309 1921 318 1940 1
329 1919 344 1940 F
354 1910 419 1941 ico
430 1919 468 1944 Κ,
487 1913 537 1938 ari.
574 1911 694 1938 Tertull.
709 1911 769 1938 adn.
783 1912 859 1938 Gent.
877 1921 898 1938 c.
914 1921 933 1938 1.

1052 629 1122 658 Con-

107 1954 125 1976 C
137 1955 156 1975 0
167 1955 188 1974 N
200 1955 246 1976 TE
257 1957 276 1976 x
288 1955 308 1975 0
319 1969 327 1981 ,
348 1948 439 1980 texui,
457 1953 575 1979 textum,
596 1950 649 1974 ere.
673 1947 821 1981 [σννυφοιίνω
829 1967 837 1980 ,
856 1948 1009 1982 συμπλέκω]
1045 1949 1125 1975 Simul
1140 1956 1171 1981 50

70 1980 168 2017 texere,
186 1984 289 2011 texendo
302 1987 466 2020 coniungere,
485 1990 509 2010 et
522 1984 635 2018 Metaph.
652 1986 798 2019 coniungere
815 1988 959 2020 generatim.
1017 1984 1074 2010 Cic.
1090 1984 1123 2011 de

73 2020 136 2048 Nat.
150 2021 231 2047 Deor.
246 2029 267 2050 2,
282 2025 322 2052 158
336 2029 357 2045 c.
371 2021 401 2051 63
421 2019 494 2052 Qtid
510 2020 582 2045 enim
596 2027 660 2045 oues
675 2018 749 2045 aliud
764 2019 893 2053 afferunt,
917 2020 965 2047 nisi
987 2026 1016 2046 vt
1030 2029 1123 2046 carum

71 2055 146 2083 villis
162 2055 291 2082 consediis
303 2076 311 2088 ‚
327 2062 406 2089 atque
417 2055 563 2088 contextis,
581 2054 702 2081 homines
720 2054 866 2082 vestiantur
879 2057 888 2082 3
978 2057 1048 2083 Lilia
1062 2065 1123 2082 con-

72 2096 162 2118 texere
175 2091 315 2117 amarantis
335 2090 432 2117 Tibul.
446 2099 468 2122 3,
483 2100 511 2125 4,
526 2099 562 2123 33.
651 2090 717 2117 Plin.
732 2091 812 2125 Epist.
826 2099 848 2124 ς,
862 2094 879 2118 6
905 2091 958 2118 Sub
971 2092 1012 2118 his
1027 2101 1074 2127 per
1088 2092 1125 2118 la-

1142 710 1166 736 15
1191 710 1236 727 rae
1250 700 1366 727 forenses
1382 707 1407 726 et
1420 701 1571 729 Senatoriae
1587 706 1781 732 conticuerunt.

1139 1062 1169 1086 25
1192 1056 1295 1083 escendi
1309 1058 1394 1091 gratia
1407 1057 1594 1084 conticescunt.

446 1236 515 1263 Gell.
533 1243 555 1269 ς,
570 1244 598 1262 ιο
618 1236 773 1270 Protagoras
786 1241 875 1271 petere
888 1234 985 1260 institit
998 1243 1030 1260 ex
1045 1234 1123 1269 pa&o
1142 1246 1174 1270 30
1192 1235 1240 1262 ciis
1253 1235 1391 1262 interemti
1405 1235 1471 1262 sunt.

1144 1425 1172 1451 33
1194 1416 1231 1440 De
1244 1414 1329 1440 belluis
1344 1415 1429 1440 Indici
1443 1417 1529 1441 maris.

1576 121 1862 163 CON

1190 208 1288 230 CESCO
1297 224 1305 236 ,
1315 205 1405 244 &¹¹¹³
1425 206 1530 233 tici'tum
1539 227 1546 239 ,
1564 210 1617 235 ere.
1653 211 1837 248 [κατασιγᾶω]
1875 213 1981 240 Omnino
1992 217 2033 242 vel
2042 226 2095 243 cum
2107 219 2175 246 aliis.
2196 227 2235 246 ta-

1188 247 1248 278 cere.
1262 274 1267 278 ἡ
1287 241 1361 281 Vtrg,
1383 243 1446 267 Aen.
1469 250 1499 273 2,
1517 251 1524 268 ι
1552 245 1712 273 Conticuere
1733 257 1823 274 omnes
1839 259 1843 274 ε
1880 249 2028 283 intentique
2041 261 2087 277 ora
2102 254 2234 281 tenebant.

1189 275 1245 313 Cic.
1260 283 1287 314 tn
1302 276 1381 302 Catil.
1398 285 1419 308 3,
1436 285 1463 302 10
1477 287 1499 303 c.
1516 287 1526 318 ‚j
1547 280 1671 318 Recitatis
1688 283 1773 309 literis
1788 283 1939 310 debilitatus
1954 290 2030 318 atquc
2045 286 2161 314 abiecius
2175 298 2237 315 con-

1189 311 1314 352 scientia,
1335 318 1442 353 repente
1455 320 1592 340 conticuit.
1682 319 1727 344 Sil*
1744 327 1763 350 1,
1779 327 1820 351 ¹39
1854 319 2002 354 fibraeque
2025 329 2129 354 repente
2144 324 2236 350 Conti.

1189 353 1276 387 encre.
1296 356 1313 371 ι.
1330 348 1469 388 mlailstgnt'
1483 350 1523 387 nel
1534 352 1635 385 augurii
1647 352 1764 379 dedo-unt
1778 362 1834 380 rata
1848 365 1876 381 ex
1889 356 1963 391 ἅψῃ
1971 357 2023 381 lina
2036 360 2157 391 angardis,
2166 369 2236 393 quom

1190 382 1298 415 explicat
1310 382 1351 408 hic
1363 385 1395 409 D.
1413 384 1527 417 Heinsius
1543 385 1595 417 rid,
1611 393 1695 414 ΓΧΤΛ
1711 395 1790 415 muta.
1864 391 1946 417 Hiatu
1964 397 2038 417 muto
2046 393 2172 418 conticuit
2188 394 2236 419 Lu-

1190 425 1246 442 can.
1262 425 1284 448 3,
1300 425 1348 448 132.
1418 420 1508 445 Molae
1522 428 1618 446 vacuae
1632 424 1782 450 conticuere
1803 425 1883 452 Ouid.
1900 427 1963 452 lsast.
1978 430 2004 458 6,
2018 431 2074 460 348.
2146 428 2237 454 'sctri-

1190 460 1234 477 cae
1247 452 1325 478 tubae
1340 454 1491 480 conticuere
1512 455 1629 481 Martial.
1644 464 1670 489 7,
1686 466 1728 492 79.
1801 461 1855 486 Cic.
1870 462 1924 495 post
1940 462 2017 488 redit.
2031 462 2058 487 in
2073 462 2156 487 senat.
2174 466 2199 488 16
2216 474 2237 489 c.

2149 145 2232 171 1210

1176 495 1207 557 ἦ
1228 487 1323 526 saltem
1337 488 1400 528 dum
1420 491 1605 519 conticesceret
1628 491 1672 519 illa
1696 494 1848 521 lamentatio
1870 503 1895 523 et
1923 498 2036 532 gemitus
2058 496 2139 524 vrbis.
2212 499 2238 524 Si

1140 534 1169 552 10
1210 531 1250 548 ms
1264 521 1414 562 admouet-it
1426 533 1534 566 aurem,
1554 526 1726 555 conticescent
1747 530 1802 555 Sen.
1817 532 1861 565 Ep.
1878 541 1914 558 10.
1986 532 2239 567 Conticesccbatque

1190 558 1328 592 paullatim
1342 560 1469 586 tumultus
1488 562 1548 587 Liu.
1565 570 1603 594 25,
1619 570 1655 588 10.
1726 565 1795 591 Add.
1811 575 1833 598 2,
1848 576 1887 599 29.
1968 569 2045 595 Aetas
2058 568 2129 595 nulla
2143 569 2174 594 de
2188 569 2241 594 tuis

1191 593 1314 633 laudibus
1351 596 1506 623 conticescet
1531 597 1601 636 *cio
1616 606 1665 632 pro
1678 599 1796 626 Marcell.
1811 610 1827 634 9
1845 611 1866 628 c.
1881 611 1903 635 3.
1993 604 2033 630 Ad
2051 605 2122 630 casus
2136 604 2241 638 aliquos

1191 628 1300 670 met.
1317 631 1343 661 6,
1358 638 1378 661 1,
1391 639 1434 662 42.
1496 632 1561 672 .C.¹⁰·
1574 642 1624 667 pro
1637 634 1759 674 Muraen3
1773 644 1804 662 22
1833 637 1996 674 Simulatque
2012 640 2142 674 increpuit
2161 641 2241 674 suspi-

1191 674 1233 691 cio
1247 664 1375 696 tumultus
1385 685 1393 697 ,
1412 672 1480 692 artes
1495 667 1557 694 ilico
1573 669 1676 696 nostrae
1690 678 1881 699 conticuerunt.
1953 676 1993 703 Sic
2008 674 2082 701 offic.
2098 684 2122 707 2,
2136 684 2148 707 3
2169 675 2240 701 Lite-

1249 736 1254 741 ·
1409 737 1414 741 .
1606 741 1609 744 Ι
1873 710 1903 734 Et
1923 709 2006 736 Bruto
2021 719 2067 743 324
2081 720 2102 736 c.
2117 719 2153 744 94
2184 712 2242 737 Per·

1191 742 1315 763 territum
1349 744 1429 776 armis
1462 736 1512 763 hoc
1543 738 1676 774 studium,
1704 742 1801 775 Brute,
1826 743 1944 771 nostrum
1983 746 2113 773 conticuit
2151 746 2241 773 subito

1188 779 1213 799 et
1232 771 1378 799 obmutuit.

1228 814 1245 834 c
1260 813 1390 834 oNT1c
1403 812 1543 839 1N1VM,
1565 806 1583 834 i.
1604 817 1630 834 n.
1668 810 1847 847 [κατασιωπῆ]
1883 814 1970 841 Varro
1988 814 2020 841 de
2037 815 2067 841 L.
2089 815 2120 842 L.
2142 825 2170 849 5,
2186 826 2201 843 2
2216 826 2241 851 p.

1193 852 1225 877 45
1236 864 1243 876 ‚
1264 852 1298 883 12.
1323 842 1480 877 Intempesta
1510 852 1563 870 nox
1600 859 1645 863 —
1682 847 1851 875 Concubium
1887 864 1932 870 —-
1970 851 2110 877 Silentium
2143 852 2240 879 mens.

1194 879 1274 913 Qtod
1291 879 1362 905 idem
1376 880 1480 906 Plautus
1493 885 1596 913 tempus
1609 880 1802 909 Conticinium.
1852 885 1950 912 Scribit
1965 887 2053 919 enim,
2074 887 2242 921 Videbimus,

1190 914 1292 941 sachun
1306 915 1379 941 volo.
1417 916 1444 955 Ι,
1466 914 1553 941 redito
1565 916 1722 943 conticinio.
1796 920 1826 943 Et
1840 922 1865 951 6,
1878 930 1895 954 4
1911 931 1933 955 ρ,
1950 927 1991 956 78,
2006 930 2017 955 ς
2038 922 2138 948 laudato
2152 927 2244 950 amm

1191 951 1242 976 loco
1256 950 1342 976 Plauti
1356 959 1387 976 ex
1405 951 1471 976 Altn.
1486 959 1508 989 3,
1524 959 1544 982 3,
1558 958 1589 985 95
1600 971 1608 983 ,
1629 952 1718 985 addit,
1741 953 1923 982 Conticinium
1938 963 2002 990 puto
2017 966 2031 983 a
2043 958 2242 985 conticescendo

1192 985 1309 1017 dietum,
1329 986 1382 1012 fine
1398 989 1444 1017 (vt
1457 986 1562 1020 Opilius
1577 987 1685 1019 scribit)
1698 987 1730 1014 ab
1744 997 1794 1021 eo,
1813 990 1885 1024 quod
1904 992 2087 1018 conticuerunt
2110 992 2241 1021 homines.

1194 1022 1300 1048 Nonius
1315 1030 1333 1054 1,
1347 1029 1385 1053 313
1408 1022 1592 1048 Conticinium
1602 1042 1610 1055 ,
1631 1023 1727 1050 Νοξιίε
1742 1025 1858 1058 primum
1873 1031 1992 1059 tempus,
2013 1036 2066 1061 quo
2080 1030 2170 1056 omnia
2184 1030 2243 1064 qui—

1667 1059 1736 1085 Λεία.
1751 1060 1868 1087 Macrob.
1883 1061 1934 1088 Sat.
1951 1069 1971 1093 1,
1986 1070 2007 1093 3.

1209 1128 1213 1132 ¹
1227 1100 1272 1119 co
1284 1099 1304 1117 N
1315 1100 1337 1119 'r
1347 1092 1356 1118 i
1366 1099 1408 1119 PE
1418 1100 1451 1124 x,
1471 1094 1536 1133 ἰ’ςίεζ
1553 1103 1588 1119 m.
1627 1095 1679 1129 Qii
1687 1103 1787 1132 pugnat
1801 1103 1872 1122 conto
1883 1106 1894 1126 ,>
1930 1097 1973 1122 vbi
2003 1097 2097 1123 Facere
2129 1096 2161 1130 est
2194 1100 2244 1125 00.

1192 1128 1280 1155 cidere
1294 1137 1301 1159 ;
1335 1135 1367 1154 vt
1398 1131 1425 1154 in
1459 1129 1598 1156 Conttcere
1630 1137 1654 1156 et
1683 1131 1845 1158 interficere.
1901 1132 1982 1159 Gloff.
2012 1133 2073 1158 Vet.
2105 1134 2245 1160 Contifices

1189 1163 1336 1200 παράβολοι.
1372 1164 1433 1190 Inde

1228 1205 1245 1226 c
1256 1206 1356 1233 o-NTi
1366 1206 1475 1226 1³101v
1485 1199 1568 1261 Mt’ftii
1585 1208 1612 1262 ns:
1628 1201 1754 1262 IVopisc.
1769 1202 1798 1228 in
1811 1201 1900 1229 Probo
1913 1210 1941 1235 ¹9
1963 1202 2021 1236 Qui
2035 1211 2127 1229 omnes
2145 1202 2246 1230 contiti-

1537 1245 1546 1261 ι
1567 1256 1573 1261 .
1612 1246 1626 1262 α
1638 1246 1676 1262 ma
1692 1257 1697 1263 .

1228 1278 1244 1298 C
1256 1277 1276 1297 Ο
1287 1279 1308 1298 N
1317 1278 1338 1298 T
1349 1278 1388 1298 IG
1399 1278 1420 1296 N
1431 1278 1450 1298 O
1459 1291 1467 1304 ,
1488 1274 1540 1297 arc.
1576 1238 1730 1307 [σννδωίέω]
1769 1273 1855 1309 Tigna
1866 1275 2022 1309 coniungere.
2059 1272 2125 1299 Pliu.
2134 1282 2160 1309 9,
2171 1282 2182 1306 3
2195 1273 2247 1300 Ge-

1193 1306 1284 1334 drosos
1298 1307 1346 1342 qui
1359 1307 1445 1334 Arbin
1459 1316 1564 1333 amnem
1579 1307 1713 1341 accolunt,
1729 1308 1873 1334 Alexandri
1881 1309 1973 1343 Magni
1991 1308 2103 1335 classium
2119 1309 2248 1344 praefecti

1193 1342 1347 1378 prodidere,
1355 1344 1383 1368 in
1397 1343 1522 1369 domibus
1536 1343 1608 1369 fores
1618 1344 1733 1370 maxillis
1743 1344 1892 1370 belluarum
1901 1345 1997 1376 facere,
2006 1345 2099 1371 ollibus
2109 1345 2177 1371 thta
2185 1355 2248 1372 con-

1194 1379 1308 1412 tignare,
1322 1387 1353 1405 ex
1367 1379 1464 1413 quibus
1473 1378 1555 1405 multa
1562 1379 1760 1414 quadragenum
1775 1380 1928 1406 cubitorum
1944 1380 2117 1415 longitudinis
2130 1387 2243 1416 reperta.

1573 1416 1646 1441 Caes.
1661 1416 1725 1442 Bell.
1739 1416 1822 1442 Ciuil.
1837 1424 1862 1448 2,
1877 1423 1901 1449 ις
1928 1417 1958 1442 Et
1978 1417 2110 1451 quidquid
2134 1417 2169 1443 est
2183 1425 2245 1444 con—

1194 1449 1341 1483 tignatum,
1362 1449 1479 1476 cratibus
1493 1450 1679 1478 consternitur.
1750 1451 1851 1478 Itinera
1868 1452 2044 1479 interioribus
2058 1452 2177 1487 partibus
2192 1459 2246 1480 tur-

1192 1485 1264 1512 rium
1276 1485 1429 1519 contignata
1450 1486 1518 1511 Vitr.
1535 1494 1553 1517 t,
1569 1494 1591 1518 3.

1232 1526 1549 1552 CONfriGNATlo,
1580 1521 1648 1547 onis.
1699 1521 1720 1547 f.

1195 1566 1224 1583 ac
1237 1559 1373 1593 tignorum.
1411 1557 1483 1583 Caes.
1498 1556 1561 1582 Bell.
1577 1556 1659 1583 Ciuil.
1675 1565 1699 1588 2,
1714 1565 1738 1589 9.

1758 1518 1947 1556 [συνέἇκωσις]
1987 1522 2101 1550 Textura
2141 1523 2249 1550 trabium

1779 1557 1886 1583 Vitruu.
1906 1568 1940 1592 4,
1967 1565 1984 1584 2
2023 1565 2048 1584 et
2071 1559 2146 1595 saepe
2176 1561 2249 1585 alias.

1137 1596 1174 1621 40
1196 1592 1431 1627 Contignationes‚
1451 1595 1535 1628 inquit
1552 1592 1681 1624 Budaeus,
1701 1593 1776 1629 vulgo
1790 1592 1891 1627 Estagia
1909 1593 2050 1621 dicuntur:
2085 1604 2189 1630 quarum
2205 1595 2250 1630 su·

1189 1635 1304 1665 premae,
1325 1635 1370 1654 aut
1401 1632 1475 1655 etiam
1499 1628 1657 1664 superiores,
1691 1629 1841 1655 Coenacula
1871 1629 1999 1656 dicuntur.
2032 1631 2101 1663 s-t'ym
2137 1632 2250 1657 Graecis.

1197 1665 1258 1691 Liu.
1271 1673 1309 1696 21,
1324 1665 1355 1690 62
1376 1665 1478 1691 Bouem
1501 1665 1530 1690 in
1554 1664 1661 1690 tertiam
1680 1664 1909 1698 contignationem
1932 1665 1977 1699 fita
1995 1666 2086 1700 sponte
2101 1667 2249 1699 escendiffe,

1196 1706 1276 1735 atque
1286 1699 1349 1726 inde
1370 1715 1414 1720 —
1433 1701 1484 1726 sese
1492 1699 1698 1732 deieciss'e,inter
1707 1700 1838 1736 Prodigia.
1911 1701 2074 1734 Columel.1,
2082 1705 2130 1735 6‚3
2152 1703 2249 1736 Magna

1197 1742 1222 1762 et
1235 1736 1288 1762 alta
1301 1736 1390 1762 culina
1410 1741 1540 1770 ponetur,
1562 1741 1590 1761 vt
1609 1741 1635 1762 et
1662 1736 1828 1770 contignatio
1847 1743 1934 1763 careat
1966 1737 2085 1764 incendii
2117 1730 2248 1773 periculo.

416 1768 523 1803 leian.
540 1769 569 1795 in
582 1768 599 1794 l.
619 1769 780 1803 Pomponius
797 1767 889 1794 scribit
908 1769 939 1795 D.
955 1769 987 1795 de
1001 1778 1126 1804 procura-
1143 1778 1176 1804 43
1196 1772 1332 1806 Papinian.
1349 1772 1377 1805 in
1392 1771 1409 1798 l.
1425 1771 1499 1798 binas
1514 1771 1574 1806 quis
1590 1771 1623 1798 D.
1637 1771 1670 1797 de
1683 1772 1775 1798 seruit.
1788 1771 1847 1798 vrb.
1861 1772 1951 1807 praed.
1982 1774 2061 1800 Binas
2081 1774 2156 1800 aedes
2170 1773 2249 1800 habe-

1194 1807 1238 1834 bat
1252 1816 1304 1833 vna
1318 1807 1517 1842 contignatione
1530 1806 1619 1834 tedia&

1231 1849 1276 1870 Co
1286 1850 1308 1869 N
1317 1851 1339 1870 Τ
1349 1851 1358 1869 1
1367 1849 1388 1870 G
1399 1850 1419 1868 N
1432 1851 1451 1869 v
1462 1850 1486 1869 M
1495 1863 1503 1876 ‚
1525 1843 1543 1869 i.
1565 1852 1592 1870 n.
1628 1843 1716 1870 Festus
1731 1853 1739 1874 ;
1777 1842 1959 1878 Contignum,
1975 1844 2012 1872 est
2026 1845 2148 1873 Frustum
2162 1845 2250 1872 carnis

1193 1887 1254 1905 cum
1269 1879 1368 1913 septem
1382 1879 1459 1906 costis
1472 1879 1601 1905 demtum.

1232 1920 1249 1940 c
1261 1921 1490 1948 ONTIvas,
1511 1914 1811 1942 vid.coNT1NGo.

1228 1957 1245 1977 C
1256 1958 1275 1977 Ο
1286 1959 1307 1978 Ν
1315 1958 1337 1978 Τ
1348 1948 1391 1977 i‘N
1400 1958 1417 1977 E
1427 1958 1446 1978 O
1454 1971 1462 1984 ‚
1502 1951 1573 1977 timii
1584 1971 1592 1983 ‚
1629 1956 1732 1976 tentum
1741 1969 1748 1981 ‚
1786 1954 1838 1977 Fre.
1873 1951 2000 1985 [σννέχω,
2023 1951 2118 1987 ἕπε’χω,
2138 1952 2249 1984 κατὲχω,

1194 1985 1304 2022 ἐπιχέω,
1318 1987 1437 2023 περιέχω]
1477 1988 1551 2014 Intra
1565 1988 1609 2022 sc,
1626 1988 1666 2012 vel
1686 1993 1779 2018 totum,
1799 1987 1839 2012 vel
1857 1996 1909 2012 cum
1926 1990 1975 2013 alto
1993 1988 2095 2014 Tenere.
2167 1988 2249 2014 Plaut.

1193 2023 1262 2049 Rud.
1276 2032 1300 2056 2,
1313 2025 1340 2055 6,
1354 2025 1387 2049 26
1407 2023 1478 2049 Perii
1494 2031 1499 2046 :
1535 2024 1627 2049 animo
1641 2021 1740 2048 malefit
1756 2032 1761 2047 z
1799 2023 1906 2048 contine
1920 2024 2018 2057 quaeso
2039 2029 2123 2056 caput.
2197 2024 2250 2049 Co-

1193 2064 1265 2086 ercet
1279 2065 1305 2085 et
1320 2058 1439 2085 continet
1454 2058 1566 2085 mundus
1581 2058 1673 2085 omnia
1687 2058 1734 2084 suo
1750 2058 1889 2091 complexu
1917 2058 1974 2084 Cic.
1999 2058 2030 2083 de
2051 2058 2113 2083 Nat.
2127 2057 2208 2084 Deor.
2223 2067 2249 2091 2,

1194 2099 1222 2127 58
1236 2103 1258 2120 c.
1273 2103 1315 2121 22.
1413 2094 1469 2121 Cic.
1486 2095 1561 2120 Verr.
1577 2102 1605 2126 4,
1621 2101 1662 2126 117
1683 2094 1784 2118 Eorum
1812 2099 1933 2126 portuum
1963 2093 2169 2125 coniuntffione,
2190 2102 2250 2128 pars

75 2132 117 2153 tus
133 2135 227 2160 omne,
249 2127 342 2153 vineae
357 2126 543 2161 porriguntur,
568 2134 700 2160 vitamque
714 2126 810 2152 faciem
829 2127 908 2160 longe
929 2128 1035 2162 lateque
1062 2137 1124 2153 con·
1143 2131 1172 2156 55
1193 2129 1303 2162 oppidi,
1322 2137 1389 2163 quae
1402 2130 1550 2162 appellatur
1562 2128 1665 2159 Insula,
1685 2127 1754 2152 mari
1767 2126 1899 2153 disiuncta
1913 2129 2022 2163 angusto
2042 2135 2121 2164 ponte
2143 2130 2249 2156 rursum

74 2168 176 2189 texunt.
249 2163 360 2189 Amores
374 2168 514 2188 contexere
529 2161 646 2188 laudatur
658 2161 743 2187 Catul.
758 2162 856 2195 Argon.
870 2163 889 2186 s.
902 2165 945 2193 62,
961 2170 1018 2195 372.
1075 2161 1124 2187 Sed

75 2207 171 2229 omnes,
185 2204 264 2232 puto,
283 2199 373 2231 Quare
385 2198 470 2231 agite,
491 2202 596 2230 optatos
611 2196 695 2222 animi
710 2196 866 2231 coniungite
885 2205 997 2222 amores.
1072 2198 1124 2223 Va-

73 2232 121 2259 ler.
136 2233 234 2266 Argon.
249 2241 273 2264 2,
288 2237 331 2262 108
350 2233 450 2266 Puppes
463 2232 538 2258 tenui
551 2237 691 2257 contexere
705 2240 795 2258 canna.
867 2232 924 2258 Cic.
945 2232 977 2258 de
992 2231 1086 2266 Legib.
1102 2241 1123 2265 1,

71 2275 138 2300 9c.3
159 2267 255 2302 Neque
272 2273 325 2294 tam
348 2267 425 2294 facile
449 2267 596 2303 interrupta
616 2273 747 2299 contexo,
768 2275 848 2302 quam
866 2267 978 2294 absoluo
993 2268 1121 2295 instituta.

71 2302 128 2330 Cic.
142 2303 215 2329 Fam.
228 2310 251 2336 ς,
264 2311 292 2330 12
313 2304 401 2330 Deeffe
415 2303 484 2329 mihi
497 2302 590 2335 nolui,
611 2302 677 2337 quin
691 2308 716 2328 te
729 2302 900 2329 admonerem
909 2323 917 2336 ,
938 2310 966 2330 vt
978 2305 1120 2338 cogitares,
1144 2305 1180 2328 60
1193 2314 1219 2330 n.
1231 2313 1255 2336 3.

72 2338 248 2364 coniunStene
267 2339 358 2365 malles
378 2347 438 2365 cum
458 2338 570 2373 reliquis
582 2338 661 2364 rebus
675 2338 763 2365 nostra
776 2344 933 2372 contexere,
952 2348 985 2366 an
999 2346 1029 2366 vt
1043 2340 1122 2366 multi

73 2374 169 2400 Gracci
183 2374 317 2406 fecerunt,
335 2381 380 2400 etc.
450 2374 507 2400 Cic.
522 2383 571 2408 pro
583 2373 655 2401 Cael.
671 2379 697 2404 18
710 2383 731 2400 c.
747 2379 760 2404 8
781 2375 815 2400 At
828 2374 935 2409 longius
949 2374 1057 2409 quidem
1071 2372 1122 2398 mi-

73 2408 103 2436 hi
118 2409 167 2436 hoc
179 2418 285 2436 carmen
298 2409 390 2436 liceret
404 2417 551 2436 contexere.
641 2409 697 2435 Cic.
711 2418 761 2444 pro
773 2410 863 2437 Deiot.
878 2419 906 2442 19
921 2419 942 2435 c.
956 2411 972 2434 6
995 2409 1030 2434 At
1043 2417 1123 2443 quam

72 2445 167 2473 festiue
181 2445 280 2472 crimen
293 2445 451 2472 contexitur.
472 2452 502 2472 vt
515 2444 648 2479 Confitere,
668 2452 817 2480 componere.

73 2504 77 2506 .
109 2487 127 2509 c
137 2487 156 2507 o
168 2488 244 2508 NTE
253 2488 365 2514 xENs,
386 2481 460 2507 entis.
496 2480 605 2516 Duplici
635 2480 732 2507 ordine
759 2487 841 2505 naues
860 2483 1001 2506 contexens
1020 2479 1126 2507 Victor.
1149 2479 1180 2511 63
1193 2482 1278 2509 Canes
1292 2482 1389 2508 catenis
1405 2491 1452 2516 per
1465 2482 1537 2509 diem
1556 2482 1688 2512 Columel.
1701 2490 1727 2518 7,
1743 2490 1778 2509 ¹2.

71 2517 245 2579 EPffocNsss'E
255 2559 273 2579 x
282 2557 304 2577 T
314 2559 335 2578 v
343 2559 355 2578 s
364 2571 373 2584 ,
404 2560 418 2577 a
427 2570 435 2583 ,
465 2559 519 2577 um.
552 2549 646 2577 Partic.
683 2547 868 2583 [συνύφαντος]
910 2550 945 2576 Vt
952 2569 960 2582 ,
980 2550 1126 2578 Contextus

72 2587 175 2616 vimine
188 2588 274 2614 saccus
294 2588 352 2613 Col.
366 2595 392 2619 9,
405 2593 441 2619 ις,
455 2594 491 2612 12.
564 2586 682 2620 Argento
696 2591 722 2611 et
735 2593 802 2612 auro
818 2591 955 2612 contextus
968 2586 1028 2619 vir,
1053 2590 1071 2613 i.
1086 2596 1125 2613 ve-

65 2622 108 2659 ste
124 2623 226 2650 indutus
245 2632 305 2648 auro
325 2628 348 2648 et
360 2628 465 2657 argento
479 2627 595 2647 contexta
621 2620 719 2647 Tibul.
736 2630 755 2652 1,
770 2630 796 2653 2,
811 2628 849 2656 71.
921 2621 991 2656 Nep.
1004 2629 1045 2655 23,
1060 2625 1096 2654 16,
1111 2631 1125 2649 2

51 2658 57 2662 '
71 2658 218 2687 Volumina
225 2657 397 2692 epistolarum
405 2658 530 2683 Ciceronis
565 2672 612 2677 —
644 2657 676 2683 ad
686 2657 804 2683 Atticum
840 2672 885 2677 ——
911 2666 979 2692 quae
990 2658 1124 2693 quilegat,
1144 2663 1180 2692 70
1193 2668 1284 2689 “onas
1297 2661 1316 2688 fi
1330 2661 1371 2688 sui
1386 2662 1453 2688 iuris
1467 2662 1565 2689 finibus
1583 2663 1732 2689 contineret
1744 2662 1832 2697 pudor
1852 2663 1913 2690 Liu,
1925 2672 1969 2698 34,
1983 2673 2005 2691 2,

72 2690 126 2723 non
138 2694 251 2721 multum
265 2693 391 2720 desideret
405 2692 544 2720 historiam
557 2698 707 2720 contextam
721 2693 831 2720 illorum
845 2698 1006 2728 temporum.
1059 2695 1125 2721 Ora-

72 2731 113 2758 tio
153 2729 264 2764 Quinet.
292 2737 324 2762 9,
352 2738 386 2763 4,
421 2737 459 2762 19.
566 2729 711 2756 Contextus
750 2737 834 2764 equus
871 2729 993 2757 trabibus
1024 2731 1125 2758 acernis

72 2767 149 2801 Virg.
164 2767 229 2792 Aen.
247 2773 270 2797 2,
284 2773 331 2792 112.

109 2809 187 2829 eon
198 2807 369 2832 ‘rrxTvs‚
391 2798 431 2826 fis.
453 2808 489 2826 m.
525 2799 701 2836 [συνύφανσις]
739 2801 795 2827 Cic.
817 2800 849 2827 de
870 2800 958 2828 Finib.
978 2809 1001 2835 ς,
1022 2810 1053 2835 32
1067 2812 1088 2829 c.
1103 2811 1125 2829 11

71 2837 272 2872 Pennarumque
286 2841 411 2863 contextu
427 2836 535 2870 corpori
550 2843 699 2870 tegumenta
715 2836 838 2863 faciebat.
875 2839 912 2864 Ex
924 2838 1015 2864 Accio.

74 2872 126 2900 lad.
155 2872 216 2900 Οᾶὶ.
234 2881 263 2905 19
283 2873 429 2900 -Contextu
450 2871 555 2899 rariore
573 2872 692 2899 fiscellae.
770 2872 911 2900 Fac'iorum
931 2873 1122 2910 &dierumque

75 2914 214 2935 contextus
239 2907 370 2942 Qine'til.
383 2916 406 2940 3,
421 2915 448 2942 7,
463 2915 496 2940 ις.
546 2908 626 2934 Lenis
639 2915 665 2935 et
678 2909 760 2934 fluens
779 2908 853 2935 Idem
869 2918 895 2942 9,
909 2918 1004 2944 4,127.
1078 2911 1123 2937 Li-

71 2950 189 2972 terarum
203 2945 312 2971 nomina
327 2950 353 2970 et
366 2949 504 2970 contextus
523 2944 633 2978 Qiinet.
649 2954 669 2977 1,
683 2953 703 2976 1,
717 2953 760 2977 24.
832 2945 927 2980 Operis
941 2946 998 2972 Val.
1011 2947 1081 2973 Max.
1099 2955 1122 2980 ς,

73 2989 102 3014 4,
115 2988 142 3016 7.
213 2980 286 3016 Cous.
301 2981 405 3007 Petron.
420 2989 442 3006 e.
456 2988 499 3006 20.
570 2980 715 3007 Contextus
729 2980 915 3015 querelarum,
935 2987 961 3008 et
974 2982 1121 3009 Contextus

74 3024 164 3043 rerum
177 3016 326 3051 asperarum
345 3016 434 3042 Valer.
446 3015 517 3042 Max.
531 3022 559 3050 7,
573 3024 602 3043 2.>
613 3016 656 3043 vbi
670 3016 698 3042 de
711 3017 819 3043 Socrate.

72 3050 167 3078 riocha
179 3051 228 3078 lib.
241 3059 253 3084 ς
266 3051 353 3084 Odyts.
375 3050 431 3085 Q¹i
443 3056 566 3078 contextu
578 3052 642 3079 ratis
656 3059 754 3079 temere
772 3061 914 3087 properare
923 3052 1123 3088 nauigationem

75 3086 146 3116 solus
175 3087 336 3122 aggreditur.
391 3086 555 3114 Duodecima
576 3088 619 3115 die
639 3088 790 3123 tempestate
811 3095 960 3122 commota,
982 3090 1122 3118 infestante

77 3123 222 3156 Neptuno,
243 3121 360 3149 trabium
378 3131 506 3157 compago
525 3123 683 3151 dissoluitur.

75 3158 165 3186 Finib.
181 3166 204 3191 ς,
217 3163 254 3191 83.
325 3159 471 3185 Contextns
485 3164 511 3185 et
523 3160 689 3187 continuatio
702 3160 831 3187 sermonis
850 3161 980 3194 Qtinctit.
995 3167 1023 3193 8,
1038 3171 1065 3195 2,
1082 3171 1121 3196 14.

73 3199 99 3227 ε,
112 3202 135 3226 3,
148 3201 188 3228 37.
260 3193 422 3220 Contextum
434 3193 550 3229 aliquem
563 3195 702 3223 diffoluere
715 3197 819 3223 Lucret.
834 3205 860 3230 1,
875 3206 935 3232 244.

76 3237 134 3257 tum
149 3228 255 3256 dicendi
268 3230 445 3257 intermittere
456 3239 580 3258 veremur
599 3231 710 3266 Qun&
727 3240 765 3265 10,
779 3239 806 3267 7,
816 3235 854 3258 26.

75 3264 186 3299 Qtinft.
203 3274 235 3296 n,
247 3273 270 3297 3,
282 3273 322 3298 39.

77 3301 125 3329 bra
140 3300 290 3328 meditatio.

758 3125 901 3152 Contextus
914 3134 1004 3152 rernm
1020 3127 1076 3154 Cic.
1089 3127 1122 3153 de

925 3234 1123 3269 Interrumpere

393 3263 466 3292 Idem
481 3274 512 3299 u,
526 3274 552 3300 2,
565 3272 592 3298 28
613 3269 774 3295 Contextum
787 3268 933 3295 verborum
943 3270 1123 3297 continetcre·

381 3302 411 3328 In
425 3301 560 3329 Contextu
578 3303 688 3337 Qun&
702 3308 725 3334 8,
737 3313 766 3337 4,
782 3309 805 3334 8.
842 3312 867 3337 9,
882 3313 910 3338 4,
923 3313 961 3338 53.
1052 3307 1122 3333 Con-

655 3339 738 3366 Recto
752 3345 876 3367 contextu
896 3341 1011 3368 scribere
1031 3342 1122 3369 literas

76 3372 187 3407 Qun&
204 3381 224 3405 1,
237 3381 257 3404 ι,
271 3379 310 3405 23.
383 3373 476 3407 Nempe
481 3372 521 3407 fic
537 3374 577 3406 A,
593 3374 612 3401 B
621 3395 630 3407 ,
649 3376 670 3401 C
684 3382 731 3401 etc.

77 3408 147 3442 lam,
165 3409 194 3435 in
207 3408 259 3434 fine
273 3408 304 3434 D.
319 3406 352 3434 de
364 3407 538 3442 testamentis,
557 3410 620 3437 Vno
631 3417 756 3437 contextu
768 3411 881 3438 actionis
899 3412 990 3440 testari
1010 3420 1124 3449 oportet,

74 3447 103 3471 in
116 3444 192 3472 ullum
205 3445 310 3470 alienum
323 3441 406 3469 abtum
419 3442 560 3476 testamento
572 3447 746 3482 intermiscere.

114 3486 132 3508 c
140 3486 159 3507 ο
168 3487 190 3507 N
199 3487 220 3507 T
230 3487 245 3507 E
255 3488 272 3507 x
282 3486 304 3506 T
314 3487 322 3506 1
333 3484 353 3505 ο
363 3499 373 3512 ,
392 3479 461 3506 onis.
478 3480 498 3506 f.
535 3480 600 3507 Idem
612 3483 678 3517 quod
690 3483 844 3510 Contextus.
879 3483 1007 3511 Boethius
1020 3484 1049 3511 in
1061 3485 1122 3511 To-

80 3515 139 3550 pica
152 3515 289 3543 Ciceronis
297 3515 447 3542 Comment.
461 3522 474 3548 ς

78 3551 223 3578 contextio.

81 3587 216 3614 Sermonis
234 3586 341 3621 August.
356 3586 388 3612 de
402 3586 494 3613 DotS'tr.
509 3585 606 3614 christ.
619 3597 642 3621 3,
653 3597 676 3621 3.

231 3622 236 3627 .
361 3623 366 3627 ψ
409 3623 415 3627 Ι
747 3590 866 3617 Macrob.
879 3591 908 3617 in
921 3591 1010 3618 Somn.
1024 3592 1091 3627 Scip.
1101 3601 1122 3625 ι,

80 3631 97 3650 2.
115 3623 258 3649 Contextio
269 3628 438 3650 narrationis.

81 3702 163 3729 vsque
177 3693 209 3720 ad
223 3692 377 3727 monadem,
397 3702 444 3721 etc.
515 3693 583 3721 Add.
603 3694 640 3721 ib.
654 3703 675 3720 c.
690 3696 715 3721 6.

118 3735 135 3755 c
143 3736 163 3756 o
172 3735 223 3756 NT
233 3735 249 3755 ιῑ
258 3737 276 3755 x
288 3734 309 3755 Τ
320 3736 347 3756 Β.
369 3730 438 3757 Adu.
475 3730 694 3764 [σννυφασμένως]
737 3730 771 3756 Vt
780 3749 787 3761 ‚
807 3730 904 3758 Omnia
924 3733 1037 3760 naturali
1049 3733 1124 3761 colli·
1134 3738 1180 3758 100
1191 3736 1285 3765 Phaed.
1301 3745 1326 3769 2,
1337 3744 1356 3767 1,
1365 3743 1383 3762 1.
1405 3745 1427 3762 c.
1443 3741 1494 3761 not.
1504 3735 1634 3770 Scbffri.

642 3802 647 3806 .
879 3803 884 3807 ,
901 3803 906 3807 ,
1121 3767 1134 3782 ⁸
1148 3773 1158 3801 ,⁷
1191 3774 1258 3801 Eun.
1271 3780 1294 3805 ς,
1308 3780 1330 3804 2,
1343 3779 1378 3797 20
1405 3771 1457 3798 Vix
1478 3780 1521 3798 me
1539 3773 1680 3805 contineo,
1696 3773 1762 3807 quin
1781 3770 1898 3797 inuolem
1912 3769 1940 3794 in
1954 3768 2086 3802 capillum.

611 3802 676 3828 Pltn.
692 3811 727 3831 ιο,
748 3810 774 3834 33
794 3801 887 3828 Turdi
900 3811 927 3828 in
941 3803 1124 3832 cacuminibus

81 3764 188 3800 gatione
199 3764 318 3791 conserte
327 3772 500 3801 contexteque
514 3766 580 3793 fiunt
600 3767 656 3793 Cic.
670 3766 702 3793 de
717 3767 782 3792 Fato
794 3774 817 3798 31
831 3776 852 3793 c.
867 3775 906 3799 14.

115 3807 133 3828 c
144 3805 370 3828 οΝΤΒΧΤιΜ.
394 3802 475 3829 Aliud
490 3803 556 3828 Adu.

81 3834 210 3862 {thorum
222 3834 280 3862 luto
293 3832 466 3871 nidificantes,
473 3847 554 3873 paene
568 3838 712 3865 contextim
725 3838 752 3864 in
765 3838 856 3864 secessu
871 3846 1004 3872 generant.

81 3871 219 3907 Augustin.
231 3871 276 3907 Ep.
290 3880 329 3898 112
341 3881 363 3898 c.
380 3879 414 3905 ις.

1052 3840 1123 3868 Add.

121 3910 141 3933 Ω
149 3913 169 3934 0
177 3913 230 3934 NT
239 3905 250 3933 i'
259 3913 278 3935 c
288 3914 306 3934 Β
317 3913 336 3934 0
346 3927 357 3940 ,
381 3910 510 3944 antiquum
521 3908 596 3946 forte
604 3929 612 3942 ,
627 3916 686 3945 pro,
697 3918 743 3946 quo
765 3908 851 3935 ‹is-inde
873 3910 982 3936 inuoluit
1013 3916 1125 3940 CONTI-
1134 3923 1178 3949 105
1192 3916 1269 3944 Verr.
1281 3922 1304 3948 5,
1317 3921 1357 3948 73.

187 3948 276 3971 vol..
303 3944 324 3971 I.

892 3018 1024 3045 Ausonius
1039 3018 1066 3044 in
1078 3020 1122 3045 Pe·
1137 3017 1170 3043 80

1007 3199 1123 3225 Contex-
1138 3196 1168 3225 8⁵

1176 3237 1327 3264 continere
1341 3236 1507 3264 Iracundiam
1518 3241 1591 3262 tuam
1599 3255 1608 3269 ,
1627 3242 1673 3262 etc.

802 3375 862 3410 le.
881 3376 939 3403 inl.
966 3376 1056 3404 hered.
1079 3388 1123 3413 pa·
1143 3384 1178 3408 90
1189 3380 1286 3408 Manus
1298 3381 1331 3407 ab
1344 3380 1437 3414 aliquo
1450 3378 1532 3406 Ouid.
1545 3378 1624 3414 Epist.
1639 3386 1671 3410 ιι,
1686 3383 1726 3408 80.

495 3515 571 3549 Quae
585 3525 677 3544 eorum
692 3525 785 3545 natura
799 3518 839 3551 sit,
860 3520 1125 3555 propositionumque

295 3551 394 3577 Rursus
412 3549 500 3585 paullo
516 3551 572 3585 post
584 3552 691 3582 initium
703 3553 751 3581 lib.
765 3563 781 3581 2
799 3554 838 3580 De
852 3554 1009 3582 differentiis
1022 3556 1122 3591 Topic.
1138 3559 1171 3586 93
1191 3559 1292 3594 potest,
1312 3568 1358 3594 quo
1371 3560 1452 3584 minus
1465 3565 1492 3583 ea
1503 3559 1531 3583 in
1539 3557 1668 3593 publicum
1685 3564 1805 3593 erumpat.

140 3658 144 3662 ι
510 3621 579 3650 Ibid.
592 3631 606 3656 ς
612 3623 760 3660 fiibfinem,
792 3626 884 3659 Quum
903 3634 967 3661 ergo
979 3634 1005 3654 et
1018 3634 1124 3654 contex-

80 3658 121 3699 tio
138 3657 233 3693 ipsius,
250 3659 307 3692 pari
333 3659 491 3694 aequalitate
513 3659 654 3694 procedat,
675 3665 701 3685 et
720 3659 849 3687 resolutio
869 3663 1016 3697 aequaliter
1033 3663 1124 3691 redeat

1191 2163 1349 2198 adiungitur
1361 2169 1387 2188 et
1400 2164 1563 2189 continetur.
1680 2162 1736 2189 Cic.
1754 2162 1807 2188 Off.
1823 2171 1846 2194 2,
1860 2162 1894 2195 84
1913 2172 1934 2189 c.
1949 2173 1984 2197 24
2026 2166 2083 2191 Nec
2104 2165 2175 2191 enim
2196 2165 2249 2191 vlla

1192 2208 1234 2225 res
1254 2198 1439 2226 vehementius
1459 2197 1661 2233 Rempublicam
1680 2197 1816 2229 continet,
1835 2205 1914 2232 quam
1945 2198 2017 2224 fides.
2114 2201 2247 2228 Homines

1193 2235 1286 2267 venis,
1306 2240 1332 2260 et
1363 2234 1470 2264 neruis,
1489 2239 1515 2260 et
1546 2232 1641 2258 ollibus
1675 2232 1846 2259 continentur
1880 2233 1935 2259 Cic.
1950 2233 1983 2260 de
1997 2235 2059 2261 Nat.
2073 2235 2152 2262 Deor.
2168 2245 2195 2269 2,
2209 2244 2248 2270 59.

1193 2270 1299 2301 Physica
1313 2269 1402 2296 nostra
1415 2269 1588 2294 continentur
1602 2266 1743 2293 effectione
1754 2273 1780 2294 et
1795 2269 1906 2294 materia
1926 2269 1965 2296 Id.
1980 2270 2059 2297 Acad.
2083 2280 2091 2297 1
2112 2281 2132 2297 c.
2149 2280 2172 2298 2.
2195 2272 2252 2298 uid.

1364 2304 1413 2330 Pro
1429 2304 1556 2330 Detinere
1577 2303 1698 2330 Scribon.
1710 2312 1761 2335 ¹30·
1869 2305 1924 2331 Ore
1937 2311 1963 2332 et
1977 2306 2097 2333 faucibus
2111 2308 2249 2335 continere

1192 2341 1236 2365 66.
1354 2339 1397 2366 Sic
1429 2339 1523 2366 Succus
1556 2339 1724 2365 contineatur
1756 2348 1796 2365 ore
1826 2340 1917 2374 paullo
1954 2341 2053 2368 diutius
2090 2350 2116 2375 55
2150 2350 2174 2369 et
2207 2351 2248 2379 57.

1194 2372 1215 2410 q
1235 2382 1251 2400 2
1265 2373 1412 2401 Continere
1420 2382 1469 2410 pro
1478 2375 1601 2402 Cohibere.
1639 2375 1775 2402 Traianus
1788 2375 1875 2401 Plinio
1889 2376 1967 2411 Epist.
1983 2386 2021 2410 10,
2036 2387 2066 2404 ρο
2087 2378 2168 2405 Nihil
2181 2388 2248 2414 opus

1193 2410 1243 2442 fit,
1262 2410 1301 2436 mi
1314 2410 1430 2438 Secunde
1444 2411 1586 2443 cariffimc,
1603 2409 1635 2437 ad
1649 2410 1822 2437 continendas
1833 2411 1962 2439 custodias
1978 2414 2066 2448 plnres
2084 2415 2249 2442 commilito-

1192 2455 1239 2472 nes
1253 2446 1384 2473 conuerti.
1500 2447 1605 2474 Belluas
1626 2446 1755 2473 immanes
1776 2447 1854 2482 septis
1899 2449 1956 2475 Cic.
1977 2448 2090 2485 Philipp.
2108 2458 2168 2485 13,5
2188 2461 2210 2478 c.
2225 2460 2247 2484 3.

1884 2484 1956 2511 Caes.
1969 2485 2034 2512 Bell.
2050 2486 2118 2512 Gall.
2134 2495 2156 2519 ς,
2173 2495 2183 2519 3
2205 2487 2247 2514 Ad

1195 2519 1336 2545 Caesarem
1348 2518 1443 2545 venire
1457 2519 1583 2550 noluisse,
1602 2527 1658 2554 quo
1671 2519 1775 2545 facilius
1790 2518 1927 2546 ciuitatem
1946 2521 1974 2547 in
1986 2521 2077 2548 officio
2089 2523 2246 2550 contineret.

1194 2553 1322 2581 claustris
1335 2554 1453 2589 aliquem
1481 2554 1574 2582 Claud.
1591 2554 1623 2581 de
1638 2560 1725 2590 quart.
1734 2555 1812 2581 Cons.
1821 2556 1892 2582 Hon.
1906 2565 1960 2589 230.
2056 2559 2143 2593 Equos
2163 2559 2247 2586 frenis

1193 2590 1252 2617 Sen.
1265 2590 1376 2625 Hippol.
1385 2597 1451 2623 1055.
1523 2591 1676 2617 Exercitum
1689 2591 1732 2617 vel
1746 2591 1895 2625 equitatum
1909 2592 1998 2619 castris
2017 2593 2090 2620 Caes.
2098 2593 2162 2620 Bell.
2177 2593 2246 2622 Gall.

1194 2635 1218 2659 2,
1231 2634 1272 2659 39.
1346 2626 1458 2652 Finibus
1473 2635 1563 2653 rerum
1577 2626 1683 2653 suarum
1697 2627 1723 2653 se
1737 2626 1876 2654 continere
1900 2629 1956 2655 Cic.
1969 2628 2022 2655 Off.
2038 2637 2064 2662 ι,
2076 2638 2119 2663 92.
2190 2632 2246 2657 Ma-

2075 2666 2100 2692 0
2138 2666 2179 2692 ida
2191 2675 2246 2693 me-

1194 2703 1224 2724 tu
1237 2698 1321 2732 magis
1335 2705 1415 2733 quam
1429 2697 1481 2724 fide
1493 2697 1698 2726 continebantur
1715 2699 1776 2725 Liu.
1789 2707 1830 2732 30,
1843 2706 1887 2726 20.
1978 2700 2016 2726 Id.
2031 2708 2076 2735 27,
2098 2674 2135 2732 gp
2143 2701 2244 2728 Consul

1192 2733 1303 2760 interim
1316 2733 1421 2760 silentio
1434 2735 1587 2761 continebat
1599 2735 1668 2761 suos.
1761 2735 1842 2770 Qum
1855 2736 1904 2761 late
1911 2742 2016 2770 pateat,
2035 2737 2159 2769 ostendent
2187 2737 2245 2763 Sub-

1185 2767 1305 2803 stantiua
1318 2771 1459 2796 elementari
1473 2771 1558 2797 ordine
1568 2770 1671 2807 polita:
1707 2770 1807 2797 Aluum
1825 2771 1891 2797 Plin.
1909 2779 1949 2803 14,
1960 2772 1984 2797 6.
2004 2770 2029 2798 h.
2043 2780 2063 2797 e.
2077 2771 2244 2808 Adsiringere

1193 2812 1217 2832 et
1229 2808 1388 2841 comprimere
1404 2807 1493 2833 aluum.
1610 2806 1666 2834 Cic.
1681 2805 1713 2833 de
1727 2807 1801 2833 Orat.
1816 2814 1835 2838 1,
1853 2808 1893 2832 161
1919 2806 2022 2833 Deinde
2038 2815 2119 2841 quum
2134 2808 2242 2842 spiritus

1067 2838 1123 2865 Pal·
1146 2841 1179 2870 75
1191 2842 1248 2868 eius
1262 2842 1321 2869 esset
1334 2841 1486 2877 angustior,
1502 2847 1604 2869 tantum
1617 2842 1777 2869 continenda
1790 2842 1885 2869 Anima
1897 2841 1925 2867 in
1939 2842 2052 2868 dicendo
2071 2842 2107 2868 est
2125 2844 2243 2878 assequu-

1191 2885 1249 2911 tus,
1268 2883 1314 2910 vt,
1329 2884 1376 2904 etc.
1413 2878 1598 2913 Appetitiones
1611 2879 1696 2905 animi
1713 2887 1804 2912 regere
1817 2886 1845 2903 ac
1861 2877 1998 2904 continere
2020 2878 2073 2904 Cic.
2087 2878 2170 2905 Tust.
2188 2889 2205 2913 4
2219 2889 2242 2906 c.

1191 2923 1218 2947 9.
1292 2913 1362 2940 Ter.
1379 2913 1444 2946 Eun.
1461 2923 1481 2947 ι,
1494 2922 1520 2946 2,
1536 2923 1562 2947 23
1583 2916 1661 2949 Qae
1673 2923 1737 2941 vera
1751 2913 1867 2945 Audiui,
1887 2919 1975 2946 taceo,
1996 2919 2021 2939 et
2033 2914 2158 2940 contineo
2172 2915 2242 2950 opti-

1191 2958 1243 2976 me.
1317 2949 1417 2976 Cibum
1443 2951 1462 2977 s.
1489 2950 1563 2977 cibos
1586 2950 1706 2977 Scribon.
1720 2957 1777 2983 104.
1848 2949 1951 2983 Corpus
1966 2950 2102 2984 profluuio
2118 2950 2242 2978 laborans

1191 2985 1258 3013 Cels.
1274 2994 1283 3012 1
1293 2985 1415 3012 Prooem.
1488 2986 1544 3014 Cic.
1553 2986 1584 3013 de
1591 2987 1665 3013 Orat.
1673 2993 1699 3017 2,
1708 2993 1758 3011 222
1782 2984 1854 3011 Nam
1867 2993 1896 3011 ea
1911 2984 1989 3011 Dicta
2001 2984 2164 3020 appellantur
2178 2995 2241 3022 pro.

1191 3021 1253 3057 prio
1268 3021 1322 3048 iam
1335 3022 1452 3049 nomine.
1543 3021 1591 3049 Sed
1611 3027 1640 3048 vt
1662 3020 1691 3046 in
1704 3019 1855 3047 Scaeuolam
1867 3020 1999 3047 continuit
2013 3030 2043 3047 ea
2056 3023 2156 3048 Lrass'n,
2166 3043 2174 3055 ,
2193 3029 2240 3050 etc.

1191 3058 1247 3085 Cic.
1262 3057 1295 3084 de
1307 3056 1371 3084 Nat.
1387 3058 1534 3091 Deor.3,91
1555 3057 1577 3084 A
1591 3056 1642 3083 deo
1657 3056 1800 3082 immissum
1815 3055 1962 3089 Dolorem,
1983 3065 2038 3084 non
2051 3064 2207 3092 conceptum
2224 3067 2240 3086 a

1190 3094 1280 3128 seipso
1288 3093 1451 3121 continebat.
1521 3092 1650 3120 Dolorem
1663 3092 1773 3118 tacitum
1794 3092 1854 3118 Liu.
1870 3100 1917 3125 40,
1953 3111 1960 3118 .
1998 3111 2005 3119 .
2040 3093 2239 3129 i.D1ffimulare.

1190 3130 1283 3156 Contra
1296 3129 1356 3156 Liu.
1371 3139 1413 3162 30,
1428 3138 1456 3165 17
1473 3129 1601 3156 Tacitum
1617 3130 1753 3155 continere
1760 3127 1893 3154 Gaudium
1906 3136 1960 3154 non
1973 3134 2085 3162 poterat.
2174 3131 2241 3158 Gra.

1190 3165 1270 3198 dum,
1289 3169 1308 3192 i.
1318 3164 1445 3200 Subfistere
1465 3165 1538 3199 Virg.
1555 3165 1619 3191 Aen.
1632 3172 1654 3197 3,
1668 3169 1722 3197 598.
1791 3165 1924 3198 Impetum
1936 3164 2053 3191 militum
2079 3165 2139 3192 Liu.
2155 3172 2184 3201 7,
2198 3174 2239 3201 37.

1190 3201 1247 3229 Cic.
1261 3202 1334 3228 Fam.
1348 3210 1382 3234 11,
1396 3210 1408 3234 3
1447 3202 1477 3228 Et
1496 3206 1521 3226 te
1542 3201 1687 3233 miramur,
1703 3207 1785 3234 quum
1805 3198 1868 3226 haec
1887 3200 2042 3233 reticueris,
2061 3210 2116 3227 non
2128 3203 2239 3236 potuifl'e

1744 3234 1825 3261 Plaut.
1839 3235 1917 3262 Most.
1932 3244 1953 3268 3,
1967 3245 1992 3266 2,
2006 3244 2047 3269 135
2062 3236 2119 3272 Vix
2132 3237 2239 3264 videtur

1190 3274 1327 3300 continere
1340 3273 1480 3300 Lacrimas.
1553 3272 1610 3298 Cic.
1620 3270 1792 3305 Qum-Frat-
1807 3278 1827 3303 1,
1841 3279 1862 3303 1,
1876 3280 1892 3304 9
1918 3272 2064 3307 Qumque
2077 3282 2107 3299 ea
2122 3273 2237 3299 maxime

1189 3309 1308 3336 animum
1323 3313 1446 3341 moueat,
1463 3314 1551 3334 tamen
1565 3307 1617 3333 tibi
1629 3307 1677 3333 ess'e
1691 3305 1884 3340 diligentissime
1898 3307 2026 3342 Linguam
2041 3307 2245 3339 continendam.

1190 3345 1259 3372 Ter.
1274 3344 1384 3380 Adelph.
1403 3354 1430 3378 4,
1447 3352 1474 3376 2,
1494 3344 1528 3369 26
1552 3343 1610 3369 Nae
1629 3342 1675 3369 ille
1695 3342 1843 3369 continebit
1862 3343 1985 3378 posthac,
2005 3344 2022 3371 fi
2039 3345 2120 3379 sapiet
2132 3345 2235 3369 Manus.

1782 3378 1840 3405 Cic.
1854 3379 1881 3406 in
1895 3379 1975 3406 Catil.
1990 3389 2017 3407 21
2043 3381 2165 3412 Qiorum
2185 3386 2234 3412 ego

1189 3416 1236 3443 vix
1248 3416 1295 3443 abs
1311 3422 1336 3443 te
1350 3414 1450 3442 iamdiu
1464 3415 1556 3441 Manus
1574 3423 1603 3441 ac
1615 3413 1666 3440 tela
1679 3413 1813 3441 contineo.
1885 3415 1987 3443 Odium
2001 3416 2029 3441 in
2041 3422 2157 3449 auquem
2173 3422 2235 3440 con.

1191 3458 1296 3487 ceptum
1309 3451 1410 3478 iamdiu
1428 3449 1501 3476 Idem
1515 3450 1572 3485 post
1583 3449 1662 3477 redit.
1681 3448 1713 3476 ad
1727 3450 1806 3483 Qir.
1822 3459 1841 3477 ι.
1912 3452 1944 3478 Et
1959 3451 1992 3478 de
2005 3451 2092 3478 Finib.
2109 3457 2144 3482 4,
2180 3467 2187 3475 .
2225 3468 2232 3475 .

1191 3488 1284 3516 Risum
1296 3487 1416 3517 contine,
1436 3485 1454 3512 si
1467 3491 1549 3520 potes.
1611 3486 1746 3520 Vaporem
1765 3485 1848 3513 Scrib.
1864 3494 1918 3520 142.
1978 3486 2032 3513 Cic.
2047 3487 2074 3511 in
2089 3482 2167 3511 Catil.
2182 3492 2202 3516 ι,
2216 3485 2233 3511 6

1191 3523 1250 3551 Nec
1271 3523 1374 3558 priuata
1400 3521 1494 3548 domus
1515 3519 1661 3556 parietibus
1685 3521 1821 3549 continere
1840 3523 1939 3550 Vocem
1959 3519 2151 3548 coniurationis
2173 3525 2234 3546 tuae

1876 3558 1942 3585 Plin.
1958 3565 1995 3589 14,
2007 3564 2040 3582 22
2059 3556 2113 3582 Alii
2134 3555 2233 3581 reditu-

1190 3603 1233 3622 ras
1253 3603 1300 3630 per
1322 3593 1443 3628 iugulum
1464 3593 1550 3619 Voces
1571 3601 1624 3619 non
1641 3593 1788 3620 continent.
1829 3595 1868 3621 De
1887 3594 2032 3620 temulentis.
2103 3590 2233 3617 Nondum

1191 3630 1301 3657 iuuenes
1315 3627 1551 3656 declamationibus
1572 3629 1776 3656 continebantur
1789 3630 1856 3656 Petr.
1877 3638 1898 3655 c.
1912 3637 1933 3654 2.
2002 3627 2108 3652 Attente
2120 3626 2232 3660 discipu-

1190 3665 1231 3693 los
1253 3666 1362 3693 iuuenes
1381 3664 1517 3691 continere
1538 3664 1606 3691 Gell.
1622 3672 1668 3698 19,
1683 3675 1701 3691 1.
1772 3665 1896 3700 Aliquem
1916 3663 1944 3690 in
1963 3661 2153 3688 exercitatione
2173 3661 2231 3688 Cic.

1191 3703 1264 3729 Fam.
1280 3709 1307 3736 7,
1321 3708 1358 3733 19.
1412 3700 1480 3727 Add.
1497 3700 1585 3727 (ἔναρα.
1601 3701 1636 3727 ad
1648 3701 1705 3728 Cic.
1720 3700 1771 3728 Off.
1786 3709 1796 3727 1
1821 3709 1841 3726 c.
1857 3702 1881 3726 6.
1937 3697 2023 3724 Valet.
2037 3698 2107 3723 Max.
2123 3707 2152 3730 4,
2164 3705 2193 3729 3,
2207 3704 2231 3723 2.

1689 3738 1720 3763 In
1728 3735 1832 3762 ieiunio
1846 3735 1960 3768 aliquem
1975 3731 2041 3759 Cels.
2049 3740 2076 3767 7,
2084 3734 2127 3759 26.
2158 3732 2230 3793 Cre?

2181 3775 2210 3793 ae
2223 3786 2228 3791 .

1192 3809 1249 3836 Cic.
1263 3809 1335 3834 Fam.
1348 3811 1372 3839 8,
1385 3807 1401 3833 6
1424 3808 1516 3841 Qntm
1530 3808 1682 3842 praesertim
1697 3808 1718 3833 is
1731 3807 1775 3839 fit,
1791 3807 1837 3840 qui
1858 3805 1875 3831 fi
1896 3802 2072 3838 perniciosum
2090 3802 2166 3829 sciret
2182 3801 2228 3841 else

1191 3845 1267 3879 loqui
1279 3843 1311 3869 de
1325 3841 1372 3868 hac
1385 3840 1429 3875 re,
1449 3843 1494 3870 vix
1507 3852 1595 3870 tamen
1608 3844 1633 3870 se
1647 3843 1801 3869 contineret.
1870 3839 1940 3866 Male
1953 3839 1979 3865 se
1993 3839 2144 3870 continere,
2158 3840 2176 3863 i.
2185 3846 2228 3875 vfx

1192 3879 1274 3907 Ouid.
1293 3879 1358 3904 Met.
1377 3887 1411 3912 4,
1428 3887 1476 3912 331.
1559 3880 1704 3906 Continet-e
1723 3878 1748 3903 se
1767 3886 1781 3903 a
1797 3875 1941 3910 supplicio,
1964 3881 1988 3900 et
2011 3875 2153 3909 reprimere
2173 3871 2228 3896 Cte-

1430 3915 1575 3942 Continere
1589 3916 1615 3942 se
1628 3915 1658 3943 in
1669 3913 1758 3948 aliqua
1769 3911 1899 3945 libidine,
1916 3916 1944 3939 et
1955 3909 1985 3938 in
1997 3910 2049 3938 alia
2060 3910 2085 3936 se
2098 3905 2206 3934 effundet
2214 3913 2229 3931 e

1500 3957 1518 3987 7
1542 3951 1567 3978 0
2173 3940 2228 3968 Cic.
