2474 4182
750 80 1521 134 PRAEFATIO.

118 218 138 239 ο
149 219 169 239 Ν
184 218 206 240 A
218 216 240 240 ῦ
250 218 266 239 ε
277 217 296 238 ι
322 214 401 238 extr.
417 203 485 237 add.
547 207 569 247 q
583 211 599 232 ε’,
624 199 768 232 Machina
783 197 897 239 bellica,
921 200 979 231 alio
994 200 1106 231 nomine

72 257 198 301 Scorpio
211 268 238 288 v.
254 268 282 287 v.
304 267 332 286 n.
350 266 375 287 2.
424 249 498 285 Add-
514 250 620 294 Vegct.
637 260 656 290 4
672 275 679 288 ,
703 254 730 287 8.
752 258 780 280 et
795 259 839 280 22.

76 309 83 314 '
124 316 144 337 o
157 316 212 336 NA
224 314 245 336 G
256 316 275 336 R
287 316 310 337 A
332 316 361 338 v,
377 310 417 338 go.
440 309 469 332 et
487 306 527 334 SI.
553 298 714 330 deleantur.

122 365 165 386 οι»
177 364 200 384 Τ
212 364 231 384 0
255 365 283 386 v.
296 365 341 394 92.
373 352 491 395 Repetit
505 343 598 379 TusC.
615 359 631 380 2
654 359 678 378 c.
696 357 735 379 12.
761 345 811 378 vbi
832 359 869 379 ex
885 346 1003 379 Graecis
1015 344 1106 373 ctiam

71 403 198 444 illustrat
212 403 352 444 Dauiſsus.
401 399 464 429 Cic.
481 392 572 428 Acad.
593 406 613 437 4
627 422 635 435 ‚
662 406 705 429 121
730 407 755 427 e.
771 403 806 437 38
857 394 980 428 Somnia
1009 387 1109 421 censet

73 453 147 484 haec
162 447 219 483 esse
235 449 423 485 Democriti,
450 456 517 493 non
532 441 667 476 docentis
681 469 691 483 ‚
715 442 764 476 scd
791 444 926 489 optantis.
977 440 1107 470 Hieron.

74 498 140 532 adu.
154 499 304 543 Pelagium
323 493 360 527 ad
376 493 507 540 Ctetiph.
533 505 562 539 p.
579 495 635 536 546
691 494 764 525 Hoc
787 492 827 526 est
842 492 925 524 enim
941 489 1104 521 hominem

74 561 111 580 ex
133 549 257 580 homine
280 543 386 576 tollere
401 570 411 583 ,
444 566 490 573 ..-
519 550 548 574 et
571 551 676 588 optare
710 545 808 588 potius
823 566 832 580 ,
862 550 955 584 quam
983 534 1103 569 docere.

75 599 180 642 Nempe
194 602 295 640 optant
311 593 439 625 homines
453 589 542 637 strepa·
555 597 767 638 repugnantia,
787 586 878 631 ctfito
886 585 946 629 sthi
958 584 1105 624 arbitrio,

75 657 130 678 non
142 639 222 675 certa
236 646 349 674 ratione
368 667 375 680 ,
396 650 466 674 vota
474 640 534 684 sica
546 640 672 686 fingunt.
754 647 756 649 ’

69 718 72 721 ,
121 703 162 724 PE
174 701 268 723 asca
279 703 288 722 1
301 701 348 722 PT
360 702 379 721 ν
390 701 404 721 s
432 702 460 722 v.
477 692 521 725 36.
571 692 618 733 ἧι)
641 686 816 731 Perscriptus
842 684 880 727 est
903 685 982 716 linea
1003 693 1105 716 trans-

73 736 156 784 'veifiz
187 737 317 785 (scripto
339 738 496 784 Ύξαμμῆ)
528 738 674 771 ῒῑείοᾶιιε.
729 731 865 766 Priscian.
882 732 919 764 de
942 730 1103 765 Ponderib.

72 792 100 835 p.
125 800 193 829 1347
243 789 283 820 As
303 799 414 819 numus
435 778 475 819 eli
498 785 608 819 libralis
634 795 686 831 per
704 794 722 815 1.
743 779 938 828 perscriptam
955 809 963 821 ,
1000 788 1027 814 ξ,
1050 793 1107 813 no-

73 847 147 870 tatus
172 854 211 861 ·-
236 834 419 881 Dupondius
456 848 567 868 numus
587 830 766 877 esttbilibris
794 843 848 877 per
874 829 946 863 duas
968 837 1011 865 hb
1039 841 1107 874 per-

72 884 199 931 scriptas.
250 883 404 917 Seli-estius
418 904 464 910 ——-·
480 897 533 930 per
553 882 673 915 duasfss
697 889 726 912 et
740 881 775 919 S,
806 892 842 912 ex
859 892 916 926 qua
938 881 1043 924 incipit
1058 877 1106 922 st’·

72 939 129 967 mis
144 961 152 974 ‚
177 930 351 979 perscriptas
362 940 420 966 ΗΞΞ
430 943 483 967 cte.
530 933 566 964 Et
580 942 648 962 mox
661 955 668 967 ‚
695 930 844 961 Denarius
861 940 982 974 quoquc
998 925 1107 959 decem

71 983 217 1016 librarum
228 994 340 1014 numus
358 994 412 1028 per
427 983 452 1014 X
468 977 660 1027 perscriptam
676 983 703 1010 Χ
724 986 855 1010 notatur.
888 974 1046 1009 Decuffim
1061 979 1107 1008 in-

71 1030 197 1064 dnc‘lum
211 1041 295 1064 vocat
304 1028 416 1063 Charis.
426 1044 438 1065 ι
453 1036 526 1076 p.58-
578 1027 624 1070 Est
637 1039 674 1059 ex
690 1026 744 1071 zfic
753 1030 931 1059 Graecorum
940 1052 948 1064 ,
962 1026 1106 1072 Artstoph.

71 1086 194 1123 Νεφελ.
206 1092 270 1121 772.
280 1080 314 1112 de
320 1081 423 1116 litura,
432 1089 519 1124 quam
534 1086 581 1123 ope
592 1080 670 1109 vitri
681 1077 799 1119 caustici
805 1080 837 1108 in
845 1088 911 1108 cera
918 1073 1021 1117 efficere
1031 1076 1105 1114 vult,

69 1126 118 1165 ’ὅτι
128 1127 393 1165 πεντετάλαντος
403 1122 652 1171 διαγέγραπταί
659 1141 709 1170 μοι
725 1121 944 1166 ὃι’κη,1“ητίιιέῖιι,
953 1124 1049 1156 deleta
1058 1124 1105 1167 cst.

121 1192 136 1211 P
147 1191 164 1211 ε
175 1191 189 1211 s
203 1190 217 1210 s
230 1191 238 1209 1
250 1190 273 1210 N
285 1190 304 1209 ν
315 1190 329 1209 s
346 1203 354 1215 ‚
376 1187 431 1208 non
449 1172 471 1206 f.
479 1174 539 1218 fid
552 1186 593 1206 m.
617 1176 773 1217 masculini
790 1177 912 1218 generis·
930 1183 1030 1205 notam
1052 1172 1107 1206 ad-

64 1225 212 1274 scriptam
225 1225 327 1259 habere
342 1222 466 1256 debebat.
515 1224 553 1255 Et
574 1235 601 1255 v.
612 1235 658 1264 90.
673 1223 743 1258 add.
768 1224 832 1255 Cic.
848 1220 886 1254 de
895 1219 1000 1268 Arusp.
1017 1219 1106 1268 Resp.

1170 207 1195 226 c.
1211 207 1240 235 13
1268 190 1475 225 Pessinuntem
1489 204 1541 237 per
1556 191 1647 225 scelus
1662 205 1677 225 a
1693 202 1722 225 te
1737 190 1887 225 violatum
1901 218 1910 231 ‚
1943 200 1973 224 et
1995 189 2148 226 sacerdote
2167 192 2209 227 sa-

1171 245 1287 288 crisque
1303 239 1466 287 spoliatum
1480 253 1487 272 2
1512 249 1540 272 et
1547 244 1645 287 paullo
1660 252 1729 275 ante
1745 269 1753 282 ,
1786 243 1820 273 In
1834 238 1899 287 ipso
1914 238 2094 274 Peffinunte.

1220 300 1422 324 PHstcvs
1447 301 1474 322 v.
1490 300 1538 331 35.
1575 290 1682 334 Vegct.
1703 290 1840 323 Mulom.
1865 302 1894 329 1,
1914 301 1952 333 39
1966 315 1975 329 ‚
2005 303 2023 324 2
2046 289 2210 333 Phyficum

1172 338 1346 373 remedium
1359 338 1480 371 videtur
1496 340 1652 383 magiemn
1666 364 1675 377 ,
1693 337 1812 384 Jizepim·
1826 344 1872 372 ita
1887 341 2000 372 Graeci.
2050 338 2120 373 Vid.
2140 353 2168 373 v.
2175 353 2212 386 g.

1173 389 1318 435 Arzstoph.
1331 388 1410 421 Plut.
1428 394 1493 429 835.

1222 451 1238 470 Ρ
1248 451 1265 469 L
1275 450 1297 470 A
1307 449 1328 470 T
1339 449 1359 470 o
1371 449 1393 470 N
1404 449 1440 469 1c
1451 448 1471 468 ν
1485 448 1499 467 s
1527 448 1555 468 v.
1578 438 1619 468 62.
1668 434 1785 480 QCic.
1808 433 1844 467 de
1863 436 1949 469 Petit.
1964 433 2088 469 Consul.
2111 449 2158 476 12,
2181 449 2212 480 15

1174 484 1254 520 Illud
1277 485 1406 518 alterum
1421 512 1431 526 ,
1467 486 1522 528 (vt
1550 483 1674 517 iucunde
1701 487 1866 529 promittas
1881 510 1890 523 ,
1920 486 2000 531 quod
2021 486 2124 531 facere
2155 498 2213 518 non

1165 536 1268 584 poffi's)
1302 532 1472 567 subdurum
1493 533 1547 565 tibi
1561 560 1570 573 ,
1595 534 1717 565 homini
1735 531 1891 563 Platonico
1907 559 1915 571 ,
1940 531 2070 566 suadere.
2128 535 2215 568 Vide-

1169 595 1222 618 tur
1237 583 1361 617 laudare
1375 584 1548 626 honestatem
1562 609 1571 623 ,
1597 581 1749 627 seelstmul
1769 579 1873 613 blande
1895 581 1995 613 ridere
2011 583 2152 618 hominem
2166 588 2213 618 ni-

1170 638 1228 668 mir
1243 632 1456 680 philosophum.

1221 694 1268 715 ro
1281 694 1329 714 EN
1343 693 1362 714 ν
1377 693 1426 714 Lv
1439 693 1452 713 s
1481 693 1510 714 v.
1525 692 1573 722 52.
1620 680 1684 712 Cic.
1701 679 1785 711 Fam.
1809 689 1845 720 4,
1868 681 1904 720 56
1930 690 1954 710 c,
1968 689 2008 711 20
2030 677 2067 710 de
2082 681 2191 713 Zenone
2204 708 2214 722 ,

1171 732 1261 764 Tuus
1278 730 1329 763 ille
1338 729 1510 769 Poenulus,
1536 727 1610 772 (scis
1626 731 1711 760 enim
1721 729 1854 760 Citiaeos
1870 727 1993 759 clientes
2009 735 2076 760 tuos
2092 740 2107 759 e
2119 730 2215 761 Phoc-

1172 783 1250 814 nicia
1264 777 1442 826 profectos)
1467 780 1567 811 homo
1589 780 1681 823 igitur
1696 785 1799 809 acutus
1813 803 1822 816 ,
1852 773 1971 809 causam
1991 788 2056 808 non
2075 776 2215 809 obtinens

1171 838 1361 875 repugnante
1383 837 1489 860 natura
1500 834 1522 867 ‘‚‘
1545 827 1637 859 verba
1661 823 1776 858 versare
1805 828 1914 871 eoepit.
1979 827 2084 873 Aperte
2111 826 2218 859 alludit

1172 879 1216 911 ad
1237 880 1359 923 vafrum
1383 878 1465 910 illum
1479 876 1574 909 Plauti
1588 874 1771 907 Poenulum.
2011 882 2020 886 ‘

1222 941 1237 961 P
1246 940 1265 960 o
1275 940 1286 959 s
1295 940 1316 960 T
1325 939 1343 961 E
1355 938 1376 959 R
1386 940 1396 958 1
1407 938 1426 959 o
1436 939 1455 958 a
1469 938 1497 958 v.
1503 933 1550 966 98.
1600 924 1709 957 Eadem
1726 927 1852 962 ratione,
1867 932 1902 956 vt
1916 935 1986 956 mox
1996 933 2014 956 Ρ
2023 934 2062 955 os
2070 934 2217 955 TREMVS.

1172 978 1220 1010 Sic
1233 977 1297 1008 Cic.
1328 974 1366 1007 de
1384 976 1525 1007 Prouinc.
1540 971 1632 1006 Cons.
1649 986 1673 1005 c.
1691 984 1711 1015 4
1759 974 1807 1005 Sic
1826 970 1951 1004 fortuna
1976 984 2048 1005 cum
2070 972 2218 1016 improbi-

1171 1034 1232 1058 tate
1246 1027 1372 1069 certauit
1387 1051 1396 1064 ‚
1421 1032 1451 1055 vt
1467 1035 1562 1056 nemo
1576 1019 1674 1068 poss‘et
1689 1048 1698 1062 ,
1723 1030 1826 1054 vtrum
1841 1020 1992 1067 posterior
2010 1033 2048 1052 an
2063 1018 2219 1054 infelicior

1173 1070 1244 1107 effer
1260 1101 1268 1113 ,
1286 1068 1444 1106 iudicare.
2197 1101 2203 1105 ,

1219 1135 1235 1155 P
1247 1134 1267 1156 R
1282 1134 1302 1155 o
1318 1133 1332 1155 s
1348 1134 1370 1154 T
1381 1134 1401 1154 ο
1423 1134 1451 1154 v.
1459 1133 1504 1163 51·
1538 1121 1603 1152 Cic.
1632 1131 1690 1165 pro
1707 1119 1812 1163 Qiint.
1831 1131 1856 1150 c.
1872 1130 1901 1160 31
1950 1116 2118 1150 Funestam
2144 1116 2185 1150 est
2201 1130 2219 1150 a

1170 1169 1246 1204 forti
1271 1180 1361 1218 atque
1382 1169 1513 1203 honesto
1534 1172 1600 1201 viro
1618 1167 1750 1215 iugulari
1767 1181 1776 1208 ;
1812 1166 1958 1200 funestius
1978 1167 2014 1199 ab
2039 1178 2077 1199 eo
2091 1192 2100 1207 ,
2132 1169 2219 1200 cuiue

1171 1233 1231 1253 vox
1254 1216 1286 1253 in
1302 1223 1468 1267 praeconio
1483 1217 1604 1265 quaestu
1626 1216 1765 1263 prostitit.

222 1303 276 1349 15.
316 1286 405 1336 Sed
431 1300 580 1351 neque
603 1286 663 1334 ab
691 1286 843 1348 operis
869 1296 915 1333 et
942 1282 1277 1334 correctoribus
1295 1282 1409 1332 nihil
1436 1293 1675 1346 peccatum
1691 1278 1778 1329 effe
1794 1318 1807 1341 ‚
1833 1276 2013 1343 sperare
2031 1277 2223 1342 possum]

68 1356 296 1421 Nondum
311 1357 433 1418 licuit
448 1365 560 1416 mihi
575 1364 793 1414 adhibere
810 1364 1176 1414 aberrationibus
1194 1365 1379 1417 illorum
1397 1361 1668 1424 indagandis
1687 1375 1813 1408 acres
1830 1359 2013 1420 ocuIOS,
2041 1369 2089 1406 et
2106 1374 2221 1407 nun-

68 1463 209 1512 quam
226 1447 417 1513 iubebit:
449 1448 619 1496 interea
638 1446 759 1495 aliud
774 1446 955 1508 agendo
975 1445 1050 1495 hic
1066 1445 1156 1495 illic
1174 1441 1476 1508 deprehensas
1495 1441 1579 1491 effe
1596 1441 1815 1498 maculam,
1834 1454 1933 1487 non
1949 1439 2015 1487 est
2030 1439 2222 1501 pudoris

71 1528 162 1575 mei
178 1525 443 1575 diffimulare
454 1543 468 1589 3
496 1527 648 1591 potius
658 1525 733 1575 hic
744 1526 966 1595 quasdam
975 1526 1192 1586 breuiter,
1203 1527 1231 1574 i.
1247 1541 1285 1574 e.
1298 1522 1575 1574 emendandi
1586 1522 1679 1570 illas
1689 1521 1933 1579 rationem,
1944 1534 2220 1584 proponam.

118 1615 174 1650 Sub
188 1629 210 1649 A
220 1629 235 1650 B
245 1629 297 1649 Nv
306 1628 326 1651 0
344 1643 352 1657 ,
379 1628 402 1650 A
414 1628 430 1649 Β
442 1628 466 1650 N
478 1628 499 1649 ν
510 1630 521 1651 1
530 1629 553 1649 ‘r
565 1628 587 1649 ν
600 1626 619 1648 R
631 1614 759 1663 imperi:
782 1629 810 1650 v.
833 1629 883 1658 47.
908 1614 1036 1650 adscribi
1057 1615 1109 1650 de-

69 1663 158 1697 bebat
175 1665 350 1711 exemplum
368 1692 377 1706 ,
402 1663 486 1711 quod
500 1664 629 1698 relatum
643 1665 733 1699 video
757 1679 784 1700 v.
791 1678 840 1707 57.

117 1727 140 1747 A
149 1726 164 1745 c
174 1726 192 1747 ε
203 1727 223 1747 R
232 1727 253 1746 v
263 1726 286 1748 A
305 1727 326 1748 'r
337 1727 347 1746 1
360 1727 386 1747 M
412 1726 439 1747 v.
455 1727 504 1747 101.
552 1715 638 1760 Quae
651 1714 694 1748 ibi
707 1708 867 1763 ponuntur
880 1712 934 1748 sub
947 1724 969 1766 ff
978 1727 994 1749 2
1009 1742 1018 1756 ,
1043 1726 1112 1762 per-

73 1764 169 1795 tinent
189 1760 227 1795 ad
243 1774 266 1795 A
277 1775 293 1795 c
302 1773 320 1795 Ε
331 1771 438 1797 ffvv's
451 1756 551 1805 ,v.'96.

119 1824 143 1844 A
151 1823 169 1844 c
179 1823 198 1844 a
209 1824 229 1845 o
238 1824 260 1844 'r
270 1824 288 1845 ε
298 1825 317 1845 R
327 1825 338 1845 1
351 1824 374 1845 A
391 1823 476 1855 2597.
501 1811 560 1859 leg.
569 1813 735 1851 Acroeotia
747 1832 797 1841 -
805 1812 882 1858 fiant
895 1814 1008 1846 arulae.
1023 1825 1052 1846 v.
1062 1825 1112 1845 101.

70 1865 182 1894 coronis
201 1863 372 1907 templorum
392 1880 440 1887 —-
460 1865 509 1894 vti
529 1862 675 1899 diximus.

62 1911 66 1915 ’
121 1921 144 1956 A
153 1921 227 1956 er
236 1922 247 1943 1
255 1921 278 1942 Τ
286 1922 305 1944 ε
317 1920 337 1941 R
345 1914 400 1942 N‘v
409 1920 424 1941 s
447 1921 540 1954 aeque
561 1918 698 1940 aeternus
720 1917 772 1940 etc.

1173 1634 1252 1655 Eoo
1270 1649 1278 1662 ,
1300 1619 1348 1654 fdi
1369 1633 1398 1654 v.
1415 1633 1451 1654 lo.
1478 1618 1537 1665 leg.
1576 1616 1700 1651 Editicii
1720 1615 1844 1651 iudices.

1175 1689 1193 1711 r
1205 1688 1289 1710 ABA
1309 1689 1337 1710 v.
1347 1689 1400 1720 34.
1426 1675 1485 1722 leg.
1505 1675 1698 1709 vermiculum
1721 1670 1850 1706 midam.

1180 1753 1199 1774 1.
1212 1751 1267 1772 VN
1281 1752 1331 1772 AR
1342 1751 1354 1771 1
1368 1750 1383 1771 s
1403 1750 1432 1771 v.
1446 1740 1488 1770 26.
1516 1735 1575 1780 leg.
1604 1736 1698 1768 Ratio
1720 1734 1833 1767 lunaris
1847 1733 1924 1767 Plin.
1940 1741 1990 1775 18,
2013 1746 2048 1776 32
2068 1745 2149 1770 extr.

1177 1806 1205 1828 M
1217 1803 1352 1825 ERCVR
1364 1790 1482 1824 1'Azis
1500 1790 1577 1834 poni
1599 1785 1729 1820 debebat
1740 1789 1806 1834 post
1821 1799 2079 1823 mencvaxvs.

1177 1857 1237 1878 NA
1251 1856 1328 1877 vsa
1342 1855 1362 1876 ο
1386 1855 1415 1875 v.
1426 1853 1473 1885 53.
1497 1841 1554 1885 leg.
1575 1837 1777 1872 effutientem.

1172 1900 1232 1930 Pro
1252 1906 1437 1928 orm-st
1457 1906 1485 1926 v.
1503 1905 1556 1925 102.
1582 1892 1641 1938 leg.
1667 1903 1869 1925 ORTHRVS
1893 1894 1943 1925 vel
1961 1881 2151 1930 olea-rurs,⁴

225 1973 292 2020 16.
331 1969 378 2019 Si
395 1969 465 2016 cui
482 1970 552 2014 vel
570 1967 788 2013 confeffio
805 1966 879 2011 illa
896 1963 955 2010 de
969 1961 1106 2010 nobis
1124 1962 1281 2010 nostra
1297 1960 1564 2024 impudenS‚
1587 1959 1855 2024 imprudens
1871 1960 2086 2011 volebam
2104 1962 2222 2013 dice-

69 2049 315 2108 re,velhoc
332 2059 448 2108 opus
466 2042 858 2092 contemnendum
876 2053 1122 2106 propterea
1140 2041 1362 2103 videatur,
1390 2042 1542 2105 primo
1560 2040 1672 2090 illud
1689 2042 1798 2091 eum'
1814 2042 2017 2104 cogitare
2034 2042 2222 2106 iubeb0‚

62 2129 208 2187 ‚multa
224 2137 378 2175 tamen
394 2123 530 2173 millia
546 2137 758 2172 errorum
774 2120 849 2171 hic
865 2121 1050 2183 sublata,
1068 2119 1331 2171 defectuum
1348 2122 1490 2171 multa
1507 2121 1643 2171 millia
1654 2123 1837 2186 ,expleta
1860 2121 1967 2186 effe3
1999 2123 2050 2171 in
2059 2123 2224 2173 Biblio-

60 2208 200 2272 theca
209 2205 483 2256 Academiae
492 2196 1194 2273 Gottingenfis‘exemplumfflno
1213 2202 1272 2251 vfi
1280 2201 1384 2252 sunt
1393 2201 1714 2267 Typographi,
1725 2201 1818 2252 hoc
1827 2200 1932 2266 ‘Ipso
1951 2202 2133 2252 confilio
2151 2219 2222 2253 re-

69 2289 274 2353 pofitum,
290 2296 356 2344 vt,
377 2299 474 2334 non
491 2284 648 2346 mod0‚
671 2284 699 2333 fi
717 2285 818 2350 quis
835 2282 936 2333 satis
951 2283 1100 2333 audax
1117 2282 1264 2332 homo
1283 2283 1387 2348 post
1403 2284 1580 2348 aliquot
1595 2282 1742 2332 annos
1759 2283 1915 2333 denuo
1935 2283 2112 2346 ingredi
2128 2282 2224 2333 hoc

72 2367 340 2418 curriculum
357 2365 485 2425 velit,
512 2363 859 2430 deprehendere
875 2380 971 2413 vno
988 2363 1196 2413 coniectu
1214 2365 1334 2414 oculi
1352 2362 1509 2428 poffit‚
1534 2363 1614 2414 vbi
1633 2364 1894 2427 diligentiae
1912 2363 2096 2413 nostrae
2113 2379 2223 2413 con-

65 2448 211 2500 fidere
225 2458 380 2512 queat,
396 2445 476 2494 vbi
492 2445 655 2494 maiori
669 2446 926 2494 attentione
943 2436 1060 2509 opus
1077 2445 1148 2508 (ιτς
1181 2443 1258 2494 sed
1275 2445 1414 2494 etiam
1431 2456 1483 2494 vt
1499 2445 1557 2494 de
1576 2445 1742 2494 nostris
1761 2443 2016 2505 laboribus,
2036 2445 2222 2508 quicun-

73 2543 162 2592 que
178 2528 338 2587 velint,
362 2526 614 2575 existimare
629 2525 832 2574 breuiter
847 2523 1024 2589 poffint.
1090 2525 1179 2574 Hic
1196 2536 1306 2575 'eam
1324 2525 1472 2588 legem
1488 2523 1613 2585 ferO,
1641 2539 1739 2573 non
1757 2525 1979 2589 iniquam,
2007 2523 2222 2586 arbitror,

73 2604 495 2670 reprehensoribUS,
512 2617 564 2655 vt
579 2605 628 2653 in
644 2616 834 2654 centena
851 2603 972 2654 recle
989 2604 1300 2654 animaduersa
1317 2621 1456 2655 vnam
1472 2604 1587 2655 mihi
1605 2603 2020 2665 hallucinationem,
2036 2604 2084 2651 in
2101 2604 2221 2654 dena

70 2700 225 2752 ¹autem
233 2681 542 2750 supplementa
551 2685 836 2736 omissionem
846 2701 981 2736 Vnam
997 2685 1278 2738 condonent.
1344 2686 1392 2736 Si
1400 2686 1481 2735 ista
1491 2701 1589 2734 non
1597 2683 1865 2735 satisfaciant
1873 2684 2025 2748 paullo
2047 2684 2223 2733 duriori

68 2766 121 2816 ‘et
136 2767 234 2830 plus
251 2779 386 2830 quarn
403 2781 601 2831 aequum
617 2767 682 2815 est
697 2765 857 2817 seuero
873 2805 886 2828 ‚
926 2782 1031 2815 cum
1048 2766 1604 2834 illo-Ciceroniangmore
1621 2763 1862 2830 disputabo
1882 2781 1893 2814 :
1938 2765 2003 2814 At
2021 2765 2145 2813 enim
2172 2766 2221 2813 in

69 2862 168 2912 quo
185 2861 327 2911 opere
345 2846 410 2895 est
426 2846 592 2911 aliquid
606 2840 732 2909 mali,
759 2847 883 2896 deest
899 2847 1065 2912 aliquid
1081 2847 1215 2909 boni,
1241 2847 1349 2896 illud
1365 2830 1680 2911 opusbonum
1698 2845 1782 2895 effe
1800 2860 1897 2894 non
1912 2845 2063 2909 potest
2080 2845 2105 2892 ἱ)
2146 2845 2222 2894 Ne

59 2927 198 2990 figes
215 2926 384 2991 quidem
401 2928 552 3005 igitur
552 2927 701 2990 spicis
725 2926 935 2991 vberibus
951 2937 999 2978 et
1022 2927 1201 2977 crebris
1219 2967 1232 2990 ,
1246 2925 1301 2994 fi
1310 2942 1494 2978 aetenam
1512 2929 1684 2992 vspiam
1702 2927 1873 2976 videris
1891 2940 1908 2986 ,·
1948 2939 2028 2988 nec
2053 2936 2221 2972 merca-

50 3068 52 3078 !
77 3015 187 3056 tura
205 3005 507 3073 quaestuostzfi
519 3009 569 3057 in
590 3009 808 3058 maximis
825 3008 968 3058 lucris
979 3022 1145 3074 parum
1160 3009 1334 3074 aliquid
1349 3009 1498 3058 damni
1515 3005 1848 3058 contraxerit?
1876 3005 1955 3056 An
1964 3004 2046 3053 hoc
2062 3017 2220 3068 vsque-

56 3100 58 3103 ’
79 3099 252 3149 quaque
265 3087 400 3153 aliter
415 3088 463 3137 in
480 3089 574 3137 vita
589 3087 614 3137 ?
645 3097 695 3139 et·
709 3104 795 3138 non
812 3100 879 3138 ex
898 3092 1102 3139 maxima
1116 3097 1251 3153 parte
1268 3078 1327 3140 de*
1336 3097 1433 3140 toto
1449 3087 1668 3139 iudicabis
1685 3086 1711 3136 .?

235 3173 282 3223 Si
298 3175 502 3225 nondum
520 3177 649 3241 queri
666 3177 843 3227 desierit
857 3216 870 3239 ,
901 3177 1225 3228 stomachabor
1242 3177 1334 3242 ipse
1351 3193 1538 3243 quoque
1555 3175 1825 3227 Veronenfis
1841 3172 2011 3224 Poetae
2035 3172 2218 3235 verbis,

82 3253 244 3317 quibus
264 3253 335 3302 ille
353 3255 544 3316 puellam
568 3257 703 3307 nimis
720 3269 974 3318 accuratam
992 3261 1090 3308 veri
1105 3259 1375 3308 exactricem
1391 3256 1630 3319 amolitur,

473 3336 560 3384 Sed
579 3346 631 3386 tu
657 3339 817 3402 insuffa
839 3340 949 3398 male
972 3340 1214 3406 etmolesta
1239 3341 1360 3389 vittis
1391 3342 1418 3373 ἓ*

473 3415 572 3464 Per
595 3430 723 3480 quam
749 3420 968 3471 nonlicet
994 3418 1077 3488 effi
1104 3422 1416 3485 negligentem.
1438 3468 1444 3481 .

58 3468 101 3558 .‹'-
1097 3549 1099 3552 ,
1213 3510 1241 3544 e
2037 3499 2100 3549 17.
2115 3484 2213 3536 Sed
2232 3488 2235 3491 ’

103 3593 106 3600 Δ
131 3565 150 3582 '²
171 3564 281 3621 Catull.
297 3578 331 3601 ιο
345 3577 418 3600 extr.
457 3567 557 3603 Video
572 3597 582 3611 ,
607 3569 684 3605 dum
699 3570 803 3607 locum
819 3567 1014 3623 exscriptums
1029 3574 1114 3610 forte

88 3612 192 3668 oculos
205 3625 237 3645 m
250 3617 385 3648 virorum
402 3614 568 3651 doctorum
593 3623 826 3655 annotationem
849 3617 979 3658 coniicit)
995 3652 1004 3666 ‚
1033 3626 1114 3658 mihi

89 3659 139 3692 luc
159 3660 262 3718 testato
283 3675 359 3709 opus
380 3662 437 3697 effe
452 3693 461 3706 ,
486 3679 551 3711 non
572 3669 693 3713 probari
713 3671 792 3703 mihi
812 3674 1090 3720 interpretationem
1103 3701 1113 3714 ‚

91 3718 182 3752 quam
195 3722 291 3743 miror
304 3711 356 3757 ipl'i
369 3725 492 3760 quoque
506 3717 535 3748 V
537 3714 612 3749 offio
628 3715 756 3764 potuisse
770 3717 911 3765 placeress,
939 3732 970 3756 vt
982 3718 1064 3757 vinis
1077 3722 1113 3756 fit

91 3755 215 3790 verbum
226 3760 469 3809 optatiui-modi,
482 3767 646 3811 antiquaria
659 3770 776 3801 ratione
791 3768 939 3814 positum,
957 3774 1112 3818 iungatur-

92 3816 150 3859 que
166 3816 235 3838 cum
247 3810 322 3841 male
335 3835 346 3849 ,
369 3819 399 3842 vt
414 3811 542 3845 habeant
556 3814 642 3859 verba
658 3818 910 3861 imprecationem
923 3817 1000 3853 uitae
1012 3819 1113 3853 infeli-

92 3865 151 3885 cis:
172 3865 264 3906 quam
281 3865 368 3904 auget
382 3858 501 3909 Voffius
531 3860 632 3904 (forte
650 3862 717 3897 stiae
739 3875 806 3898 tum
822 3868 931 3910 iratus)
961 3881 1032 3902 curn
1053 3869 1113 3916 legi

83 3900 220 3946 sultsed
229 3912 263 3935 tu
297 3945 306 3947 ,‚
319 3905 374 3950 Ἅι
389 3916 443 3940 etc.
492 3910 566 3942 Non
578 3910 674 3944 voluit
689 3923 751 3946 tam
763 3914 842 3947 male
850 3914 983 3950 Catullus
991 3917 1113 3950 mulier-

92 3949 175 3983 culae
183 3953 247 3984 Non
253 3951 328 3996 fitne
346 3955 476 4001 illepidae:
490 3970 539 3990 nec
552 3963 726 4004 irtumtgslae,
739 3976 754 3996 a
769 3976 827 4011 qua
842 3963 923 3997 nulla
939 3964 995 3998 alia
1008 3978 1040 4000 re
1056 3965 1115 3999 lae-

1145 3601 1151 3608 .
1178 3572 1225 3608 sus
1240 3583 1312 3616 erat,
1323 3587 1416 3622 quam
1430 3572 1512 3621 quod
1527 3574 1648 3612 vanitas,
1665 3579 1695 3604 et
1707 3569 1852 3617 gloriatio
1866 3566 1955 3615 ipsius
1968 3569 2130 3614 r'ogatione
2144 3576 2212 3612 ape-

1177 3624 1311 3657 riebatur
1327 3637 1335 3657 :
1366 3623 1444 3656 nihil
1457 3623 1529 3655 mali
1548 3623 1576 3654 ei
1590 3622 1774 3666 imprecatur
1790 3622 1917 3665 inquam
1936 3614 1988 3650 sed
2005 3613 2120 3649 accusat
2143 3626 2211 3647 eam

1177 3682 1322 3719 tanquam
1336 3685 1444 3718 parum
1461 3671 1732 3716 vrbanam‚parum
1746 3663 1921 3700 commodis
1933 3665 2084 3705 moribus,
2097 3657 2211 3708 infitlsa

1176 3723 1268 3761 male,
1288 3720 1322 3754 id
1338 3720 1379 3754 est
1393 3720 1430 3754 ad
1443 3722 1550 3753 vitium
1563 3731 1655 3765 vsque
1671 3726 1700 3750 et
1713 3715 1840 3761 odium,
1854 3724 1884 3748 et
1897 3715 2012 3758 molesta
2027 3717 2123 3753 vinis,
2138 3713 2167 3744 h.
2183 3724 2210 3744 e.

1177 3783 1224 3811 es,
1237 3779 1268 3803 vt
1283 3772 1391 3804 Horat.
1398 3771 1461 3802 Art.
1477 3769 1560 3801 Poe't.
1575 3770 1613 3810 36
1632 3769 1731 3801 Prauo
1744 3769 1844 3798 viuere
1859 3762 1940 3808 naso.
1987 3760 2048 3796 Sed
2060 3758 2209 3808 quidquid

1177 3819 1230 3852 ille
1243 3819 1394 3852 voluerit:
1425 3815 1567 3864 equidem
1580 3815 1646 3863 plus
1660 3816 1735 3848 boni
1749 3813 1853 3846 nactus
1872 3810 1942 3845 sum
1955 3808 2210 3857 reprehenlbrum

1179 3878 1208 3900 et
1223 3870 1422 3900 inimicorum
1437 3865 1512 3900 adeo
1527 3877 1619 3912 opera
1633 3892 1641 3905 ‚
1666 3875 1759 3911 quam
1775 3871 1805 3894 vt
1820 3869 1924 3907 optare
1945 3859 2002 3893 illis
2020 3856 2102 3892 aliud
2117 3868 2209 3904 qnam

1178 3917 1295 3949 bonam
1319 3925 1455 3949 mentem
1480 3925 1510 3949 et
1538 3914 1655 3960 reliqua
1685 3913 1765 3944 bona
1793 3912 1898 3944 omnia
1918 3936 1928 3950 ‚
1968 3908 2062 3941 velim
2092 3919 2125 3938 ac
2157 3903 2208 3937 de-

1180 3965 1277 3998 bcam.
