2474 4182
259 86 343 122 1051
652 71 688 111 C
765 56 814 109 O*
887 43 936 109 M
1743 61 1779 102 C
1859 62 1895 101 Ο
1977 60 2040 104 M·
2216 51 2217 55 Ἰ
2308 35 2394 120 ’1052

263 160 517 188 comminiscendum
540 160 690 195 ingeniosus
716 157 817 185 Auaor
839 157 871 184 ad
890 159 1007 185 Hcrenn.
1027 166 1040 184 2
1067 166 1088 184 c.
1109 164 1135 191 7.
1207 156 1302 182 Mono.
1365 155 1489 180 intuentes
1501 153 1625 190 remimfii
1633 151 1735 190 poffint,
1754 160 1812 188 quae
1825 149 2031 178 commeminisse
2045 158 2104 188 opus
2116 152 2165 187 ist:
2179 160 2223 194 quo
2237 155 2330 182 nomine
2341 163 2409 196 ergo.

263 206 395 231 grammos
409 196 473 224 deos
487 203 512 223 et
526 197 594 223 nihil
608 203 710 230 agentes
725 201 889 220 commentus
903 194 939 221 est
951 195 1077 229 Epicurus
1090 194 1146 220 Cic.
1161 191 1192 218 de
1207 193 1301 218 Natur.
1368 193 1450 216 omnia
1463 186 1520 215 affl
1530 193 1636 225 priuata
1645 197 1667 216 et
1677 190 1788 225 publica,
1809 191 1928 226 rationes,
1948 190 2051 213 materia
2063 195 2086 213 et
2098 191 2235 224 uelut-silua
2248 191 2398 220 dicendorum

262 234 342 260 Deor·
359 241 384 264 2²
401 241 440 265 59·
1367 232 1411 251 aut
1419 225 1619 260 scribendorum,
1633 226 1658 262 s.
1674 228 1785 252 oratoria
1799 233 1825 250 ca
1835 226 1889 257 th,
1900 224 1953 256 Jmc
1971 221 2102 255 historica,
2120 231 2143 250 et
2162 226 2281 261 quidquid
2293 226 2400 263 denique,
2428 232 2431 250 ῐ
2457 244 2474 258 .,

299 275 344 295 CO
359 275 384 294 M
399 275 423 294 M
435 274 578 295 ENTvs.
613 266 704 292 Panic.
725 265 782 299 pass.
818 265 1020 299 [συμπλαῶεἲς]
1062 265 1137 291 Sacra
1157 267 1304 290 commenta
1367 262 1409 287 vel
1425 269 1484 292 nos,
1503 262 1543 286 vel
1564 261 1627 286 alios
1647 259 1776 294 memmiffi
1800 261 1924 290 volumus,
1945 259 1985 284 vel
1999 257 2133 292 scientiae,
2158 263 2199 286 vel
2216 262 2304 297 agendi
2322 263 2400 298 σαψ,
2468 271 2474 293 1

264 304 345 332 Ouid.
359 305 423 330 Met.
437 313 457 336 3,
471 310 521 337 558.
538 300 636 337 issfifla.
707 301 745 327 Id.
759 301 821 327 Met.
839 303 865 333 6,
879 304 924 334 565
944 302 994 328 Dat
1008 301 1120 335 gemitus
1134 299 1218 330 fictos,
1234 307 1302 323 com·
1330 302 1344 328 ς
1369 295 1614 331 comprehenduntur.
1678 298 1764 332 Itaque
1782 293 1909 327 tnodqlliae
1922 293 1993 329 causa
2007 293 2088 319 lulius
2103 294 2194 321 Caesar
2207 298 2282 323 lien-os
2295 296 2323 323 de
2335 297 2401 325 bellis
2448 304 2474 331 ’ἦ

263 346 403 374 mentaque
418 340 521 366 Funera
539 343 635 364 narrat.
694 338 723 363 In
742 337 827 364 bonam
841 344 939 372 partem
960 337 1036 371 Apul.
1052 335 1152 363 Florid.
1174 345 1198 369 p.
1213 337 1273 365 363,
1288 342 1304 365 9
1364 332 1421 368 sitis
1442 330 1656 357 Commentarios
1674 331 1813 366 inscripstt,
1841 331 1868 356 dc
1886 330 1972 366 quibus
1990 329 2046 355 Cic.
2060 328 2208 358 Bruto-262
2231 340 2252 357 c.
2269 339 2300 366 75
2325 332 2400 360 Com-
2430 347 2431 359 1
2465 348 2474 366 ⁴

265 377 320 410 Ego
340 382 365 402 et
383 375 445 402 alias
466 380 576 400 crateras
590 372 700 399 Athenis
721 372 795 404 bibi,
816 373 934 399 Poeticae
954 378 1128 399 commentam
1149 371 1188 404 (ι’.
1204 370 1305 405 falmhs
1372 368 1517 393 nientarios
1530 366 1658 401 quosdam
1671 366 1769 400 scripsit
1788 376 1877 393 rerum
1897 366 2017 397 suarum,
2037 364 2114 390 valde
2127 365 2232 398 quidem
2246 367 2400 400 probandos.
2429 375 2433 397 ι

263 411 446 443 abundantem)
466 409 647 435 Geometricae
667 407 821 443 limpidam,
837 411 881 435 etc.
952 410 1140 438 Commentus‚
1163 413 1212 441 pro
1226 406 1303 431 Com-
1371 403 1447 430 Nudi
1467 402 1538 429 enim
1558 403 1632 434 sunt,
1647 401 1730 434 recti,
1749 408 1774 427 et
1788 402 1907 434 venusti,
1928 400 2003 427 omni
2023 406 2117 426 ornatu
2138 401 2265 427 orationis
2283 407 2402 437 tanquam
2429 409 2432 416 ⁴

263 448 380 474 monitus
394 444 486 471 ilicium
495 451 572 479 putat
587 445 693 470 Nonius
706 453 781 477 2,152
807 454 821 470 α
835 444 926 470 Plauto
939 444 1033 478 Amph.
1052 452 1073 474 3,
1086 451 1108 474 3,
1123 450 1158 474 24
1189 442 1237 467 Fac
1251 441 1304 466 iam
1370 439 1458 470 veste,
1473 437 1600 464 detrac‘io.
1641 436 1689 463 Sed
1705 436 1767 462 dum
1780 437 1867 464 voluit
1882 438 1947 463 alios
1962 435 2058 462 habere
2073 441 2171 469 parata,
2185 436 2253 462 vnde
2268 437 2402 473 sumerent,

263 482 483 517 Amphitryonem
500 480 683 506 aduenientem
696 480 729 506 ab
743 479 867 512 aedibus,
887 486 916 505 vt
929 479 1017 512 abigas
1032 478 1129 512 quouis
1143 476 1219 512 pasto
1234 486 1241 507 3
1262 476 1302 501 sac
1322 483 1351 500 10
1371 476 1521 509 (materiam
1536 475 1604 499 velut
1617 471 1754 506 historiae)
1773 473 1821 506 qui
1834 473 1933 499 vellent
1947 472 2061 498 scribere
2075 471 2228 503 historiam,
2247 472 2340 506 ineptis
2351 483 2402 508 gra.
2430 492 2444 505 w

263 522 424 545 commentus
439 515 493 542 sieS.
547 516 593 543 Sed
610 517 696 541 mclzus
709 516 856 548 Lambinus,
879 516 927 541 Fac
942 514 1028 540 callide
1044 516 1233 550 excogitaueris.
1370 517 1427 537 tum
1446 510 1550 536 fortasse
1570 509 1649 540 fecit,
1669 508 1716 542 qui
1731 507 1826 534 volunt
1847 510 1916 539 (mel.
1929 508 2030 539 velint)
2052 506 2098 533 illa
2119 506 2268 533 calamistris
2288 509 2403 538 inurere:
2429 518 2434 538 ι
2452 529 2463 535 ‚.

299 558 505 580 COMMENT
515 558 587 583 VM,
621 552 639 577 i.
677 561 703 578 n.
740 551 890 585 [πλάσμα]
930 548 1018 576 flesso.
1056 550 1123 577 Ter.
1139 549 1219 575 Andr.
1234 556 1259 579 1,
1282 555 1304 578 3,
1370 547 1445 573 sanos
1469 545 1578 580 quidem
1601 543 1724 570 homines
1747 552 1761 570 a
1783 542 1922 569 scribendo
1944 543 2080 570 deterruit.
2122 541 2181 569 Vici.
2201 552 2255 568 mox
2274 544 2404 573 Conflcdre
2427 542 2462 588 ξ

264 598 294 615 20
321 587 402 621 Atqui
423 587 482 621 ipfis
507 593 685 613 commentum
705 587 797 621 placet.
869 588 999 620 Retegere
1021 591 1168 612 commenta
1193 583 1304 610 alicuius
1371 582 1585 608 commentarios.
1657 579 1762 605 Sueton.
1771 580 1798 605 in
1807 578 1972 605 Tiber.c.61
1993 578 2194 606 Commentario
2211 586 2289 612 quem
2306 578 2404 609 devita
2458 576 2466 587 ¹

262 623 343 650 Ouid.
360 624 421 649 Met.
438 632 472 655 13,
487 627 523 655 38.
593 624 617 650 O
638 623 760 649 inionum
775 628 922 648 commenta
936 622 1006 648 delet
1019 621 1074 648 dies
1093 622 1149 647 Cic.
1165 620 1196 646 de
1210 620 1305 646 Natur.
1372 619 1416 643 sua
1436 617 1586 642 summatim
1610 615 1783 649 breuiterque
1804 614 1968 649 composuit,
1987 616 2061 641 ausus
2082 614 2117 640 est
2137 613 2265 646 scribere,
2289 614 2404 645 Seianum
2459 621 2470 627 '⁴

262 660 342 686 Deor.
357 668 378 689 2,
394 666 414 691 5.
649 668 665 685 2
703 658 834 692 Qinffil.
851 666 873 690 5,
890 667 927 690 10,
941 667 950 684 1
970 657 1155 689 Enthymema,
1173 655 1244 689 quod
1258 662 1304 679 nos
1323 662 1348 687 15
1373 654 1397 678 se
1413 653 1528 686 punisse,
1549 651 1621 686 quod
1641 651 1804 685 comperisset
1823 650 1913 676 furere
1935 650 2056 676 aduersus
2079 650 2179 676 liberos
2194 649 2341 677 Germanici
2357 646 2405 682 filii
2417 665 2423 678 e
2466 647 2469 652 ⁴

262 701 440 721 commentum
460 695 535 727 sane,
562 700 607 721 aut
626 694 877 721 commentationem
901 694 1122 728 interpretamur,
1146 692 1208 725 quia
1229 689 1304 714 aliter
1372 688 1421 714 sui.
1495 688 1560 714 Pliu.
1575 686 1653 722 Epist.
1667 689 1693 719 6,
1707 695 1741 713 22
1765 687 1900 719 Corrupto
1919 686 1990 711 enim
2010 685 2109 712 scribae
2128 686 2223 717 seruc,
2241 684 2423 724 interceperat.

261 740 315 757 non
333 731 478 765 possumus,
506 731 608 757 Graeco
630 730 725 757 melius
748 730 837 762 vsuri,
863 736 909 755 etc.
966 732 997 756 Et
1015 738 1041 762 9,
1064 737 1089 760 2,
1108 734 1154 760 107
1179 723 1304 751 Visellius
1370 724 1594 756 commentarios,
1615 722 1853 757 intercideratque,
1872 730 1900 747 ac
1921 729 1968 755 per
1987 721 2117 747 summum
2137 721 2210 747 nefas
2229 720 2349 749 vtebatur
2364 712 2438 751 achi

262 766 397 799 ηθύμημα
416 772 594 792 commentum
609 772 694 793 vocat,
1368 761 1460 785 versus
1473 760 1588 785 amicum
1602 758 1716 785 crimine
1729 758 1785 784 suo.
1856 757 1913 783 Cic.
1930 758 2000 783 Fam.
2015 761 2044 788 8,
2065 765 2092 783 11
2121 758 2209 790 Qiam
2228 756 2338 791 quisque
2355 754 2423 797 se'uffl

298 807 345 828 co
357 808 382 827 M
394 797 1136 834 111ΕΝΤ1ειν3,ιι,11111.Αάὶ.[πλασματώδης,πλαςᾶς]
1157 793 1306 829 Idcmquod
1370 796 1480 821 tentiam
1500 795 1614 826 dixerit,
1640 794 1669 820 in
1689 793 1882 820 commentario
1903 792 1939 818 est
1958 801 2048 818 rerum
2067 791 2246 832 urbanarum:
2277 800 2291 817 e
2309 795 2387 827 quo*
2419 806 2424 827 ,ι
2460 825 2467 831 ⁴

264 835 394 864 Efficias.
430 837 486 864 Cic.
502 837 534 863 de
544 839 619 864 Orat.
633 847 652 870 1,
667 846 714 869 230
735 838 769 863 Vt
781 836 798 862 si
813 837 841 862 in
854 837 900 862 illa
912 833 1096 861 couuncnticia
1111 830 1225 857 Platonis
1238 831 1303 856 ciui·
1316 842 1351 859 20
1373 840 1439 865 quae
1453 830 1532 865 digna
1547 831 1620 863 sunt,
1641 830 1730 864 selige.
1803 828 1932 855 Actorum
1954 834 2142 854 commentaria
2161 836 2328 862 corrumpere
2343 829 2377 856 ν’
2419 846 2424 866 3

261 879 314 900 tate
328 881 368 900 res
384 880 514 907 ageretur.
588 874 626 899 De
646 872 837 899 commenticiis
856 872 933 898 rebus
948 869 1066 895 inaudita
1081 876 1109 894 ac
1128 875 1198 892 noua
1206 886 1214 898 ,
1236 874 1302 900 quae
1370 876 1387 893 2
1395 887 1402 899 ‚
1423 870 1457 892 60
1465 887 1473 899 ,
1495 876 1521 900 4.
1594 866 1608 892 S
1617 867 1628 891 Ι
1637 866 1664 892 N
1672 866 1694 891 G
1704 866 1724 891 V
1734 866 1755 891 L
1764 865 1785 891 A
1822 865 1879 897 QV
1887 865 1908 890 A
1916 865 1934 890 Ε
1970 864 1985 889 S
1993 864 2085 890 CIEB
2094 864 2115 889 A
2123 863 2153 890 T
2182 865 2203 889 V
2213 864 2237 890 O
2245 864 2351 891 LVMt
2412 890 2413 893 ,

261 909 358 944 aliquis
371 909 484 942 obiicit,
504 908 608 935 diluere
622 908 659 935 Id.
674 917 723 943 pro
737 909 811 934 Rosc.
822 908 909 932 Amer.
924 910 954 934 82
980 913 1001 929 c.
1013 912 1056 936 29.
1110 902 1220 929 Crimen
1233 911 1302 927 com·
1370 903 1528 930 POTIVS
1572 902 1694 935 QVAM
1724 900 1902 927 TITVLO
1936 899 1950 925 S
1963 900 1984 926 C
1998 900 2019 925 R
2034 900 2045 925 Ι
2060 900 2079 926 Β
2094 900 2104 925 Ι
2138 899 2406 965 l’OTVERVNg¹
2423 910 2435 948 ,μ

261 945 416 972 menticium
431 944 588 972 confirmare
603 945 659 971 Cic.
675 953 722 979 pro
736 943 905 970 Rosc.An1er.
915 949 950 972 42
971 948 1036 971 c.15.
1109 938 1156 964 Dii
1171 946 1303 964 commen·
1372 939 1466 965 NAM
1493 939 1514 965 C
1527 939 1551 964 O
1565 939 1593 964 M
1605 938 1635 964 M
1648 938 1666 964 E
1679 938 1706 964 Ν
1717 937 1775 962 ΤΑ
1790 937 1811 962 R
1825 936 1873 962 10
1884 935 1899 961 S
1926 935 2058 962 ARTIS
2092 935 2136 961 SV
2146 935 2193 961 ΑΕ
2218 934 2327 967 Qvos
2351 935 2377 964 R·
2424 961 2427 964 ,

261 981 321 1009 ticii
338 987 364 1007 et
379 980 434 1008 ficii
448 981 488 1007 Id.
501 980 533 1007 de
546 981 642 1007 Natur.
657 981 735 1007 Deor.
751 987 776 1009 2,
789 986 823 1010 70
844 985 864 1001 c·
879 980 918 1005 28.
989 974 1087 1001 Fabula
1108 973 1169 1000 ficia
1190 979 1215 999 ct
1233 982 1303 999 com-
1372 974 1535 1007 LIQVIT
1569 974 1616 999 PR
1627 974 1636 999 1
1647 974 1674 999 M
1684 974 1705 999 V
1715 973 1729 998 S
1764 971 1896 998 FECIT
1932 971 2052 1005 inscript.
2073 970 2189 997 Fabrett.
2212 980 2237 1004 p.
2257 975 2294 1000 88.
2391 968 2400 974 '
2432 973 2435 1004 Ι,

261 1017 386 1043 menticia
404 1017 460 1043 Cic.
476 1016 528 1043 Off.
544 1024 571 1048 3,
592 1025 622 1048 39
646 1025 666 1041 c.
679 1024 703 1047 9.
774 1012 921 1038 Sententiae
942 1011 1032 1037 futiles
1051 1010 1306 1043 commenticiaeque
1319 1015 1351 1041 25
1372 1009 1476 1036 &orum
1497 1009 1681 1036 commentarii
1702 1007 1800 1034 exstant
1819 1007 1887 1033 Plin.
1907 1014 1948 1041 37,
1968 1015 1996 1033 12
2020 1007 2039 1032 s.
2055 1013 2096 1042 75.
2167 1006 2263 1032 Diurni
2284 1014 2367 1033 comm
2413 1035 2416 1040 .

260 1053 299 1080 Id.
314 1053 347 1079 de
360 1053 455 1079 Natur.
468 1052 546 1078 Deor.
562 1061 581 1084 1,
598 1056 630 1080 18-
702 1047 927 1075 Commenticium
940 1046 1072 1082 fignificat
1090 1049 1162 1072 etiam
1177 1049 1203 1071 in
1219 1045 1305 1071 honam
1371 1045 1435 1072 tarii
1454 1045 1560 1071 Sueton.
1569 1044 1675 1079 August.
1690 1046 1764 1077 c.64.
1837 1043 2051 1069 Commentarius
2065 1043 2188 1068 Eumenis
2201 1041 2232 1069 de
2251 1042 2375 1077 apparati,
2401 1040 2409 1049 ¹
2425 1070 2430 1088 ι

2426 1106 2434 1120 1

254 1095 366 1125 partem,
382 1090 477 1114 Nouum
492 1094 515 1113 ct
529 1096 611 1113 recens
631 1087 813 1121 excogitatum,
833 1083 877 1109 hoc
896 1081 944 1115 est,
964 1092 1012 1109 non
1034 1082 1236 1112 translaticium,
1257 1090 1305 1106 non
1371 1081 1438 1108 belli
1454 1081 1515 1107 Liu.
1532 1089 1583 1114 42,
1604 1084 1629 1106 6.
1701 1078 1858 1106 Pontificum
1879 1079 1935 1105 Cic.
1953 1078 1986 1105 de
2005 1078 2075 1105 Clar.
2090 1078 2164 1104 Orat.
2179 1085 2216 1111 55.
2286 1077 2358 1112 Quin
2401 1109 2407 1111 „
2427 1078 2435 1102 η’

261 1124 359 1151 aliunde
367 1123 482 1159 sumtum.
538 1123 644 1147 Sueton.
660 1121 689 1146 in
710 1119 802 1146 Claud.
818 1127 845 1145 21
883 1118 1034 1153 Spetffiacula
1048 1126 1155 1152 quoque
1169 1117 1306 1151 complura
1372 1122 1396 1149 8,
1410 1126 1436 1149 2,
1450 1125 1483 1143 12.
1537 1117 1597 1142 Liu.
1612 1124 1640 1149 4,
1653 1124 1673 1147 3.
1728 1115 1782 1142 Cic.
1798 1116 1874 1141 Verr.
1888 1123 1911 1147 5,
1931 1122 1958 1147 53
1984 1114 2081 1140 Audite
2100 1114 2234 1140 decretum
2258 1122 2329 1140 merc
2426 1120 2428 1123 ·

262 1160 452 1194 magnificaque
474 1156 574 1189 edidit,
598 1165 652 1182 non
671 1155 762 1182 vsitata
781 1154 879 1187 modo,
908 1163 936 1181 ac
957 1154 1041 1180 solitis
1060 1154 1140 1185 locis,
1161 1152 1205 1179 sed
1225 1153 1305 1178 etiam
1372 1153 1503 1179 Praetoris
1523 1161 1554 1178 ex
1573 1152 1630 1178 eius
1649 1151 1852 1178 commentario.
1926 1150 2057 1184 Quinctil.
2071 1158 2102 1182 2,
2118 1158 2158 1182 11,
2174 1157 2192 1184 7
2222 1150 2349 1176 Commen
2371 1180 2373 1182 q

261 1194 462 1225 commenticia,
475 1199 500 1219 et
515 1201 546 1219 ex
560 1192 717 1226 antiquitate
729 1191 850 1225 repetita.
924 1190 980 1217 Cic.
994 1190 1025 1216 de
1039 1189 1127 1216 Finib.
1144 1196 1166 1221 5,
1179 1198 1213 1221 90
1234 1189 1305 1214 Haec
1320 1187 1363 1220 30}
1372 1189 1537 1221 Puerorum,
1559 1188 1587 1214 in
1602 1196 1685 1222 quos,
1699 1196 1766 1222 quae
1780 1187 1839 1213 aliis
1853 1185 2060 1212 declamantibus
2075 1185 2178 1212 laudata
2191 1186 2264 1218 sunt,
2283 1194 2329 1220 reg

262 1232 360 1266 igitur,
380 1238 462 1264 quum
484 1238 533 1263 ego
553 1234 592 1254 tot
613 1226 768 1254 nominibus
788 1235 803 1253 a
819 1226 914 1253 Stoicis
932 1226 1060 1260 appellata
1071 1243 1079 1255 ‚
1101 1225 1198 1259 partim
1217 1224 1306 1250 Nouis
1371 1225 1402 1251 In
1417 1223 1566 1251 Rhetorum
1581 1223 1777 1250 commentariis
1790 1223 1972 1249 consenescere
1986 1221 2116 1256 Qiinc'til.
2124 1230 2147 1253 3,
2161 1226 2185 1254 8,
2199 1224 2242 1256 67.
2313 1221 2369 1248 Cic.
2422 1221 2432 1250 i

262 1274 288 1293 et
302 1264 511 1297 commenticiis,
529 1270 558 1291 vt
570 1264 616 1290 ista
630 1262 759 1298 producta
774 1269 799 1288 et
812 1262 936 1294 reducta,
956 1269 1002 1288 etc.
1075 1260 1180 1287 Paullus
1198 1260 1227 1286 in
1249 1259 1265 1285 Ι.
1286 1259 1304 1285 si
1367 1259 1443 1295 §lan
1457 1261 1530 1286 Orat.
1546 1261 1592 1292 164
1613 1259 1668 1293 lpsa
1683 1259 1729 1285 illa
1746 1258 1864 1285 censoria
1878 1264 1968 1284 contra
1983 1258 2031 1284 Cn.
2045 1257 2196 1284 Domitium
2216 1256 2342 1291 collegam
2422 1246 2433 1299 ‚l

261 1310 346 1336 poena
373 1302 403 1327 D.
423 1300 456 1326 de
476 1300 582 1335 poenis,
606 1300 632 1326 Si
654 1308 738 1333 poena
760 1298 841 1324 alicui
858 1299 1009 1332 irrogatur,
1027 1302 1161 1331 receptum
1181 1295 1217 1322 est
1235 1294 1306 1321 'com-
1371 1295 1408 1322 est
1422 1296 1528 1329 oratio,
1549 1295 1592 1322 sed
1609 1295 1680 1330 quasi
1695 1294 1778 1329 capita
1791 1303 1882 1321 rerum
1901 1299 1927 1320 et
1942 1294 2073 1320 orationis
2095 1293 2314 1319 commentarium
2327 1298 2374 1328 pau
2422 1299 2433 1324 1,

260 1337 387 1364 mentitio
402 1338 475 1369 Iure,
496 1345 527 1362 ne
541 1335 574 1362 ad
589 1335 713 1361 heredem
728 1335 848 1361 transcat.
1372 1331 1484 1366 plenius.
1555 1330 1594 1358 Id.
1609 1332 1680 1357 Fam.
1694 1339 1716 1364 5,
1728 1339 1755 1357 12
1781 1330 1808 1356 Si
1822 1330 1894 1356 enim
1909 1329 2016 1364 suscipis
2031 1330 2149 1362 causam,
2174 1329 2313 1365 (rogauit,
2335 1328 2371 1355 ω’
2422 1337 2433 1352 ν’

299 1379 317 1400 c
330 1379 385 1399 OM
400 1379 424 1398 Μ
437 1378 589 1404 ENTOR,
613 1371 677 1397 oris.
714 1369 877 1405 [ἓφευρετῆς]
915 1370 966 1404 Qaei
984 1367 1082 1404 aliquid
1098 1373 1246 1394 commentus
1264 1363 1308 1399 cst,
1324 1377 1354 1403 35
1365 1366 1474 1401 storiam
1502 1367 1546 1404 sui
1576 1367 1716 1403 consulatus
1745 1366 1871 1401 scribat)
1910 1365 2050 1392 conficiam
2085 1370 2290 1392 commentarios
2325 1360 2439 1407 1111·ίᾲῂὲΙ

260 1411 427 1445 excogitauit,
446 1410 549 1434 inuenit.
605 1408 642 1433 De
655 1406 756 1433 Baccho
777 1406 857 1432 Ouid.
872 1405 937 1431 Fast.
952 1413 982 1438 3,
1002 1410 1049 1439 785
1077 1404 1147 1430 Luce
1165 1404 1210 1429 sua
1231 1402 1306 1428 ludos
1372 1404 1515 1430 omnium:
1550 1402 1587 1429 sin
1606 1408 1695 1429 autem
1714 1402 1802 1428 differs
1820 1411 1864 1428 me
1884 1401 1913 1428 in
1931 1408 2034 1436 tempus
2055 1400 2144 1433 aliud,
2165 1409 2256 1427 coram
2275 1399 2410 1433 tecumitt·
2422 1399 2433 1430 =J

260 1453 328 1471 vuac
342 1450 510 1470 commentor
523 1442 653 1474 habebat,
690 1445 708 1468 i.
741 1443 868 1468 Inmemor.
1373 1448 1447 1475 quar.
1501 1439 1556 1465 Has
1568 1440 1641 1475 vulgo
1654 1438 1798 1465 Meniorias
1814 1445 1837 1464 et
1850 1437 2009 1464 Memoriale
2026 1443 2126 1464 vocant.
2169 1437 2264 1463 Horum
2278 1435 2411 1468 Comniffi-
2422 1433 2433 1458 ν’

299 1487 316 1507 c
327 1487 345 1507 o
355 1487 378 1505 M
389 1487 414 1506 M
425 1486 441 1506 Ε
453 1485 473 1504 Ν
484 1486 505 1506 T
515 1486 533 1505 o
542 1486 560 1505 R
570 1498 579 1510 ‚
611 1478 660 1504 ari.
697 1477 890 1511 [vvurtum-w,
915 1474 1046 1509 μελεϊοίω,
1070 1474 1279 1510 πραγματεύομαι
1293 1474 1306 1508 ]
1372 1476 1505 1502 tariorum
1524 1478 1668 1500 mentionem
1684 1474 1758 1509 facit
1777 1477 1850 1500 ctiam
1872 1474 1923 1500 Att.
1937 1482 1946 1500 1
1955 1493 1963 1507 ,
1986 1475 2013 1499 16
2034 1479 2058 1499 et
2071 1480 2109 1507 17.
2133 1475 2163 1498 it.
2178 1481 2204 1505 2,
2218 1480 2237 1498 1.
2307 1470 2410 1503 Cic.de
2422 1479 2427 1498 1

263 1517 420 1551 Frequmztat.
442 1523 458 1541 a
477 1513 659 1549 Comminiscor.
712 1513 793 1538 Plaut.
806 1512 890 1539 Casin.
907 1520 934 1544 2,
948 1520 971 1544 3,
992 1519 1021 1544 25
1049 1511 1082 1536 Vt
1103 1510 1157 1536 cito
1176 1518 1308 1536 commen·
1372 1512 1447 1538 Orat.
1461 1519 1487 1542 2,
1500 1519 1554 1544 224
1579 1509 1633 1536 Vbi
1647 1510 1705 1536 sunt
1718 1510 1740 1536 ii
1753 1509 1831 1535 fundi
1845 1510 1940 1542 Brute,
1962 1518 2029 1544 quos
2049 1508 2102 1534 tibi
2120 1514 2194 1543 pater
2212 1507 2326 1542 publicis
2344 1507 2411 1535 co'm‘-
2435 1529 2437 1533 .

261 1558 330 1578 tatus
346 1550 395 1577 est!
421 1553 439 1576 i.
453 1549 603 1576 mendacium
618 1550 778 1584 excogitauit.
814 1548 860 1575 Sed
871 1547 954 1573 Lamb.
970 1552 1132 1573 commentus
1146 1545 1189 1572 est.
1225 1545 1307 1571 Plaut.
1316 1557 1353 1582 40
1372 1547 1509 1573 mentariis
1530 1544 1693 1580 consignatos
1718 1545 1854 1580 reliquit?
1932 1546 2027 1571 Facere
2049 1544 2255 1571 commentarios
2280 1542 2427 1575 breuiorem

261 1588 340 1614 Poen.
356 1586 424 1620 prol.
442 1595 450 1611 1
475 1585 606 1612 Achillem
621 1583 765 1610 Aristarchi
780 1583 848 1610 mihi
864 1582 1038 1609 commentari
1055 1581 1137 1608 lubet.
1187 1581 1234 1608 Sed
1249 1582 1306 1607 Mu-
1374 1582 1506 1616 Quinctil.
1520 1590 1548 1613 3,
1570 1586 1591 1611 8.
1663 1581 1724 1607 Sine
1744 1581 1937 1607 commentario
1958 1589 2094 1615 nunquam
2113 1580 2197 1612 dixit,
2217 1588 2264 1605 nec
2285 1578 2335 1606 hoc
2345 1583 2427 1611 com-4

259 1630 344 1654 retus,
363 1621 471 1648 imitari.
507 1620 690 1654 Certiora-sunt
704 1617 752 1651 ista
764 1619 912 1650 Ciceronis,
933 1621 976 1654 qni
985 1626 1034 1653 pro
1047 1620 1172 1654 cogitare,
1186 1616 1308 1649 ῑναὲἶανε,
1373 1618 1505 1644 mentario
1525 1622 1663 1643 contentus
1678 1622 1749 1649 erat,
1776 1617 1805 1642 in
1825 1625 1879 1651 quo
1900 1616 1985 1642 nudae
2004 1625 2045 1643 res
2063 1622 2200 1650 ponuntur
2218 1616 2275 1642 Sen.
2293 1615 2350 1642 Coti
2376 1615 2408 1649 ‘¹3

261 1658 308 1693 dis
320 1664 390 1683 utare
399 1664 489 1691 ponere
496 1655 569 1692 solet.
613 1656 643 1681 ἶν’.
656 1662 681 1690 g.
703 1655 756 1680 Att.
769 1663 798 1687 4,
813 1657 850 1685 36.
868 1655 1049 1680 Veruntamen
1072 1653 1185 1687 idipsum
1203 1661 1308 1679 mecum
1351 1678 1353 1683 ,
1373 1663 1495 1688 prooem.
1530 1653 1571 1679 Sic
1584 1652 1716 1686 Quintffil.
1730 1661 1757 1685 4,
1771 1660 1792 1685 1,
1806 1654 1839 1685 69
1860 1652 1957 1678 Cicero
1970 1661 2020 1686 pro
2032 1652 2128 1678 Scauro
2145 1651 2260 1678 ambitus
2273 1660 2335 1684 reo,
2346 1618 2408 1687 <ize
2434 1657 2438 1687 ,¹

262 1695 291 1720 in
324 1693 344 1719 is
358 1693 423 1719 locis
437 1696 620 1722 commentor,
634 1698 663 1716 vt
677 1688 724 1715 ista
739 1688 899 1723 improbem.
970 1689 1009 1715 Id.
1023 1689 1055 1715 de
1067 1688 1156 1716 Finib.
1170 1696 1192 1721 5,
1203 1697 1236 1721 4²
1257 1689 1308 1715 Cu·
1373 1690 1447 1715 causa
1460 1688 1496 1714 est
1509 1688 1538 1713 in
1547 1688 1766 1718 Commentariis,
1778 1697 1839 1723 quos
1851 1695 1933 1723 nempe
1951 1695 2008 1714 ante
2020 1686 2141 1714 astionem
2156 1686 2334 1714 commentandi
2343 1685 2426 1724 cailsav

260 1729 337 1764 piunt
351 1726 524 1754 commentari
538 1725 640 1761 aliquid
653 1731 678 1751 et
691 1725 800 1752 discere.
870 1725 981 1750 Futuras
994 1732 1097 1750 mecum
1111 1723 1310 1750 commentabar
1322 1730 1356 1757 45
1367 1723 1482 1761 scripfit.
1536 1724 1575 1748 De
1587 1722 1633 1748 hoc
1647 1732 1734 1758 genere
1747 1723 1878 1756 Quinctil.
1893 1732 1931 1755 10,
1946 1731 1973 1758 7,
1987 1732 2019 1755 30
2044 1723 2126 1757 Qod
2140 1723 2226 1750 fecisse
2240 1723 2277 1750 Μ.
2291 1720 2429 1753 Tulliana

261 1764 380 1792 miserias
395 1763 452 1790 Cic.
464 1763 548 1789 Tuse.
562 1770 573 1794 3
601 1770 622 1787 c.
638 1770 676 1794 14.
747 1760 785 1786 Id.
807 1759 838 1786 de
854 1759 940 1786 Finib.
955 1766 981 1791 5,
1000 1766 1031 1793 75
1060 1759 1160 1785 Satisne
1175 1759 1253 1785 vobis
1270 1760 1309 1785 vi-
1374 1758 1574 1786 commentariis
1588 1757 1665 1792 ipsius
1679 1765 1793 1792 apparet.
1847 1758 1895 1784 Sed
1915 1759 2039 1785 feruntur
2059 1756 2315 1800 asioriim'quoque,
2329 1757 2413 1785 e'ts‘in-
2425 1770 2438 1786 ·

262 1800 328 1827 deor
341 1809 390 1834 pro
405 1807 466 1826 ineo
480 1798 538 1824 iure
553 1798 581 1824 in
592 1797 685 1824 vestris
703 1796 813 1822 auribus
828 1800 1018 1822 commentatus
1032 1795 1041 1820 3
1111 1795 1204 1828 Itaque
1217 1794 1309 1820 videas
1374 1795 1449 1822 venti
1463 1795 1547 1824 forte,
1568 1799 1597 1820 vt
1610 1802 1654 1819 eos
1669 1793 1789 1819 dicturus
1803 1793 1916 1827 quisque
1929 1795 2126 1827 composuerat,
2143 1800 2170 1820 et
2183 1794 2212 1820 in
2225 1794 2310 1821 libros
2323 1791 2415 1828 digesti
2435 1794 2438 1827 j

260 1836 372 1863 barbato
392 1834 478 1862 rostro
498 1834 575 1861 illum
596 1832 786 1864 commentari,
811 1836 837 1858 et
855 1830 1064 1865 vnumquodque
1083 1829 1196 1856 verbum
1215 1829 1309 1855 statera
1409 1845 1455 1850 --
1491 1829 1539 1855 Sed
1561 1829 1590 1854 hi
1611 1829 1796 1855 commentarii
1814 1829 1851 1855 ita
1869 1829 1928 1854 sunt
1943 1829 2044 1861 exacti,
2064 1834 2093 1855 vt
2111 1829 2216 1864 abipso
2236 1830 2304 1856 mihi
2323 1830 2352 1855 in
2364 1836 2429 1859 mea-J<

260 1873 368 1900 auraria
385 1870 531 1906 ponderare
550 1871 627 1896 Varr.
641 1869 670 1895 in
684 1870 787 1902 Fragm.
807 1877 831 1902 p.
846 1869 893 1893 166
913 1866 954 1893 ed.
983 1865 1080 1892 Durdr.
1110 1871 1134 1891 et
1152 1864 1219 1900 apud
1236 1864 1309 1891 Non.
1376 1865 1492 1891 moriam
1515 1864 1675 1898 posteritatis
1697 1865 1745 1890 etse
1764 1864 1905 1891 videantur
1929 1864 2076 1899 compositi.
2133 1865 2203 1891 Nam
2224 1865 2362 1892 Ciceronis
2383 1862 2430 1891 nil*

261 1911 288 1942 6,
300 1917 340 1941 41.
377 1908 421 1934 Al.
435 1912 620 1933 commentare.
692 1903 875 1931 Counnentari
889 1908 915 1929 ct
928 1901 1054 1929 meditari
1065 1901 1097 1927 de
1110 1900 1199 1935 aliqua
1211 1909 1240 1926 re
1253 1900 1309 1927 Cic.
1325 1907 1357 1934 50
1376 1901 1496 1936 praesens
1509 1899 1590 1926 modo
1605 1904 1706 1934 tempus
1720 1905 1821 1934 aptatos
1833 1899 1945 1926 libertus
1957 1900 2032 1926 Tiro
2045 1900 2194 1932 contraxit,
2208 1909 2274 1934 quos
2288 1909 2342 1926 non
2355 1899 2425 1928 ideo·

262 1944 376 1978 Philipp.
397 1951 425 1975 3,
445 1944 485 1975 36.
555 1940 699 1968 Hortensio
726 1939 858 1966 memoria
878 1939 931 1964 fuit
955 1943 1041 1970 tanta,
1067 1943 1112 1969 vt,
1133 1945 1200 1971 quae
1222 1937 1309 1962 secum
1375 1937 1486 1968 excuso,
1507 1935 1570 1970 quia
1588 1944 1643 1961 non
1664 1934 1792 1970 probem,
1814 1934 1857 1960 sed
1877 1941 1905 1960 vt
1924 1936 2007 1969 magis
2020 1935 2068 1962 sint
2084 1936 2262 1963 admirabiles.
2314 1936 2346 1962 In
2365 1935 2419 1962 hoc

264 1984 455 2006 commentatus
475 1978 549 2010 esset,
576 1986 607 2004 ea
626 1975 678 2003 sine
697 1976 795 2010 scripto
813 1974 903 2001 verbis
926 1973 1025 2000 eisdem
1052 1973 1189 2004 redderet,
1212 1971 1310 2006 quibus
1375 1981 1471 2007 genere
1485 1972 1591 2006 prorsus
1611 1971 1713 2006 recipio
1730 1970 1795 1996 hanc
1815 1969 1926 1997 breuem
1945 1971 2158 2002 annotationem,
2175 1971 2350 2006 libellosque,
2367 1971 2418 2005 qui

263 2015 394 2048 cogitasset
405 2013 443 2040 Id.
453 2013 484 2039 de
492 2013 723 2042 Clar.Orat›c.88.
795 2011 883 2038 Plures
891 2010 946 2036 dies
961 2010 989 2035 in
997 2008 1241 2036 villacommentari
1252 2007 1307 2034 Cic.
1374 2009 1418 2035 vel
1432 2017 1512 2034 manu
1528 2012 1682 2039 teneantur,
1704 2012 1729 2032 et
1748 2006 1780 2034 ad
1794 2015 1858 2041 quas
1873 2006 1982 2032 interim
2001 2006 2130 2040 respicere
2143 2007 2182 2032 fas
2198 2006 2235 2032 sit.
2307 2006 2363 2033 Cic.
2383 2005 2423 2033 ad·

263 2051 335 2077 Fam.
350 2057 394 2081 12,
413 2057 437 2074 2.
510 2047 714 2074 Commentandi
732 2048 806 2073 causa
826 2052 905 2081 atque
923 2046 994 2072 inter
1012 2046 1037 2071 se
1055 2044 1228 2078 colloquendi
1249 2052 1310 2069 con·
1374 2044 1469 2071 O&au.
1490 2044 1623 2070 Antonius
1641 2043 1686 2069 vir
1699 2042 1784 2068 animi
1802 2041 1929 2074 maximi,
1947 2047 1992 2068 etc.
2023 2041 2157 2076 publicam
2169 2041 2330 2075 dilapidabat
2342 2043 2417 2075 pecii,-

264 2090 406 2121 gregantur
419 2084 448 2110 in
460 2082 560 2117 templo
576 2082 649 2115 Magi
669 2082 707 2107 Id.
721 2081 753 2107 de
767 2081 859 2107 Diuin.
875 2090 895 2113 1,
910 2089 944 2112 90
968 2090 990 2106 c.
1004 2089 1044 2113 41.
1115 2080 1216 2106 Multos
1228 2088 1310 2105 annos
1328 2083 1357 2110 5⁵
1374 2081 1462 2112 niam,
1482 2079 1614 2106 aerarium
1628 2077 1818 2110 exhauriebat,
1836 2077 1973 2104 minuebat
1987 2076 2145 2112 vectigalia,
2162 2076 2276 2103 donabat
2288 2076 2393 2103 ciuita·-

263 2121 364 2156 aliquid
376 2118 550 2146 commentari
563 2118 618 2144 Cic.
627 2118 731 2151 Fam.7‚
745 2125 763 2142 1.
816 2117 888 2141 Inter
901 2116 927 2141 se
943 2115 1127 2145 commentari,
1140 2123 1192 2148 qua
1205 2114 1310 2139 ratione
1373 2123 1405 2140 ex
1419 2115 1611 2140 commentario
1630 2114 1789 2149 (Caesarir)
1803 2113 1962 2140 dictaturam
1976 2112 2100 2147 gerebat,
2114 2112 2184 2147 leges
2196 2111 2359 2147 imponebat,
2379 2137 2387 2142 „
2426 2112 2435 2144 1

263 2155 454 2185 traducendum
468 2155 497 2180 sit
510 2154 547 2180 cis
562 2160 664 2187 tempus
678 2152 715 2178 Id.
731 2152 802 2178 Fam.
817 2159 843 2184 4,
858 2152 883 2176 6.
957 2149 995 2176 Id.
1015 2149 1046 2175 de
1061 2149 1135 2175 Orat.
1150 2157 1179 2180 3,
1192 2150 1225 2177 86
1245 2157 1266 2174 c.
1281 2156 1308 2179 23
1372 2148 1498 2175 Inuenire
1513 2149 1615 2182 aliquid
1628 2149 1656 2174 in
1670 2149 1870 2175 commentariis
1883 2149 1999 2184 antiquis
2012 2148 2091 2176 Id.de
2098 2148 2303 2183 Clar.0rat.72.

2358 2155 2378 2170 h*
2415 2155 2418 2165 l

263 2191 389 2227 Magister
409 2191 451 2216 hic
465 2189 620 2216 Samnitium
639 2189 739 2214 summa
760 2188 813 2212 iam
832 2185 966 2212 seneoute
982 2184 1034 2217 est,
1053 2190 1078 2210 et
1097 2183 1220 2218 quotidie
1239 2192 1311 2209 com-
1374 2183 1578 2210 commentarios
1592 2183 1775 2210 Aristotelicos
1793 2184 1833 2210 Id.
1848 2184 1880 2211 de
1893 2185 1982 2212 Finib.
1995 2193 2026 2218 3,
2043 2193 2079 2212 10.
2169 2183 2363 2218 Qiaerere‘al‘·
2433 2194 2435 2215 ¹,

266 2232 412 2259 mentatur,
433 2226 462 2251 dc
475 2224 627 2252 Gladiatore.
698 2221 829 2256 Qiinffil.
845 2230 878 2253 11,
892 2230 916 2253 3,
929 2223 975 2246 160
994 2219 1097 2247 Crebro
1113 2218 1260 2253 digitorum
1275 2219 1310 2245 la·
1375 2229 1407 2246 ex
1420 2219 1619 2246 commentariis
1633 2219 1689 2246 Cic.
1699 2228 1748 2254 pro
1755 2219 1870 2253 Sull.45.
1925 2221 2047 2247 Recitare
2061 2221 2282 2247 commentarium
2295 2219 2333 2246 Id.
2434 2240 2435 2243 ,

263 2264 428 2297 biorumque
441 2267 516 2287 motu
530 2258 712 2286 commentari.
774 2257 843 2283 Cum
856 2257 948 2290 aliquo
964 2255 1087 2295 quotidie
1100 2254 1311 2281 declamitantem
1321 2262 1356 2287 60
1375 2264 1399 2289 5,
1413 2263 1450 2288 53.
1506 2255 1567 2282 Liu.
1581 2264 1601 2287 1,
1615 2264 1645 2288 32.
1665 2255 1764 2282 Omnia
1777 2264 1807 2282 ea
1819 2264 1851 2282 ex
1864 2257 2060 2283 commentariis
2074 2256 2144 2290 regis
2157 2258 2251 2283 Numae
2267 2255 2353 2291 pont'

265 2297 440 2327 commentari
459 2297 516 2323 Cic.
533 2295 564 2322 de
577 2295 646 2321 Clar.
661 2294 734 2320 Orat.
744 2301 797 2325 310.
871 2292 940 2318 Cum
952 2291 1035 2317 seruis
1052 2290 1174 2330 literatis,
1187 2289 1313 2316 omnibus
1375 2292 1522 2318 maximum
1529 2292 1557 2317 in
1564 2290 1653 2318 album
1666 2292 1749 2318 relata
1761 2300 1911 2327 proponere
1924 2292 1953 2319 in
1965 2291 2074 2328 publico
2088 2291 2173 2320 iubet.
2233 2292 2366 2319 Traiani

266 2334 392 2366 exclusis,
414 2332 590 2360 commentari
608 2330 645 2357 Id.
660 2329 691 2355 de
704 2329 774 2356 Clar.
785 2328 859 2354 Orat.
873 2333 914 2362 87.
942 2362 947 2367 .
971 2328 1002 2353 Et
1016 2325 1130 2366 Philipp.
1145 2334 1180 2356 12,
1194 2333 1218 2357 13
1238 2326 1312 2365 Qto-
1378 2327 1444 2353 Plin.
1473 2328 1518 2362 Ep.
1547 2336 1592 2360 10,
1626 2330 1673 2354 106
1711 2328 1812 2355 Dedisse
1843 2337 1886 2355 me
1918 2328 1960 2355 ius
1993 2328 2074 2355 trium
2110 2328 2260 2355 liberorum
2292 2328 2341 2354 Sue
2354 2331 2357 2335 '
2377 2345 2379 2347 >
2418 2343 2419 2350 η

265 2380 327 2399 rum
345 2370 412 2396 alter
433 2373 623 2394 commentatus
637 2365 672 2392 est
691 2365 808 2396 Mimos,
828 2363 894 2390 alter
908 2368 962 2397 egit
980 2361 1173 2402 Tragoediam.
1196 2396 1200 2401 ⁵
1254 2362 1312 2386 Cic.
1378 2363 1545 2398 Trmquino
1566 2372 1596 2390 ea
1622 2363 1795 2396 conditione,
1841 2373 1893 2399 qua
1923 2364 2034 2396 assumi.
2069 2364 2168 2391 referri
2199 2364 2228 2390 in
2261 2372 2357 2394 comm
2370 2381 2381 2395 ἢ.

265 2407 297 2434 de
310 2406 380 2433 Clar.
395 2405 469 2432 Orat.
485 2410 516 2439 87
534 2404 625 2437 Qium
638 2402 697 2428 esset
712 2401 737 2427 ei
750 2399 1022 2433 nuntiatum,terupus
1037 2398 1180 2430 ess'e,ex1fle
1194 2405 1222 2422 1n
1237 2396 1312 2422 aedes
1378 2397 1434 2424 rios
1465 2407 1538 2425 meos
1570 2399 1635 2426 iuni.
1742 2400 1854 2426 Referre
1890 2408 1970 2426 manu
2010 2400 2055 2426 sua
2111 2400 2141 2426 in
2198 2398 2385 2426 commentari

264 2452 298 2470 eo
313 2442 418 2472 colore,
435 2446 461 2467 ct
475 2440 507 2466 iis
521 2438 622 2471 oculis,
641 2443 670 2464 vt
683 2437 759 2471 egisse
772 2436 890 2468 causam,
909 2443 966 2461 non
979 2438 1187 2473 commentatum
1199 2430 1359 2472 putate5‚{65
1377 2433 1476 2469 aliquid
1521 2434 1578 2460 Cic.
1619 2436 1671 2461 Λα.
1696 2442 1728 2469 7,
1765 2443 1787 2467 3.
1857 2435 1968 2461 Referre
2006 2435 2212 2468 disputationem
2233 2460 2236 2464 ,
2250 2436 2357 2461 alicuius

264 2479 289 2506 h.
304 2488 323 2505 ε.
344 2481 369 2504 in
379 2476 476 2512 publico
490 2474 582 2509 oraffi’‚
601 2483 650 2499 mm
664 2472 729 2499 domi
743 2472 896 2499 meditatum.
969 2470 1128 2497 Orationem
1146 2477 1176 2494 in
1193 2468 1312 2503 aliquem
1378 2469 1600 2496 commentarium
1612 2469 1651 2495 Id.
1664 2470 1746 2496 Tusc.
1759 2479 1782 2502 3,
1796 2477 1837 2505 54.
1909 2470 2072 2497 Modestinus
2086 2470 2116 2496 in
2127 2470 2144 2496 l.
2160 2469 2243 2496 abeffe
2263 2470 2295 2496 D.
2313 2478 2346 2496 ex
2366 2482 2371 2492 ·

267 2513 442 2541 commentari
456 2511 495 2538 Id.
510 2520 559 2546 pro
574 2510 649 2536 Rose.
665 2509 754 2535 Amer.
771 2513 810 2538 82·
882 2507 949 2533 Plin.
966 2511 1007 2538 18,
1022 2513 1052 2538 25
1079 2505 1155 2539 Ideo
1169 2504 1226 2539 ipso
1240 2513 1312 2531 anno
1377 2505 1425 2531 bus
1445 2505 1524 2532 causis
1544 2505 1676 2536 maiores,
1696 2504 1786 2531 Abesse
1804 2505 1975 2539 Reipublicae
1996 2506 2069 2532 causa
2085 2505 2199 2537 dicitur,
2219 2510 2245 2531 et
2265 2505 2304 2537 is,
2323 2501 2407 2539 quill
2426 2502 2427 2509 ¹

266 2558 349 2585 quum
362 2555 602 2574 commentaremur
614 2545 695 2577 haec,
714 2550 835 2570 notatum
854 2543 905 2573 est,
924 2547 1084 2577 prouentum
1103 2549 1196 2568 eorum
1215 2546 1255 2567 ter
1273 2549 1313 2567 re·
1377 2540 1444 2567 vrbe
1464 2540 1598 2576 profeeius
1613 2540 1666 2573 est,
1685 2547 1731 2566 etc.
1761 2541 1874 2575 pertinet
1893 2547 1918 2568 et
1940 2542 1972 2568 ad
1986 2541 2129 2568 Tribunos
2149 2541 2284 2573 militum,
2297 2545 2326 2574 >et
2345 2548 2392 2574 pra

265 2585 350 2621 petito
364 2584 467 2618 frigore
486 2582 639 2609 extinctum.
712 2582 796 2607 Θέσεις
808 2588 878 2606 meas
887 2577 1062 2605 commentari
1081 2586 1135 2603 non
1148 2576 1237 2603 desino
1256 2576 1312 2604 Cic.
1377 2576 1478 2610 fedius,
1494 2582 1519 2603 et
1539 2576 1649 2603 comites
1663 2576 1840 2611 Legatorum,
1859 2576 1907 2611 qui
1920 2577 1951 2603 ad
1969 2577 2102 2603 aerarium
2120 2576 2217 2609 delati,
2237 2582 2283 2603 aut
2301 2575 2330 2601 in
2347 2584 2388 2601 cor

268 2623 323 2649 Att.
345 2629 376 2653 9,
398 2628 429 2646 11.
615 2614 635 2653 ἦ
655 2625 671 2643 2
707 2618 788 2643 Etiam
801 2614 911 2641 affluam
925 2615 1084 2641 commento
1098 2611 1131 2646 est
1145 2612 1226 2639 Plaut.
1240 2613 1313 2639 Men.
1322 2617 1358 2645 70
1377 2613 1537 2640 mentarium
1552 2612 1679 2647 principis
1692 2612 1769 2638 relati
1782 2613 1851 2639 sunt.
1906 2612 1993 2649 Sensus
2006 2610 2054 2645 qli,
2078 2612 2218 2643 Tribunos,
2230 2608 2391 2647 Praefeflosq

266 2665 291 2691 ς,
304 2664 330 2691 7,
343 2664 375 2688 30
394 2654 437 2682 ubi
448 2652 488 2688 stc
503 2662 556 2678 cum
571 2654 671 2687 optimis
684 2653 790 2678 Gronou.
827 2651 917 2677 Nimis
933 2655 1020 2677 autem
1032 2649 1102 2683 ¹bene
1119 2658 1167 2676 ora
1179 2657 1313 2676 commen-⁸
1377 2650 1501 2681 militum,
1521 2657 1648 2684 eorumque
1661 2651 1766 2674 omnium
1778 2651 1895 2680 comites,
1913 2657 1961 2675 non
1976 2649 2050 2674 aliter
2063 2647 2175 2683 Reipubl.
2190 2646 2264 2683 causa
2277 2645 2350 2680 abqffiz
2365 2640 2417 2676 cui?
2432 2659 2443 2675 ¹,

267 2693 341 2724 ‘alli’
360 2694 379 2717 ι’·
391 2692 478 2726 Plagis
487 2687 623 2724 stigmam,
644 2693 668 2713 8²
688 2689 755 2713 velut
772 2685 913 2722 conscripst.
1371 2684 1443 2720 Ji’ri,
1463 2693 1535 2720 quam
1540 2683 1566 2718 fi
1586 2687 1613 2710 in
1626 2681 1685 2710 asta
1698 2686 1810 2716 aerarii,
1830 2693 1890 2719 quae
1901 2684 2000 2720 publica
2007 2683 2086 2720 sum,
2102 2689 2146 2710 aut
2160 2686 2291 2719 priuatum
2305 2691 2354 2709 com
2438 2682 2452 2695 ·'

301 2735 319 2755 c
328 2734 348 2754 ο
357 2734 381 2753 M
390 2734 414 2753 Μ
425 2733 441 2752 15
453 2732 473 2751 N
484 2732 506 2751 Τ
514 2732 535 2750 A
545 2730 566 2750 T
576 2730 596 2748 V
605 2730 628 2755 S,
636 2732 660 2754 a,
668 2731 722 2748 um.
732 2724 796 2749 Part.
806 2723 863 2756 pass.
880 2723 891 2754 [
898 2721 1115 2755 μεμελετημέναι]
1128 2720 1228 2755 QCic.
1237 2721 1310 2747 Fam.
1376 2723 1470 2747 tarium
1478 2722 1609 2755 principis
1622 2722 1722 2746 nomina
1734 2718 1832 2746 illorum
1847 2720 1927 2747 relata
1932 2719 1996 2754 fint.
2033 2719 2165 2754 Regerere
2183 2718 2287 2754 aliquid
2307 2718 2337 2745 in
2348 2710 2418 2745 11ώέ
2424 2716 2454 2753 'if'

267 2766 307 2797 16,
316 2765 346 2789 26
367 2763 443 2798 Isque
458 2760 515 2792 diu,
529 2765 555 2786 et
566 2758 657 2785 multis
671 2757 901 2785 lucubrationibus
915 2763 1092 2784 commentata
1104 2757 1236 2789 oratione,
1250 2757 1313 2784 vide
1377 2756 1522 2783 mentatios
1536 2755 1668 2790 Qinffil.
1681 2764 1707 2789 2,
1720 2763 1759 2787 11,
1772 2762 1798 2790 7.
1871 2755 1972 2782 Rerum
1991 2755 2098 2781 suarum
2117 2754 2322 2782 commentarios
2337 2746 2413 2784 idjfi-
2425 2759 2431 2778 1
2450 2767 2454 2770 »

266 2806 296 2826 vt
310 2798 423 2834 probare
437 2796 520 2832 poffit,
529 2803 554 2822 te
573 2803 628 2821 non
646 2795 764 2829 peccasse.
836 2793 874 2820 Id.
888 2795 916 2820 in
930 2794 1004 2820 Brut.
1019 2802 1061 2826 301
1083 2803 1104 2818 c.
1120 2798 1148 2823 88
1179 2794 1214 2819 Vt
1227 2793 1271 2819 sua
1287 2798 1312 2818 et
1327 2797 1359 2827 75
1377 2801 1460 2827 quere
1472 2792 1579 2818 Sueton.
1593 2792 1666 2818 Caes.
1680 2792 1720 2824 56.
1791 2791 1920 2825 Reperire
1933 2790 2035 2826 aliquid
2053 2791 2082 2817 in
2096 2790 2294 2817 commentariis
2308 2787 2412 2817 assat&

266 2840 459 2865 commentata,
479 2837 503 2858 et
524 2831 635 2865 scripta,
656 2835 681 2856 et
689 2829 763 2857 nullo
777 2829 909 2856 referente
917 2829 1008 2857 omnia
1019 2829 1232 2856 aduersariorum
1241 2827 1312 2855 dieta
1377 2828 1435 2855 Cic.
1446 2827 1560 2862 Philipp.
1576 2836 1596 2860 1,
1610 2836 1631 2854 2.
1702 2826 1800 2861 Turpe
1818 2827 1866 2853 esse
1886 2827 1942 2853 seni
1959 2836 1990 2854 ex
2010 2827 2202 2853 commentario
2215 2826 2324 2861 Sapere,
2349 2842 2360 2846 —

267 2870 441 2902 meminisset,
466 2871 484 2894 i.
499 2869 619 2904 cogitata.
1322 2884 1326 2896 .
1363 2864 1474 2891 ’τίεηῐίε
1485 2864 1556 2890 enim
1574 2863 1658 2890 multa
1671 2862 1747 2889 docet
1760 2862 1817 2888 Sen.
1831 2863 1877 2897 Ep.
1891 2871 1926 2896 33.
1999 2862 2063 2888 Plin.
2078 2862 2157 2896 Epist.
2172 2870 2199 2897 7,
2217 2867 2242 2892 18
2268 2862 2337 2896 Qa
2362 2865 2376 2880 -'
2400 2864 2409 2888 ξ
2430 2866 2434 2886 Ι

305 2912 350 2933 co
360 2913 385 2932 M
395 2913 420 2932 M
430 2909 568 2931 ENTAT
578 2909 632 2934 10,
653 2900 720 2928 anis.
760 2900 780 2928 f.
816 2901 947 2934 [mua-n,
962 2898 1140 2936 πραγμαᾶ-είοι]
1176 2899 1313 2927 Meditatio
1377 2899 1518 2926 minaciter
1529 2899 1614 2926 Metio
1627 2899 1715 2931 Caro,
1735 2898 1777 2925 An
1795 2899 1906 2932 rogasset
1919 2900 1928 2925 3
1952 2897 2103 2933 respondit,
2123 2898 2236 2933 Rogaui.
2293 2898 2335 2923 An
2362 2901 2368 2918 2
2414 2911 2415 2914 =
2430 2889 2433 2899 ⁸

267 2949 340 2979 atque
353 2943 507 2968 exercitatio.
547 2938 613 2965 Plin.
629 2943 663 2969 18,
677 2944 708 2970 25
730 2937 761 2963 Et
774 2937 907 2971 Sosigenes
921 2936 975 2971 ipse
988 2937 1065 2963 trinis
1081 2935 1312 2963 commentationi·
1377 2935 1521 2962 mentarios
1534 2933 1666 2969 scripturo
1680 2933 1806 2960 dedisset?
1830 2934 1907 2961 Dedi.
1978 2933 2097 2961 Scribere
2110 2933 2315 2960 commentarios
2348 2947 2375 2960 υ,
2394 2963 2395 2966 ¹

267 2978 317 3005 bus
330 2987 385 3004 non
397 2975 501 3003 cessauit
515 2973 669 3000 addubitare
685 2973 738 3008 ipse
753 2973 833 2999 semet
848 2971 1016 3006 corrigendo.
1078 2972 1134 2999 Cic.
1147 2972 1229 2998 Tusc.
1244 2980 1266 3004 3,
1281 2980 1313 3005 34
1326 2977 1359 3003 80
1376 2973 1481 2998 suarum
1495 2970 1591 2997 Cic.de
1603 2969 1815 2998 Cla1·.0rat.261.
1886 2969 1925 2996 Id.
1939 2978 1988 3004 pro
1997 2969 2067 2996 Sulla
2079 2977 2112 3003 45
2130 2971 2192 2996 c.16
2211 2969 2375 2996 Tamnera'n:
2400 2971 2408 2973 ”

269 3013 348 3041 Nihil
368 3012 404 3039 est
418 3011 503 3042 enim,
521 3009 593 3045 quod
608 3015 662 3036 tam
682 3008 812 3036 obtundat
830 3009 967 3043 eleuetque
987 3008 1198 3041 aegritudinem,
1218 3016 1312 3042 quam,
1377 3016 1464 3039 eram,
1484 3012 1513 3033 vt
1533 3015 1592 3032 cum
1606 3006 1699 3032 literae
1716 3004 1876 3041 posteritatis
1894 3006 1968 3032 causa
1988 3010 2108 3040 repertae
2130 3005 2194 3038 sint,
2215 3013 2283 3040 quae
2302 3003 2383 3036 rub
2420 3011 2424 3030 t

269 3055 316 3076 etc.
341 3048 480 3075 meditatio
499 3045 660 3072 conditionis
681 3044 828 3077 humanae,
849 3053 928 3079 quam
946 3043 1017 3070 vitae
1037 3043 1092 3073 lex,
1111 3043 1312 3069 commentatio·
1376 3042 1514 3070 obliuioni
1528 3043 1576 3068 esse
1590 3043 1705 3077 posl‘ent3
1730 3039 1780 3076 ego
1793 3047 1925 3067 recentem
1939 3046 2059 3076 putarem
2073 3041 2231 3068 memoriam
2243 3039 2332 3067 cundii
2360 3037 2380 3061 -Ϊ
2429 3039 2431 3042 ”

269 3093 321 3119 que
335 3083 451 3119 parendi.
487 3081 572 3108 Multa
579 3081 802 3108 commentatione
808 3086 886 3116 atque
894 3079 1066 3106 meditatione
1074 3085 1177 3113 paratos
1183 3084 1262 3113 atque
1270 3087 1313 3105 ex·
1376 3084 1417 3106 tus
1431 3078 1624 3105 commentario
1637 3084 1698 3104 meo
1709 3078 1778 3111 posse
1790 3077 1908 3110 superari
1919 3078 1929 3104 3
1990 3077 2116 3112 Tangere
2129 3077 2218 3103 locum
2230 3073 2346 3111 aliquem
2361 3100 2381 3107 .,

270 3119 454 3155 peditoslocos
462 3117 559 3145 habere
568 3116 646 3143 Id.de
653 3117 806 3149 Orat.2‚118.
822 3118 853 3143 Et
862 3115 1041 3148 deOrat.1,150
1061 3114 1278 3141 Namsisubitam
1286 3121 1312 3141 et
1376 3115 1449 3142 viter
1463 3114 1492 3140 in
1505 3112 1704 3140 commentariis
1716 3112 1773 3139 Cic.
1781 3112 1835 3139 Off.
1849 3121 1869 3145 3,
1883 3117 1905 3143 8.
1952 3113 2076 3140 'Voluere
2089 3112 2294 3140 commentarios
2306 3110 2341 3139 ali
2372 3120 2381 3138 st
2410 3124 2422 3133 .‹

268 3155 410 3183 fortuitam
424 3154 575 3181 orationem
588 3153 777 3179 commentatio
789 3157 816 3179 et
828 3151 957 3187 cogitatio
970 3150 1046 3178 facile
1057 3149 1152 3182 vincit,
1158 3150 1313 3184 hancipsam
1330 3157 1359 3186 85
1377 3151 1438 3177 Liu.
1452 3159 1473 3182 1,
1487 3158 1521 3182 31.
1590 3148 1630 3176 Id.
1646 3157 1687 3182 39,
1699 3156 1737 3183 47
1756 3149 1857 3182 Qiaeri
1870 3147 1938 3175 iussit
1951 3148 1984 3175 ab
1993 3157 2034 3180 eo,
2041 3144 2151 3184 ecquem
2165 3148 2197 3175 de
2210 3148 2243 3174 iis
2255 3146 2367 3175 rebus'w

271 3189 394 3226 profecto
403 3189 495 3217 assidua
503 3197 530 3216 ac
538 3188 649 3223 diligens
659 3188 786 3223 scriptura
795 3187 936 3222 superabit.
971 3186 1114 3214 Causarum
1123 3186 1312 3213 commentatio
1375 3192 1416 3213 tre
1435 3185 1657 3213 commentarium
1676 3184 1809 3219 accepisset
1824 3185 1833 3210 Ξ
1910 3185 1948 3211 Ex
1966 3185 2102 3212 annalium
2118 3183 2314 3216 monumentis,
2336 3190 2379 3208 an.

271 3226 328 3254 Cic.
341 3226 413 3252 Fam.
427 3234 453 3258 9,
468 3234 510 3251 20.
581 3224 620 3251 Id.
635 3224 717 3251 Ture.
733 3233 753 3256 1,
768 3232 805 3259 74
824 3224 900 3251 Tota
915 3223 988 3250 enim
1002 3220 1222 3257 philosophorum
1240 3222 1311 3254 vita,
1376 3231 1409 3249 ex
1421 3230 1514 3256 regum
1528 3220 1725 3247 commentariis
1738 3219 1896 3254 conquirere
1909 3219 2013 3255 aliquid
2026 3220 2083 3248 Cic.
2097 3228 2146 3255 pro
2153 3218 2246 3246 Rabir.
2256 3217 2352 3254 perdite
2361 3215 2380 3250 “Ty
2409 3243 2411 3245 ,

270 3267 300 3289 vt
312 3261 350 3289 ait
363 3260 451 3292 idem,
471 3260 660 3287 commentatio
678 3260 773 3287 mortis
787 3259 838 3291 est,
855 3260 951 3292 μελέτη
965 3257 1031 3294 apud
1043 3258 1184 3289 Platonem,
1209 3259 1226 3282 i.
1245 3267 1312 3283 excr—
1376 3257 1443 3284 Gell.
1454 3266 1476 3290 2,
1491 3259 1509 3283 6
1528 3255 1712 3288 Grammatici,
1728 3255 1776 3291 qui
1790 3256 1987 3283 commentaria
2002 3256 2031 3283 in
2043 3255 2190 3291 Virgilium
2205 3254 2344 3290 composite
2375 3278 2378 3279 .

269 3300 359 3324 citatio
373 3303 397 3323 ee
409 3298 568 3329 comparatio.
639 3295 740 3322 Inclusa
760 3295 950 3322 commentatio
968 3294 997 3320 in
1015 3292 1135 3320 veritatis
1154 3292 1238 3318 lucem
1252 3302 1310 3327 pro·
1375 3295 1408 3320 Et
1421 3302 1460 3326 14,
1474 3301 1486 3324 3
1507 3291 1649 3318 Dictorum
1667 3297 1745 3326 atque
1763 3290 1898 3318 fastorum
1913 3291 2026 3318 Socratis
2045 3291 2249 3318 commentarios
2269 3298 2339 3317 com
2351 3297 2379 3324 w,
2412 3267 2424 3319 i

269 3333 378 3361 ferenda
389 3331 429 3358 est
439 3330 533 3357 Cic.de
547 3332 621 3358 Orat.
636 3340 656 3363 1,
672 3339 724 3366 157.
793 3331 859 3358 Plin.
874 3333 899 3363 6,
918 3339 947 3365 17
970 3330 1064 3356 Seneca
1076 3328 1157 3355 etiam
1172 3328 1240 3362 apud
1253 3338 1310 3360 nos,
1319 3337 1356 3360 90
1374 3327 1538 3363 Xenophon,
1557 3330 1576 3354 i.
1590 3326 1851 3360 Ἀπομνημονεύματα.
1907 3327 2038 3354 Antonius
2049 3327 2098 3363 sub
2108 3327 2165 3354 Cic.
2173 3327 2227 3353 Att.
2236 3335 2276 3361 14,
2285 3333 2315 3359 14
2339 3329 2380 3357 Μ’,

269 3374 369 3396 tentata
381 3367 473 3394 Indiae
495 3367 735 3399 commentatione,
755 3367 887 3402 sexaginta
904 3375 992 3392 amnes
1010 3365 1068 3391 eius
1087 3363 1222 3399 prodidit,
1241 3367 1258 3390 ι’,
1274 3365 1311 3390 <li—
1376 3365 1394 3391 si
1409 3364 1546 3391 duriorem
1558 3369 1584 3390 te
1597 3363 1653 3390 eius
1661 3362 1772 3390 miserae
1783 3361 1928 3389 etafflioae
1935 3363 2058 3390 fortunae
2070 3361 2186 3398 praebes,
2194 3371 2248 3389 non
2261 3365 2337 3389 cont
2358 3372 2383 3394 ¹„

262 3405 407 3441 spatarione
420 3402 449 3429 de
462 3401 544 3429 India.
617 3402 654 3428 Id.
668 3403 735 3429 Plin.
748 3407 785 3433 28,
799 3411 814 3429 2
835 3403 854 3429 s.
866 3410 879 3435 5
898 3401 985 3429 Seruii
999 3400 1110 3435 Sulpicii
1121 3400 1310 3427 commentatio
1375 3409 1425 3435 ego
1438 3399 1562 3426 aduersus
1574 3404 1614 3426 te:
1641 3406 1791 3434 quanquam
1805 3397 1900 3425 videor
1917 3397 2014 3425 debere
2031 3399 2102 3426 tueri
2120 3397 2380 3431 commentarium-t-

268 3440 321 3473 est,
342 3437 517 3475 quamobrem
530 3437 617 3463 mensa
631 3437 774 3472 linquenda
787 3447 842 3465 non
854 3437 884 3464 sit
893 3457 901 3470 ‚
920 3440 939 3464 i.
953 3436 1098 3472 disputatio.
1168 3435 1311 3462 Accuratae
1375 3436 1455 3468 saris,
1474 3437 1492 3461 i.
1505 3444 1565 3471 quae
1580 3434 1621 3462 ille
1632 3433 1728 3471 agenda
1735 3433 2001 3470 fiaisitxiunxerat,vel
2011 3433 2170 3461 infantium
2183 3440 2252 3467 erat,
2272 3429 2329 3459 com¹
2357 3435 2371 3464 ς

270 3482 296 3502 et
307 3474 449 3502 meditatae
463 3472 697 3500 commentationes
712 3473 768 3500 Cic.
784 3473 815 3501 de
828 3474 903 3501 Orat.
918 3481 937 3504 1,
952 3480 1001 3506 257
1017 3481 1039 3499 c.
1054 3474 1097 3498 60.
1168 3471 1311 3504 Qiotidia-
1373 3468 1494 3506 riis-*post
1511 3476 1613 3497 mortem
1631 3472 1747 3505 repertis.
1819 3469 1841 3495 A
1855 3470 2077 3503 Commentariis,
2098 3467 2174 3504 officii
2193 3470 2311 3496 Palatini.

268 3512 310 3538 nis
330 3507 616 3537 conmmentationibus
635 3509 686 3534 sese
706 3518 828 3536 exercere
848 3509 886 3536 Id.
908 3508 940 3535 de
959 3508 1029 3535 Clar.
1051 3508 1125 3535 Orat.
1146 3514 1207 3540 249.
1279 3508 1310 3533 In
1325 3514 1358 3541 95
1375 3508 1453 3534 Grut.
1473 3515 1498 3540 p.
1517 3511 1564 3538 89,
1585 3514 1601 3539 9
1633 3504 1775 3535 FELICI
1803 3505 1894 3532 AVG.
1925 3506 2001 3532 LIB.
2031 3506 2054 3533 A
2082 3503 2318 3532 COMMENT.
2340 3515 2341 3518 ¹

269 3544 505 3573 exercitationibus
521 3549 547 3570 et
563 3544 831 3571 commentationibus
844 3545 959 3572 multum
973 3552 1069 3578 operae
1088 3550 1186 3578 ponere
1207 3542 1264 3568 Cic.
1277 3542 1309 3569 de
1374 3545 1392 3569 i.
1407 3551 1421 3569 a
1435 3540 1640 3569 Commentariis
1653 3539 1792 3567 vicesimae
1803 3539 1990 3568 hereditatum.
2027 3539 2094 3573 Add.
2116 3548 2141 3574 p.
2155 3547 2212 3572 590,
2225 3548 2251 3573 9.
2281 3544 2305 3566 et
2405 3558 2407 3562 ⁴

270 3582 342 3612 Clar.
356 3583 430 3609 Orat.
445 3588 495 3614 105.
568 3580 599 3605 In
611 3578 698 3606 lustris
717 3586 744 3606 et
762 3581 791 3606 in
809 3581 874 3607 vino
890 3579 1080 3607 commentatio
1099 3577 1137 3605 Id.
1151 3578 1222 3605 Fam.
1238 3585 1272 3610 12,
1286 3586 1310 3604 2.
1374 3579 1416 3606 Sic
1429 3586 1445 3604 a
1457 3576 1662 3604 Commentariis
1675 3574 1867 3602 beneficiorum
1886 3585 1912 3612 p·
1925 3584 1985 3612 3772
1999 3585 2019 3604 1.
2054 3574 2100 3596 -“-
2133 3575 2271 3609 Equorum
2283 3583 2309 3609 p.
2320 3575 2357 3607 ς’
2406 3571 2408 3596 'v

2414 3334 2425 3385 s

2420 3401 2430 3426 t

272 3617 341 3643 Geli.
362 3617 444 3652 praef.
464 3625 489 3651 p.
502 3624 516 3648 3
534 3614 562 3641 de
576 3621 644 3650 opere
649 3614 714 3650 suo,
739 3615 788 3641 Sed
809 3616 937 3650 quoniam
956 3614 1110 3650 longinquis
1144 3628 1190 3634 —
1224 3612 1310 3640 noeti·
1409 3627 1455 3634 —-
1491 3612 1646 3639 Prouinciae
1661 3611 1781 3646 Belgicae
1800 3621 1825 3647 p.
1840 3620 1905 3646 1111,
1920 3620 1952 3639 11.
1987 3626 2032 3633 -—-
2065 3609 2257 3638 vehiculorum
2276 3618 2305 3645 p.
2335 3622 2341 3630 .

272 3651 322 3679 bus
357 3667 403 3672 —
437 3650 673 3682 commentationes
687 3649 760 3676 hasce
772 3650 863 3677 ludere
876 3660 905 3677 ac
916 3652 1003 3678 facere
1015 3649 1099 3677 exorsi
1111 3649 1206 3676 sumus.
1410 3663 1456 3669 —
1491 3647 1560 3674 Fisci
1573 3647 1679 3674 Asiatici
1692 3647 1795 3675 Reiner.
1810 3655 1838 3680 9,
1849 3656 1885 3680 31.
1921 3648 1976 3674 Hos
1986 3643 2071 3680 nqllra
2081 3652 2150 3672 aetas
2164 3646 2343 3679 Secretarios‚1=

311 3693 329 3714 c
341 3692 360 3713 ο
370 3694 394 3714 Μ
402 3695 426 3714 M
435 3695 452 3714 r,
462 3694 512 3714 NT
521 3688 544 3713 Ᾱ
552 3694 574 3713 T
584 3692 603 3713 ο
613 3693 631 3713 R
640 3705 649 3718 ‚
670 3685 733 3712 oris.
760 3694 796 3712 m.
832 3687 960 3713 lamentor.
997 3685 1163 3722 April.Apol.
1176 3693 1201 3720 p.
1214 3692 1267 3717 321,
1280 3687 1310 3717 36
1319 3684 1430 3716 roobas,
1447 3682 1601 3716 Attuarios,
1618 3691 1663 3710 etc.
1690 3689 1772 3709 vocat.
2030 3695 2032 3698 >
2205 3703 2209 3706 .

273 3723 402 3751 Omnium
416 3723 543 3750 falsorum
556 3726 758 3749 commentator.
1411 3725 1455 3747 co
1464 3726 1489 3746 M
1499 3725 1525 3745 M
1535 3725 1552 3745 Ε
1561 3726 1584 3745 Ν
1592 3725 1614 3745 Τ
1623 3725 1645 3746 Α
1654 3725 1673 3745 R
1682 3726 1690 3746 1
1700 3717 1720 3746 ὅ
1728 3725 1745 3745 L
1753 3725 1774 3744 v
1782 3723 1809 3743 M
1819 3737 1828 3750 ,
1852 3717 1871 3744 i.
1906 3726 1932 3744 n.
1967 3715 2069 3743 Dimin.
2106 3716 2119 3750 [
2125 3714 2304 3756 {nofe-munim!

310 3764 328 3785 c
339 3765 358 3785 ο
367 3764 394 3784 Μ
406 3765 430 3784 Μ
439 3765 455 3785 1-:
468 3764 490 3784 N
502 3764 524 3784 'r
533 3764 555 3784 A
564 3765 582 3785 R
592 3765 600 3784 1
610 3764 631 3783 v
639 3764 653 3784 s
661 3777 669 3790 ,
689 3757 706 3783 i.
731 3765 766 3783 m.
802 3757 844 3782 vel
862 3763 879 3783 c
890 3761 910 3782 0
920 3763 944 3782 M
953 3763 977 3783 M
987 3763 1003 3783 13
1011 3763 1033 3784 N
1041 3763 1063 3784 'r
1071 3763 1094 3784 A
1102 3762 1122 3783 R
1129 3762 1168 3783 tv
1178 3761 1205 3782 M
1214 3773 1223 3787 ,
1241 3754 1260 3781 i.
1282 3763 1309 3781 n.
1375 3755 1437 3782 dem
1443 3755 1475 3781 de
1482 3753 1561 3781 rebus
1570 3754 1670 3789 semper
1678 3752 1749 3789 quasi
1759 3751 1856 3779 dietata
1862 3751 2096 3785 decantat-emmae
2103 3759 2117 3778 a
2130 3756 2291 3779 commentar

271 3792 440 3829 [ὕοι-ἄμωμα,
457 3793 686 3827 &naumain-mot]
726 3793 779 3819 Hoc
791 3794 887 3818 nomine
902 3799 1021 3825 vocatur,
1042 3792 1103 3828 quid
1118 3790 1163 3818 uid
1170 3790 1250 3827 fidius
1262 3799 1311 3816 me·
1376 3789 1509 3817 discedere
1524 3790 1580 3816 Cic.
1595 3789 1627 3816 de
1641 3789 1699 3816 Fin.
1711 3797 1731 3822 4
1749 3796 1771 3814 c.
1783 3795 1810 3821 4.
1879 3787 1918 3814 Id.
1930 3785 1998 3813 Phili
2018 3795 2042 3821 p.
2058 3795 2084 3819 1,
2096 3788 2126 3813 16
2146 3787 2189 3814 An
2205 3787 2236 3814 in
2252 3795 2311 3814 com

271 3831 363 3856 moriae
380 3829 453 3864 causa
464 3829 615 3864 scm'bimus,
638 3835 682 3854 aue
693 3827 819 3864 scriptum
839 3827 922 3853 uideri
938 3829 1064 3860 volumus,
1087 3801 1131 3854 ogi
1143 3825 1250 3863 proinde
1267 3835 1311 3852 ars
1374 3826 1452 3852 riolis
1465 3831 1492 3852 et
1505 3824 1689 3860 chirographis
1702 3829 1729 3850 et
1741 3821 1839 3849 libellis
1852 3823 1878 3850 se
1889 3830 1944 3849 vno
1955 3829 1989 3848 au
2017 3830 2065 3848 ore
2079 3822 2203 3857 prolatis,
2215 3830 2244 3848 ac
2256 3830 2289 3849 ne
2301 3828 2349 3857 pro

271 3866 365 3898 omnis,
385 3867 467 3891 omnia
479 3871 622 3892 omamenta
636 3863 724 3901 absunt
736 3873 745 3890 :
764 3862 813 3900 sed
823 3862 852 3890 id
856 3862 938 3900 filum
949 3866 1054 3899 agitur,
1071 3869 1102 3893 vt
1112 3864 1312 3892 commentarium
1322 3870 1365 3897 ¹05
1374 3861 1500 3896 quidem,
1516 3860 1562 3888 scd
1576 3857 1761 3889 tantummodo
1773 3857 1866 3894 diois,
1878 3855 1938 3886 aeta
1949 3857 2066 3887 Caesaris
2077 3857 2154 3890 firma
2165 3858 2265 3888 erunt3
2283 3860 2350 3893 quae
2369 3859 2388 3896 ζ
2399 3888 2410 3896 Ἰ

2336 3943 2337 3946 ,
2350 3916 2405 3949 ...tp
