2474 4182
244 111 326 160 1163
616 103 651 145 C
746 101 784 143 Ο
871 101 916 143 Ν
1723 102 1760 142 C
1846 101 1885 141 O
1963 102 2008 142 N
2305 111 2383 162 ¹164

247 197 331 223 scente
358 196 418 222 Liu.
442 204 487 230 24,
508 201 553 230 47.
624 193 691 221 Cels.
710 200 738 227 7,
750 199 779 224 19
810 191 835 218 Si
850 191 896 218 sub
910 191 951 218 his
971 191 1146 219 inflammatio
1160 199 1214 217 non
1226 198 1288 216 con·
1388 194 1434 216 Co
1444 196 1486 217 Ns
1496 196 1544 218 AC
1555 197 1655 220 ERDO
1665 197 1678 218 S
1691 211 1700 224 ,
1720 191 1783 219 otis.
1809 200 1845 218 m.
1881 190 2027 224 symmach.
2048 192 2094 227 Ep.
2115 201 2154 226 ιο,
2167 201 2212 230 74,
2266 195 2386 231 cypriu-

247 232 396 267 quieuerit‚
413 238 457 258 cte.
513 258 517 263 ‚
531 230 635 257 Literae
649 227 843 262 conquiescent,
861 227 908 254 nisi
923 228 988 262 quid
1001 228 1067 254 noui
1084 226 1212 253 exstiterit
1231 226 1288 252 Cic.
1352 224 1432 260 Epist.
1448 235 1468 257 1,
1484 234 1502 252 1.

247 270 300 294 Att.
317 276 354 299 12,
368 272 395 299 38
409 270 473 301 (39).
528 265 673 299 Nauigatio
687 269 863 289 mercatorum
876 264 1037 298 conquiescit
1068 262 1141 289 Idem
1156 271 1205 296 pro
1219 262 1289 296 Lege
1391 267 1408 287 C
1419 266 1438 287 Ο
1449 267 1470 286 Ν
1480 268 1492 287 3
1503 268 1549 287 A1.
1560 267 1579 287 Λ
1590 268 1705 295 NEvs,
1726 263 1744 290 i.
1764 271 1801 289 m.
1838 260 1913 297 Qmfi
1932 262 2010 288 codem
2023 262 2078 298 fide
2089 262 2220 291 ciffi-mns-
2242 265 2354 292 Hieron.

247 303 339 330 Manil.
358 310 391 335 ις.
464 302 532 330 Cels.
552 310 574 333 ς,
590 302 623 326 26
652 299 678 325 Si
695 307 788 333 parum
810 298 843 325 sic
865 299 969 334 sanguis
990 298 1166 334 conquiescit,
1187 298 1288 332 saepius
1391 302 1517 323 CONSA
1529 297 1633 323 ιῦΤο
1648 317 1657 328 ,
1681 301 1733 324 are.
1769 297 1963 332 [ἅσποὶζομαι]
2012 299 2083 329 Vna,
2109 300 2162 325 alta
2189 309 2246 327 uoce
2269 300 2389 336 salutare.

248 339 392 366 linamenta
406 338 529 365 mutanda
543 337 616 367 sunt,
634 337 652 360 i.
660 332 832 368 star‚fistitur
844 334 1042 372 haemorrhagia.
1313 337 1328 363 ς
1356 331 1415 358 Liu.
1430 341 1452 364 3,
1466 337 1496 362 28
1517 332 1683 358 Diciatorern
1703 342 1763 360 eum
1780 334 1860 368 legati
1875 334 2032 368 gratulantes
2053 334 2221 361 consalutant.
2290 337 2345 362 Cic,
2358 336 2390 364 de

287 380 304 401 c
317 381 336 401 ο
346 381 425 413 qu
438 381 489 400 11.1
502 374 579 398 ATV
589 378 619 403 s,
640 378 663 401 a,
679 379 733 396 um.
759 371 809 397 Pro
825 371 1017 407 Qirquiliatus.
1054 369 1120 397 Plin.
1134 369 1221 395 Valer.
1239 377 1259 400 1,
1273 376 1290 401 9
1356 368 1430 394 Orat.
1447 376 1472 400 2,
1487 376 1511 399 13
1526 377 1547 394 c.
1559 376 1571 399 3
1599 367 1654 400 Qi
1668 376 1751 402 quum
1770 369 1839 396 inter
1854 370 1895 402 se,
1908 376 1936 396 vt
1948 369 2067 404 ipsorum
2080 370 2139 395 vsus
2152 370 2266 402 ferebat,
2279 371 2390 399 amicita.

248 410 421 445 Conquiliata
441 409 499 434 lana
517 407 653 433 obturare.
700 405 758 432 Vid.
782 407 877 469 Reme-g.
903 408 963 433 ναν.
983 404 1052 433 Lea.
1073 414 1102 438 3,
1121 414 1139 439 4
1169 407 1212 440 qui
1229 405 1292 441 legit
1356 412 1399 431 me
1413 403 1618 435 consalutaffent,
1630 410 1675 429 etc.
1711 403 1779 430 Add.
1793 404 1881 431 Sidon.
1896 406 1941 440 Ep.
1955 414 1981 437 2,
1995 413 2019 431 2.
2438 402 2441 421 ²

250 446 418 473 Conculcata.
460 444 533 470 Venit
546 445 619 468 etiam
631 444 658 467 in
672 448 774 468 menum
793 451 857 469 conc
878 442 965 475 yliata.
1391 445 1435 466 CO
1445 446 1466 465 N
1478 445 1520 466 SA
1529 446 1545 465 L
1555 446 1575 464 v
1584 446 1605 466 Τ
1614 446 1636 466 Α
1646 446 1667 465 Τ
1678 446 1689 465 1
1699 444 1718 465 Ο
1735 459 1743 470 ,
1770 439 1838 466 onis.
1869 441 1888 467 f.
1924 441 1936 475 [
1949 439 2079 473 ἐσπασμὸς
2091 441 2104 475 ]
2139 439 2261 467 Salutatio
2275 441 2394 476 plurium,

288 488 305 508 c
315 488 363 508 οΝ
373 486 421 505 ov
431 487 439 505 1
449 485 471 504 N
483 485 491 503 ι
502 485 514 504 s
525 484 585 510 co,
616 477 758 512 conqucxi,
789 479 842 505 ere.
880 476 1041 511 [ὑποκύπἹκ]
1073 477 1102 503 Α
1119 475 1222 508 Cunio,
1243 475 1294 507 ire,
1356 476 1397 502 vel
1409 481 1502 501 mutua.
1541 474 1598 501 Cic.
1613 476 1668 501 Att.
1684 483 1707 506 2,
1720 479 1745 504 ιε
1765 474 1835 500 Hinc
1848 476 1950 509 plausus
1962 475 2088 507 maximi,
2102 475 2275 502 consalutatio
2288 476 2395 504 forensia

250 518 315 554 quod
333 515 365 549 ψ
379 506 445 549 ἶριιεί
463 513 567 540 Festum
585 513 685 540 Stercus
702 514 796 540 facere.
853 515 907 540 Hoc
925 520 1003 540 autem
1025 512 1150 539 Inclinari
1162 510 1187 546 fi
1207 511 1294 547 nificat
1312 522 1341 541 10
1356 510 1563 545 perhonorisica.
1634 510 1817 536 Consalutatio
1830 511 1995 539 exercituum
2003 512 2094 538 Tacit.
2102 512 2170 537 Ann.
2179 519 2214 544 ις,
2228 513 2266 543 16,
2278 521 2305 546 4.
2327 511 2393 541 ΑΜ.
2467 528 2474 543 2

251 552 350 579 auHore
370 550 464 577 Nonio
483 554 556 583 2,118
584 549 713 585 laudatque
738 549 820 575 Plaut.
850 549 939 575 Cistel.
958 559 987 582 4,
1007 557 1027 581 1,
1048 556 1061 581 ς
1091 521 1251 574 Faciuncgium
1265 546 1292 572 ‘st
1355 546 1472 574 Id.Hist.
1484 556 1513 580 4,
1528 554 1572 580 72,
1586 547 1611 571 6.
2437 566 2443 579 ⁵

251 587 353 623 puerile
366 584 483 612 officium
492 606 499 617 ‚
520 585 717 619 conquiniscam
736 585 768 612 ad
780 584 916 612 cistellam.
988 585 1019 610 Et
1031 583 1121 611 Pseud.
1132 592 1153 616 3,
1168 592 1194 617 2,
1207 591 1238 617 75
1267 582 1294 608 Si
1396 589 1413 609 c
1425 590 1444 610 ο
1453 590 1473 609 Ν
1483 590 1496 608 3
1506 589 1526 608 Α
1536 588 1585 608 NG
1595 587 1616 607 v
1625 589 1634 607 1
1644 588 1666 607 N
1675 587 1692 608 Ε
1702 588 1721 607 ν
1730 588 1743 608 3
1758 601 1766 614 ,
1800 580 1819 608 i.
1851 590 1887 608 m.
1944 581 1956 615 [
1969 582 2094 616 ὁμογενὴς,
2117 580 2245 615 dandum,
2268 582 2395 620 cuyymls]
2433 607 2435 610 ⁴
2465 601 2474 613 ,.

251 622 431 657 conquiniscct
445 621 536 653 isthic,
556 626 648 647 ceueto
662 620 747 647 simul.
801 620 845 647 Ad
855 629 923 656 quem
940 621 1017 646 locum
1026 619 1066 654 fic
1077 621 1188 655 Scaliger
1198 639 1205 650 ‚
1226 620 1295 645 Con·
1358 620 1409 653 ‚Qui
1417 618 1541 653 sanguine
1555 615 1700 643 coniunstus
1714 615 1745 649 ‘fi
1758 627 1812 643 cum
1826 618 1913 644 altero.
1948 618 2028 645 Plaut.
2042 620 2120 646 Pocn.
2135 626 2158 650 3,
2172 625 2192 650 1,
2208 625 2242 651 70
2264 617 2396 646 Meiscon-
2438 643 2439 646 ,
2457 630 2474 652 ³!

252 659 377 694 quinere,
402 657 518 683 decubare
537 654 585 689 est,
608 666 624 682 a
647 665 692 692 quo
707 656 887 691 conquinisce.
942 653 984 689 Est
1001 659 1065 682 enim
1079 655 1298 690 Conquiniscere‚
1359 653 1507 686 sanguineis
1527 652 1591 678 nolo
1605 658 1631 678 te
1648 652 1745 679 iniuste
1759 652 1845 687 loqui.
1917 653 1973 679 Cic.
1988 655 2042 680 Att.
2058 663 2080 687 2,
2095 663 2122 687 23
2150 653 2199 680 Sed
2225 650 2333 684 βοώπιὸος
2350 662 2395 682 no·
2457 661 2474 687 ω

252 695 372 721 cernuum
385 693 413 729 se
432 690 575 728 infleflere,
606 693 646 719 vel
664 693 802 724 inclinare,
828 698 857 718 vt
869 691 976 727 faciunt
994 694 1152 718 exoneraturi
1177 696 1297 719 ventrem,
1317 688 1426 726 15strae
1447 688 1655 722 consanguineus
1681 696 1736 714 non
1761 688 1908 715 mediocres
1931 694 2045 715 terrores
2068 690 2131 716 iacit
2155 694 2234 724 atque
2256 687 2396 718 denuntiat.
2425 685 2440 706 “·
2462 694 2474 720 Ε

251 729 413 764 Pomponius
427 727 615 755 Attellanarius
633 732 686 754 ait:
713 729 743 754 In
766 734 835 754 terra
854 734 883 754 vt
897 726 1010 754 cubabat
1032 727 1118 758 nuda,
1143 725 1175 751 ad
1196 733 1253 750 eam
1267 729 1296 749 vt
1360 724 1498 756 Parentes,
1514 723 1609 756 liberi,
1625 723 1768 757 coniuges,
1789 723 1976 758 consanguinei
1995 723 2052 751 Cic.
2066 725 2097 752 de
2109 726 2210 752 Inuent.
2227 733 2246 756 ι,
2261 732 2311 756 103.
2340 725 2395 753 Vici.
2428 736 2429 739 ¹
2456 727 2474 752 -1

250 765 401 800 eonquexi,
417 771 462 790 etc.
501 764 555 790 Hoc
567 767 640 790 etiam
655 764 790 790 Cemuare
803 762 932 793 dicebam
949 772 1088 800 quanquam
1100 768 1123 787 et
1136 760 1181 787 hoc
1199 758 1249 786 omi
1264 759 1297 784 τῑέ
1359 759 1398 786 ib.
1413 769 1434 786 c.
1450 768 1485 793 24
1498 766 1522 786 et
1533 769 1554 785 c.
1568 767 1610 793 54.
1682 760 1785 786 Arietes
1803 760 2007 794 consanguinei,
2020 769 2034 786 a
2054 760 2089 787 ud
2103 761 2157 787 Cic.
2173 761 2205 787 de
2222 759 2314 786 Diuin.
2329 768 2349 792 1,
2361 769 2398 796 44
2425 779 2429 801 ι
2454 779 2461 788 η,

249 799 405 835 ἐσιωλιάζειν
423 799 586 835 accipiebant.
1359 805 1389 821 ex
1409 798 1511 831 antiquo
1525 797 1609 821 Porta.
1682 796 1762 822 Arma
1791 796 1985 830 consanguinea
2009 797 2029 823 C
2041 795 2100 823 aud.
2120 795 2152 822 de
2169 796 2235 823 Bell.
2258 794 2328 822 Gild.
2347 798 2398 827 286.
2438 806 2439 816 ι
2460 806 2474 828 ,ῃ

289 842 308 863 c
320 844 338 863 o
348 842 368 861 N
379 842 428 874 Qv
440 843 448 862 1
458 843 479 862 N
488 842 507 862 ο
516 855 525 868 ,
549 835 603 862 vid.
626 841 642 862 c
652 842 671 863 o
681 842 690 861 1
700 842 722 861 N
731 841 799 874 er
809 840 831 861 Ν
843 841 872 862 ο.
1361 831 1446 865 Sopor
1460 830 1668 865 consanguineus
1682 831 1730 858 leti
1741 831 1815 866 Virg.
1830 833 1895 858 Aen.
1910 834 1937 864 6,
1952 836 2010 866 278.
2082 832 2132 858 Res
2145 831 2240 858 rustica
2253 830 2398 866 consangui-
2426 833 2439 866 ἢ
2470 859 2474 861 ,

287 872 449 909 CONQVI‘
457 878 519 902 Ro,
537 871 649 905 quisrni,
672 871 817 906 quisitum‚
841 872 894 897 bre.
930 867 1077 903 [σνζητίω]
1113 865 1193 894 Simul
1210 866 1252 892 vel
1268 874 1299 892 ex
1318 870 1409 893 20nea
1431 867 1572 901 sapientiae
1592 866 1628 893 cst
1653 866 1759 894 Colum.
1779 876 1898 901 prooem.
1921 877 1948 900 1,
1968 877 1994 901 4.
2064 867 2196 894 Thalami
2218 867 2400 902 consanguinei.
2426 870 2439 899 Α]
2466 862 2474 895 ζ

247 908 362 944 pluribur
376 909 455 939 locis,
474 913 539 933 certe
551 907 684 943 dlligenter
696 915 811 943 quaerere
823 913 845 932 et
856 903 1013 939 inuestigare.
1048 902 1121 929 Caes.
1137 901 1202 928 Bell.
1213 901 1297 928 Ciuil.
1361 902 1454 929 Claud.
1469 902 1500 929 de
1515 908 1575 929 tert.
1587 903 1664 929 Cons.
1679 904 1749 930 Hon.
1766 911 1819 937 154.
1873 903 1971 930 Turba
1990 901 2070 930 Ouid.
2084 902 2163 937 Epist.
2178 912 2217 936 14,
2231 911 2279 929 121.
2334 901 2405 931 Con}

250 987 351 1011 menti,
378 978 503 1013 conquiri
517 978 593 1006 iuint.
682 978 783 1004 tudiose
804 975 895 1001 omnia
914 974 1075 1009 conquirere
1105 973 1162 1000 Cic.
1183 973 1263 999 Acad.
1276 982 1297 1007 4
1361 975 1422 1001 Vet.
1437 974 1516 1000 Gloss.
1525 975 1672 1001 Germanus
1686 975 1902 1009 consanguineus.
1915 976 2062 1009 Imperator
2076 973 2125 1011 §.1
2140 974 2222 1001 Instit.
2235 974 2275 1000 De
2288 973 2402 1008 legitima
2432 987 2440 1009 ι

250 1024 273 1041 c.
288 1023 330 1049 27.
387 1014 460 1041 Idem
473 1015 545 1041 Fam.
563 1022 598 1047 12,
611 1022 645 1047 29
660 1017 715 1045 (30)
736 1013 766 1038 Et
780 1009 949 1037 incredibiles
961 1009 1095 1044 angustiae
1110 1009 1237 1043 pecuniae
1251 1018 1297 1043 pu-
1360 1016 1518 1045 agnatorum
1534 1009 1695 1036 succeffione.
1714 1011 1806 1050 Itaque
1826 1019 1857 1037 ex
1873 1011 1967 1037 eodem
1980 1016 2053 1045 patre
2067 1010 2123 1036 nati
2136 1010 2244 1042 fratres,
2257 1009 2345 1044 agnati
2355 1008 2401 1038 fibi
2432 1011 2440 1038 ι’

249 1049 336 1077 blicae
350 1059 417 1084 quae
424 1050 602 1084 conquiritur
615 1049 740 1082 vndique,
755 1052 782 1072 vt
795 1046 897 1081 optime
911 1046 1014 1072 meritis
1027 1045 1162 1071 militibus
1175 1045 1298 1080 promissa
1316 1048 1347 1075 25
1362 1047 1436 1077 sunt,
1449 1045 1496 1081 qui
1513 1051 1538 1072 et
1552 1046 1739 1081 consanguinei
1750 1052 1893 1073 vocantur:
1914 1055 1960 1072 nec
1977 1046 2143 1080 requiritur,
2156 1054 2189 1072 an
2204 1046 2284 1073 etiam
2296 1042 2401 1075 eandeni
2432 1055 2439 1074 s

249 1086 396 1113 soluantur.
450 1086 541 1112 Terra
555 1085 675 1117 marique
689 1081 848 1117 conquirere
860 1081 978 1117 aliquem
998 1081 1036 1108 Id.
1052 1082 1123 1108 Fam.
1138 1089 1161 1114 ς,
1175 1089 1202 1114 9.
1239 1081 1297 1108 Cic.
1360 1087 1472 1111 matrem
1488 1081 1639 1108 habuerint.
1682 1081 1739 1108 Vid.
1761 1083 1844 1109 Cuiac.
1859 1082 1916 1118 Obs.
1931 1093 1965 1115 ιι,
1978 1086 2017 1109 26.
2438 1107 2439 1114 ἵ

249 1122 326 1149 verr.
341 1131 369 1155 4,
383 1130 419 1155 40
433 1130 455 1148 c.
472 1130 500 1153 19
532 1118 664 1153 Conquiri
678 1117 830 1145 Diodorum
846 1122 902 1144 tota
914 1117 1054 1152 prouincia
1066 1116 1149 1144 iubet.
1206 1118 1245 1144 De
1256 1115 1298 1143 his
1396 1125 1414 1145 c
1423 1124 1442 1144 o
1451 1125 1493 1144 Ns
1502 1125 1524 1144 A
1536 1123 1558 1142 Ν
1569 1123 1590 1144 G
1600 1124 1620 1144 v
1631 1125 1641 1143 1
1652 1124 1674 1142 N
1688 1115 1728 1143 i'T
1738 1125 1759 1144 A
1769 1126 1792 1150 3,
1813 1119 1871 1144 atis.
1896 1118 1916 1144 f.
1953 1117 2102 1152 [συγγένεια]
2139 1116 2197 1153 Ipsa
2202 1116 2339 1153 fizuguinis
2349 1125 2410 1151 cm
2432 1134 2439 1149 ι,

242 1158 394 1194 praesertim
407 1156 552 1186 adhibetur,
573 1163 632 1190 quae
640 1154 740 1189 publico
745 1152 833 1186 studio
845 1156 942 1194 requiri
953 1160 978 1180 et
990 1153 1120 1180 vindicari
1135 1151 1203 1188 quast
1215 1152 1297 1178 iuben-
1359 1151 1464 1180 iunc‘iio.
1508 1153 1568 1180 Liu.
1582 1161 1608 1187 7,
1624 1161 1652 1186 19
1681 1153 1798 1180 Ceritem
1821 1154 1949 1189 populum
1972 1152 2155 1181 misericordia
2174 1149 2403 1187 consanguinitatb
2432 1162 2439 1180 ο

247 1200 300 1220 eur.
355 1193 395 1220 Sic
408 1192 467 1218 Liu.
483 1198 520 1222 23,
535 1197 552 1225 7
569 1187 687 1223 constitui
699 1189 812 1216 iubentur
833 1189 993 1216 Triumuiri
1007 1189 1084 1215 sacris
1098 1188 1298 1223 conquirendis,
1359 1188 1602 1224 Tarquiniensibus
1616 1188 1771 1216 adiunfunn
1785 1190 1856 1218 fama
1864 1189 1976 1217 ferebat.
2046 1189 2214 1226 Propinquus
2226 1187 2404 1224 consanguini-
2433 1207 2438 1211 -
2454 1196 2474 1218 m

247 1229 314 1266 quod
322 1226 388 1255 reae
400 1233 483 1252 tuctur
496 1227 603 1252 Gronau.
617 1232 668 1251 rum
681 1224 796 1257 aliunde,
821 1231 873 1252 tum
887 1234 916 1251 ex
928 1234 974 1259 40,
988 1232 1019 1259 37
1045 1225 1076 1252 C.
1089 1224 1217 1251 Seruilius
1233 1225 1298 1250 Pon·
1310 1229 1344 1254 30
1359 1231 1412 1252 tate
1430 1225 1511 1251 alicui
1525 1224 1602 1259 Virg.
1618 1226 1683 1251 Aen.
1698 1233 1724 1257 2,
1740 1231 1762 1255 8.
2155 1234 2166 1249 ο
2398 1255 2401 1257 ¹
2438 1227 2440 1233 ·
2455 1231 2460 1239 ·

245 1264 314 1292 tifex
333 1262 466 1289 Maximus
485 1261 590 1297 piacula
609 1261 664 1287 irae
687 1261 773 1287 Deum
793 1261 954 1295 conquirere
974 1260 1062 1288 iussus.
1112 1260 1172 1288 Vid.
1205 1266 1223 1286 c
1235 1266 1254 1286 o
1264 1267 1299 1287 N·
1399 1267 1417 1287 c
1429 1268 1447 1287 o
1457 1268 1479 1287 N
1488 1268 1500 1287 3
1510 1261 1531 1287 A
1540 1268 1562 1287 N
1572 1268 1592 1288 ο
1601 1281 1609 1294 ,
1628 1265 1680 1287 are.
1718 1260 1838 1295 βείομαι,
1851 1260 1941 1295 clylia]
1978 1260 2108 1287 Columel.
2122 1269 2151 1294 4,
2164 1269 2210 1294 24,
2223 1269 2257 1287 22
2280 1260 2342 1294 Qlo
2353 1259 2404 1295 plo-
2468 1270 2474 1299 ς

247 1307 297 1339 qv
307 1305 316 1324 ι
326 1305 338 1324 3
350 1306 358 1324 1
368 1305 388 1324 T
398 1304 445 1324 10.
518 1295 688 1331 Conquisiuit
704 1305 771 1332 quos
788 1297 877 1331 potuit
897 1296 966 1331 Nep.
983 1305 1025 1329 20,
1038 1304 1060 1329 3,
1076 1304 1095 1322 1.
1166 1295 1207 1322 Ad
1226 1305 1298 1323 mor-
1361 1306 1476 1331 rumque
1489 1296 1533 1329 fit,
1544 1302 1574 1323 vt
1586 1296 1658 1331 quod
1672 1296 1790 1331 praecidi
1805 1297 1914 1329 debeat,
1931 1297 2142 1332 praefringatur‚
2157 1302 2182 1322 et
2195 1296 2228 1322 sic
2247 1296 2310 1323 vitis
2329 1294 2409 1324 lania-³
2454 1299 2474 1324 ἐι

243 1340 299 1362 cem
313 1333 438 1368 conquiri
464 1333 562 1359 Paterc.
577 1341 600 1365 2,
614 1341 656 1364 22,
670 1342 698 1366 4.
723 1335 741 1358 i.
756 1339 786 1358 vt
798 1331 935 1359 occidatur.
1006 1332 1048 1359 Ad
1068 1331 1232 1366 voluptatem
1252 1332 1299 1358 ali·
1362 1338 1405 1367 ta,
1417 1332 1586 1367 scabrataque
1607 1334 1736 1367 putrescat
1754 1332 1932 1365 humoribus,
1950 1341 1997 1359 nec
2013 1332 2103 1367 plagae
2116 1332 2298 1359 consanentur.
2334 1331 2404 1360 Idem
2455 1335 2474 1396 11

2454 845 2466 862 ι,

1019 938 1024 942 .
2453 915 2474 936 ω

250 952 275 976 3,
289 943 408 982 42-1tem
423 943 514 975 Lyffo,
534 943 662 969 Pax-thinis
683 951 730 974 ue,
749 948 774 968 et
788 939 913 968 omnibus
928 938 1055 971 castellis,
1075 937 1149 973 quod
1169 938 1227 964 esset
1240 937 1296 963 fru-
1360 938 1515 973 sanguinei,
1534 938 1652 965 dicuntur
1675 940 1776 965 fratres
1797 948 1825 964 ex
1845 939 1925 965 eodem
1939 946 2014 974 patre
2036 942 2105 971 nati,
2125 935 2244 972 Ἄδελφδς
2262 936 2400 974 ὅμοπᾶτμω
2433 954 2474 1196 „g

245 1369 311 1405 quid
325 1376 484 1404 conquirere
501 1368 557 1396 Cic.
572 1367 605 1395 de
618 1368 676 1395 Fin.
690 1376 717 1401 2,
730 1375 782 1394 110.
855 1368 1024 1403 Conquirere
1040 1374 1066 1394 et
1085 1376 1239 1402 comparare
1250 1377 1298 1395 vo·
1361 1379 1390 1402 4,
1403 1377 1447 1402 29,
1462 1377 1474 1401 3
1500 1369 1631 1395 Consanat
1645 1369 1794 1396 cicatricem
1808 1369 1936 1395 surculus.
1992 1369 2157 1401 Consanare,
2167 1374 2216 1404 pro
2229 1368 2404 1404 Confimessem

245 1406 357 1440 luptates
376 1405 449 1432 Idem
464 1404 497 1431 de
512 1404 571 1431 Fin.
587 1412 606 1436 1,
620 1406 659 1436 65.
732 1404 764 1430 Ee
777 1402 809 1430 de
822 1403 901 1438 Lege.
914 1406 977 1439 Agr.
991 1412 1017 1437 2,
1030 1406 1065 1437 96
1084 1404 1191 1430 Nedum
1206 1404 1249 1430 isti
1263 1403 1296 1430 ab
1315 1404 1344 1430 35
1361 1404 1422 1439 le.
1439 1404 1467 1431 in
1481 1403 1498 1430 l.
1512 1404 1594 1431 Idem.
1609 1404 1642 1431 D.
1657 1404 1688 1430 de
1704 1404 1782 1431 aedil.
1802 1404 1882 1432 edici.
1908 1403 1983 1431 Idem
1997 1402 2101 1431 Offilius
2115 1403 2170 1436 ait,
2182 1403 2201 1430 fi
2218 1403 2325 1430 homini
2341 1402 2406 1439 digi-

242 1442 327 1469 Rullo
349 1446 374 1467 et
393 1440 467 1468 Rulli
485 1439 616 1467 similibus
635 1439 786 1474 Conquisiti
805 1445 882 1474 atque
901 1439 981 1467 eleffi
995 1439 1100 1471 coloni,
1124 1440 1244 1474 Capuae,
1267 1440 1298 1466 in
1361 1447 1403 1467 tus
1419 1440 1448 1467 sit
1466 1439 1601 1472 abscissus,
1622 1440 1773 1467 membriue
1787 1440 1853 1475 quid
1868 1440 2028 1472 laceratum,
2042 1439 2163 1474 quamuis
2177 1439 2369 1472 consanauerit3
2378 1434 2404 1475 fi

244 1476 387 1504 domicilio
406 1475 545 1511 superbiae
563 1480 643 1510 atque
664 1475 692 1501 in
705 1474 812 1501 sedibus
830 1475 954 1503 luxuriae
967 1475 1100 1503 collocati.
1137 1474 1206 1502 Add.
1231 1474 1297 1502 Plin.
1361 1482 1449 1503 tamen
1462 1475 1498 1502 ob
1512 1485 1570 1502 eam
1583 1484 1639 1502 rem
1653 1485 1686 1502 eo
1700 1477 1787 1502 minus
1799 1477 1839 1503 vti
1853 1476 1937 1511 poffit,
1951 1485 2007 1503 non
2018 1475 2108 1503 videri
2119 1476 2212 1502 sanum
2224 1475 2281 1503 else.
2317 1474 2362 1505 Sed
2372 1475 2404 1503 al.

244 1521 281 1548 ις,
294 1521 337 1546 29.
397 1512 516 1546 Propert.
529 1520 549 1543 1,
563 1519 589 1543 2,
605 1519 632 1542 23
668 1511 734 1538 Non
746 1510 801 1537 illis
813 1510 931 1538 studium
942 1511 1025 1546 vulgo
1038 1510 1198 1546 conquirere
1211 1520 1299 1538 aman·
1361 1512 1537 1538 consanucrit.
1576 1513 1668 1546 Nempe
1678 1518 1777 1546 ponunt
2387 1533 2391 1535 s

244 1554 292 1576 tes.
347 1547 498 1574 Terrarum
519 1555 548 1573 ac
567 1546 648 1573 maris
665 1545 737 1573 bona
755 1547 944 1581 conquirentes
981 1547 1041 1574 Sen.
1056 1546 1088 1573 de
1102 1546 1166 1573 Vita
1180 1547 1208 1574 B.
1229 1556 1250 1573 c.
1266 1556 1297 1574 11.
1397 1554 1415 1574 c
1425 1554 1444 1574 ο
1455 1555 1475 1573 N
1486 1554 1529 1574 SA
1539 1553 1561 1572 N
1573 1553 1589 1573 Ε
1599 1554 1612 1573 3
1621 1553 1665 1573 co
1680 1567 1688 1579 ,
1709 1548 1749 1573 vel
1770 1553 1787 1574 C
1800 1554 1819 1574 o
1832 1553 1855 1573 N
1867 1554 1880 1574 s
1889 1554 1912 1574 A
1921 1555 1943 1574 Ν
1952 1554 1974 1574 Α
1984 1552 2068 1580 sco,
2091 1547 2131 1580 ui,
2152 1548 2206 1574 ere.
2240 1545 2402 1583 Sanumfierl.

245 1584 302 1611 Cic.
317 1583 349 1610 de
363 1584 422 1610 Fin.
438 1591 460 1615 2,
476 1591 522 1609 102
543 1581 614 1608 Haec
632 1581 737 1608 leuiora
756 1590 853 1616 ponam
863 1603 871 1614 ‚
896 1585 1006 1617 poe'ma,
1029 1583 1195 1615 orationem,
1215 1592 1299 1617 quum
1306 1588 1344 1613 40
1361 1583 1469 1609 Colum.
1479 1588 1503 1615 8,
1517 1591 1541 1615 2,
1554 1591 1566 1614 3
1587 1582 1782 1609 Consanescunt
1794 1583 1892 1609 vlcera.
1928 1585 1960 1610 Et
1971 1593 2000 1617 4,
2012 1591 2056 1618 27,
2069 1592 2082 1615 3
2103 1583 2273 1610 Consanescit
2281 1581 2405 1610 celeriter.

244 1626 289 1647 aut
304 1618 413 1651 scribis,
432 1623 476 1644 aut
490 1617 570 1652 legis,
589 1626 672 1651 quum
687 1618 810 1643 omnium
824 1618 968 1651 factorum,
984 1627 1067 1654 quum
1080 1619 1221 1654 regionum
1236 1628 1297 1645 con·
1361 1619 1419 1645 Cic.
1435 1620 1506 1645 Fam.
1519 1627 1546 1652 4,
1560 1620 1577 1644 6
1608 1618 1688 1645 Nunc
1709 1624 1799 1645 autem
1815 1618 1866 1644 hoc
1880 1625 1934 1645 tam
1952 1619 2028 1654 graui
2040 1619 2168 1650 vulnere,
2182 1619 2263 1646 etiam
2275 1618 2406 1654 illa,quae

245 1655 331 1690 quiris
344 1653 499 1681 Historiam.
572 1652 642 1692 Opes
656 1653 818 1686 conquirere
831 1654 987 1681 meretricio
1000 1654 1108 1689 quaestu
1129 1654 1194 1681 Plin.
1210 1656 1297 1687 36,12.
1362 1654 1523 1681 consanuisse
1543 1654 1721 1687 videbantur,
1735 1653 1929 1681 recrudescunt.
2002 1654 2070 1681 Cels.
2089 1662 2117 1690 7,
2135 1663 2169 1687 ιε,
2183 1664 2202 1689 4
2221 1654 2250 1682 de
2262 1656 2360 1691 lingua,
2374 1653 2418 1688 Et
2440 1654 2442 1684 Ξ

244 1689 405 1718 Rationibus
423 1687 577 1723 conquisitis
598 1687 730 1721 disputare
762 1688 819 1714 Cic.
834 1688 867 1714 de
880 1689 939 1717 Fin.
960 1698 981 1721 1,
995 1698 1020 1722 31
1041 1699 1062 1716 c.
1077 1699 1101 1722 9.
1172 1690 1299 1717 Carmina
1361 1690 1484 1725 plerique
1498 1689 1607 1724 quidem
1620 1690 1668 1716 vbi
1681 1690 1890 1723 consanuerunt,
1903 1690 2059 1725 loquuntur.
2364 1719 2367 1723 .
2440 1712 2441 1717 ,

243 1735 295 1753 eon
315 1725 391 1752 uisita
406 1730 432 1752 et
445 1724 517 1751 dulci
530 1729 634 1758 reperta
646 1723 739 1750 labore
759 1723 865 1750 Lucret.
880 1732 903 1756 3,
917 1733 980 1758 420.
1050 1726 1133 1752 Vitiis
1147 1725 1216 1752 fictis
1238 1734 1299 1752 con·
1400 1732 1445 1752 co
1456 1732 1478 1751 N
1488 1732 1501 1752 s
1510 1732 1531 1751 A
1540 1731 1559 1751 R
1569 1731 1586 1751 c
1599 1723 1642 1750 ῑΝ
1653 1731 1689 1758 ο,
1709 1730 1763 1753 are.
1800 1725 1972 1761 [συσκευοίξω,
1986 1725 2069 1752 συσπ-εἱ
2084 1727 2121 1761 ω]
2156 1726 2185 1753 A
2187 1725 2295 1763 sarcina
2307 1722 2411 1759 dicium,
2439 1750 2441 1757 ,

244 1762 290 1797 qu*
304 1761 400 1796 itisque
415 1760 595 1787 deformatum
611 1759 659 1786 esse
679 1759 736 1786 Cic.
750 1758 783 1786 de
797 1759 893 1793 Arusp.
908 1760 984 1795 Resp.
1001 1767 1042 1795 57.
1139 1758 1160 1797 fl
1181 1770 1198 1788 2
1226 1761 1345 1796 Qod45
1361 1770 1423 1797 quae
1437 1770 1466 1787 ex
1475 1760 1592 1796 pluribus
1605 1760 1678 1786 rebus
1696 1761 1822 1797 colligatis
1835 1759 1940 1794 constat.
1977 1737 2111 1797 Sigrzfifsat
2124 1764 2207 1797 itaque
2220 1771 2248 1788 ea
2258 1764 2410 1798 coniungere,

243 1797 413 1833 Conquirere
426 1798 549 1823 co'e'rcere
564 1792 597 1828 gs}
609 1794 676 1835 apud
687 1794 802 1828 Festum,
822 1795 936 1831 Scaliger
948 1795 1060 1822 emendat
1073 1795 1228 1830 coinquere.
1362 1806 1424 1832 quae
1434 1806 1483 1822 non
1496 1796 1553 1821 bene
1566 1796 1720 1823 cohaereant.
1775 1796 1843 1823 Gell.
1859 1805 1892 1829 ις,
1906 1805 1937 1828 23
1963 1797 1994 1822 In
2006 1805 2061 1831 quo
2073 1798 2150 1823 versu
2163 1805 2218 1823 non
2231 1803 2338 1832 oportet
2350 1794 2411 1824 alte-

282 1841 299 1862 c
309 1840 329 1861 0
338 1839 360 1858 N
369 1839 419 1872 qv
430 1840 438 1858 1
448 1838 461 1859 s
472 1832 515 1858 1'T
524 1837 588 1863 0R,
613 1833 677 1857 oris.
699 1839 735 1856 m.
772 1831 962 1866 Quiffonquirit
972 1831 998 1867 s.
1013 1834 1138 1867 inquirit,
1151 1830 1300 1866 Qaefitom
1363 1840 1424 1859 rum
1437 1831 1526 1857 videri
1540 1831 1669 1862 verbum,
1689 1831 1761 1858 idem
1774 1831 1847 1866 quod
1861 1831 1980 1866 superius
1994 1831 2157 1866 significans,
2171 1833 2309 1867 supplendi
2324 1841 2413 1860 nume-

245 1870 329 1897 Plaut.
339 1867 435 1903 Amph.
450 1866 517 1903 prol.
531 1869 563 1900 65
586 1867 621 1893 Vt
634 1865 827 1900 conquisitores
840 1865 937 1901 singuli
951 1867 980 1893 in
994 1866 1116 1893 subsellia
1129 1873 1188 1893 eant
1202 1876 1248 1902 per
1261 1873 1301 1893 to-
1364 1867 1390 1894 ri
1407 1867 1481 1893 causa
1501 1867 1662 1893 extrinsecus
1683 1866 1803 1893 additum
1820 1873 1845 1893 et
1865 1867 2083 1894 consarcinatum.
2119 1868 2162 1895 Est
2180 1869 2253 1895 enim
2271 1868 2322 1895 hoc
2336 1869 2413 1896 inane

245 1911 300 1933 tam
315 1913 421 1932 caueam
434 1901 640 1939 speclatoribus:
673 1901 690 1928 si
705 1901 749 1929 cui
767 1901 885 1929 fautores
907 1901 1040 1937 delegatos
1060 1901 1195 1935 viderint,
1216 1909 1245 1930 vt
1259 1902 1301 1929 his
1365 1902 1508 1929 admodum
1522 1908 1548 1929 et
1561 1902 1649 1929 futile.
1720 1902 1841 1928 Crimina
1854 1903 1986 1930 Ammian.
2000 1912 2041 1937 14,
2056 1910 2078 1936 ς.
2150 1903 2280 1930 Falsitates
2292 1903 2366 1931 Idem
2379 1911 2414 1938 ις,

244 1942 275 1969 in
288 1949 368 1968 cauea
380 1940 474 1976 pignus
485 1938 605 1973 capiatur
618 1944 703 1972 togae.
739 1936 814 1974 Cous.
829 1939 906 1965 Bulen
927 1959 933 1964 .
945 1938 975 1965 de
994 1938 1098 1965 Theatr.
1113 1946 1135 1971 1,
1147 1946 1189 1972 54.
1243 1938 1300 1965 Cic.
1311 1945 1344 1972 50
1366 1948 1403 1965 10.
1476 1937 1584 1965 Insidias
1603 1937 1786 1965 consarcinare
1805 1937 1844 1964 Id.
1860 1945 1900 1971 14,
1914 1943 1937 1968 8.
2008 1938 2145 1966 Mendacia
2163 1939 2296 1966 Ammian.
2316 1947 2359 1974 ις,
2374 1948 2415 1968 ιο.

245 1987 295 2013 pro
309 1977 406 2004 Milon.
420 1978 451 2006 68
472 1975 500 2002 Si
515 1974 607 2002 Italiae
623 1972 755 2005 delectus,
774 1978 805 2000 vt
819 1974 944 2001 nonnuli
959 1974 1151 2009 conquisitores
1165 1974 1206 2001 tui
1221 1973 1299 2001 dieti-
1364 1973 1447 2001 Pelles
1460 1973 1534 2001 Idem
1548 1983 1586 2006 31,
1600 1983 1612 2000 2
1631 1973 1696 2010 quod
1706 1983 1760 2000 cum
1767 1973 1901 2010 ‚sarciendo
1913 1976 2000 2009 potius
2011 1977 2140 2006 conuenit,
2159 1974 2308 2012 συρρσίπτειν.
2456 1975 2457 1978 ’

245 2019 317 2044 tanc,
338 2012 356 2038 si
376 2011 440 2039 haec
453 2019 542 2043 arma,
563 2016 609 2036 etc.
667 2010 712 2035 Eos
726 2009 864 2046 intelligit,
884 2010 972 2045 quibus
991 2010 1153 2037 mandauerat
1173 2011 1303 2046 Pompeius
1401 2017 1419 2038 c
1427 2017 1448 2037 ο
1458 2016 1480 2036 Ν
1493 2017 1506 2038 3
1515 2017 1538 2037 A
1547 2017 1566 2037 R
1576 2015 1593 2036 C
1602 2017 1612 2036 1
1620 2017 1643 2037 N
1653 2010 1677 2037 A
1685 2016 1708 2038 'r
1718 2014 1738 2037 0
1750 2016 1769 2036 R
1782 2028 1791 2042 ‚
1816 2009 1881 2036 oris.
1919 2018 1956 2036 m.
1998 2009 2032 2036 Vc
2042 2028 2053 2042 ,
2082 2009 2186 2037 Litium
2218 2011 2415 2039 consarcinator

244 2057 330 2076 «curam
345 2046 475 2081 colligendi
489 2055 518 2071 ac
530 2044 682 2081 describendi
694 2048 826 2072 exercitus.
884 2046 945 2073 Liu.
959 2054 996 2079 21,
1011 2054 1035 2073 11
1070 2046 1127 2079 Qui
1140 2046 1195 2072 duo
1209 2045 1303 2083 populi
1365 2046 1499 2073 Ammian.
2422 2056 2425 2059 ⁷
2441 2068 2444 2078 ,

247 2082 365 2110 delectus
383 2080 526 2108 acerbitate
545 2079 721 2119 consternati,
742 2080 852 2106 retentis
871 2081 1117 2116 conquisitoribus,
1136 2088 1239 2108 metum
1258 2081 1301 2109 de·
1404 2088 1421 2109 C
1433 2088 1506 2109 ONs
1516 2088 1639 2109 ARRIO
1653 2102 1662 2115 ,
1687 2083 1737 2109 ire.
1774 2080 1924 2116 [σκαλεύει]
1960 2080 2061 2109 Sari-ire
2086 2079 2221 2117 diligenter
2239 2079 2371 2107 Columel.
2383 2088 2414 2114 ιι,

246 2117 374 2146 seditionis
387 2124 470 2152 quum
484 2113 673 2150 praebutflent,
693 2114 804 2147 oppreffi
822 2115 956 2142 celeritate
974 2116 1132 2148 Annibalis,
1151 2117 1301 2144 omiserunt
1319 2123 1348 2149 55
1365 2126 1390 2149 3,
1401 2120 1439 2150 46
1459 2117 1563 2145 Deinde
1580 2117 1646 2146 sulci
1662 2126 1754 2146 omnes
1767 2115 1958 2145 consarriendi.
1996 2117 2054 2144 Cat.
2071 2115 2103 2142 de
2117 2116 2150 2143 R.
2164 2116 2197 2143 R.
2209 2120 2254 2150 48,
2269 2123 2281 2143 1
2306 2115 2432 2158 Censor-s

247 2160 322 2183 mota
335 2161 416 2180 arma.
463 2152 509 2178 Eos
522 2156 610 2182 vocat,
631 2151 676 2184 qui
689 2146 795 2174 delectui
811 2148 921 2174 hahendo
933 2151 1153 2184 conquirendisque
1165 2151 1225 2176 adeo
1238 2153 1304 2177 mili·
1364 2153 1422 2178 rire
1434 2160 1536 2185 porcas.
2179 2177 2186 2180 ,
2395 2151 2399 2159 ’
2410 2154 2416 2158 “

247 2190 332 2222 ribus,
357 2194 429 2214 erant
445 2183 582 2222 praefecit.
653 2183 725 2210 Hire.
745 2183 777 2210 de
795 2183 860 2210 Beu.
871 2184 946 2211 Alex.
965 2194 986 2211 c.
1000 2193 1017 2211 2
1047 2185 1079 2211 In
1099 2193 1192 2211 omnes
1205 2191 1304 2219 partes,
1402 2185 1620 2214 COstiTvs
1633 2206 1643 2220 ‚
1662 2196 1693 2220 a,
1714 2196 1769 2214 um.
1790 2188 1858 2215 Part.
1894 2187 1929 2215 Id
1947 2184 1982 2221 est
1996 2186 2120 2214 Confitus
2139 2193 2164 2213 et
2181 2186 2238 2213 inde
2256 2185 2346 2224 densus

248 2235 298 2262 per
311 2233 374 2260 quas
388 2222 454 2249 fines
473 2219 598 2282 Aegyptii
611 2238 627 2259 ,-
645 2227 811 2258 regnumque
836 2219 972 2261 pertinet,
1000 2219 1116 2260 legatos,
1141 2220 1303 2261 conquisito·
1360 2220 1467 2261 sertus,
1480 2222 1616 2264 consertus.
1652 2222 1764 2264 Somnus
1785 2223 1822 2249 est
1843 2222 1991 2257 segregatio
2009 2223 2109 2249 consati
2128 2222 2236 2257 spiritus
2249 2222 2351 2263 Tei-tul

248 2269 361 2296 resque,
383 2257 500 2285 delectus
533 2254 630 2282 abendi
642 2254 717 2280 causa
723 2254 887 2293 ‚1m1serant.
920 2256 973 2295 ‚Su-
987 2255 1045 2281 Nec
1057 2264 1131 2281 enim
1142 2256 1304 2290 conquiflto-
1367 2258 1465 2283 Anima
1482 2266 1504 2283 c.
1519 2266 1561 2290 43.
1582 2268 1601 2283 z.
1622 2257 1714 2284 obruit.
1751 2258 1826 2294 Corff.
1840 2257 1880 2285 Id.
1894 2258 1927 2285 de
1940 2258 2046 2286 Resurr.
2061 2267 2083 2286 c.
2097 2259 2127 2284 16
2146 2264 2169 2285 et
2189 2258 2223 2285 de
2234 2257 2324 2285 Pudic.
2342 2267 2356 2285 c

249 2307 292 2326 ‘es
310 2293 505 2331 φαινοηροσωπέν
527 2290 640 2323 audent,
660 2297 720 2316 cum
738 2288 786 2316 ille
803 2288 869 2316 adsit
894 2289 952 2316 Cic.
965 2289 1018 2316 Att.
1040 2297 1068 2325 7,
1088 2299 1125 2317 ιο.
1174 2291 1348 2327 Co›ff.1b.60
1365 2294 1394 2320 A
1404 2293 1523 2326 consero,
1544 2293 1607 2324 eui,
1628 2299 1700 2320 atum
1712 2293 1840 2324 deriuari,
1849 2293 1942 2330 suadet

248 2332 330 2369 Epist.
351 2340 390 2358 21.
679 2362 685 2366 Π
1405 2334 1422 2355 c
1433 2335 1453 2355 o
1463 2335 1484 2354 N
1494 2336 1507 2355 s
1516 2336 1539 2355 A
1548 2335 1589 2355 'ri
1599 2334 1619 2354 o
1631 2349 1641 2361 ,
1664 2329 1733 2356 onis.
1754 2330 1774 2356 f.
1811 2329 1932 2356 Tertull.
1945 2328 1977 2356 ad
1990 2330 2053 2357 Nat.
2067 2338 2084 2357 2
2097 2339 2119 2357 e.
2134 2338 2159 2358 11
2177 2329 2326 2360 Consentius
2376 2364 2379 2365 ⁷

291 2375 308 2396 c
321 2374 340 2395 o
351 2373 372 2393 N
385 2372 436 2406 qv
446 2371 492 2392 ΑΕ
502 2370 544 2391 ST
555 2367 575 2389 Ο
587 2369 623 2396 R,
644 2363 709 2389 51'18·
731 2370 768 2387 m·
807 2361 881 2388 Idem·
918 2362 996 2387 Varr·
1010 2360 1043 2388 de
1056 2361 1086 2388 L·
1102 2361 1133 2387 L·
1145 2368 1168 2394 5,
1180 2365 1203 2391 8.
1367 2363 1414 2397 qui
1427 2363 1626 2390 consationibus
1645 2364 1860 2391 concubitalibus
1872 2364 1975 2400 praesit.

287 2410 362 2432 coN
402 2400 582 2431 νιςῐτνς,
603 2407 627 2431 a,
647 2406 702 2423 um.
722 2397 789 2424 Part.
812 2395 1034 2432 [ἕξηκριζωμένος]
1055 2397 1121 2423 Idem
1153 2396 1304 2432 uodExqui-
1403 2403 1770 2427 CONSATELL1T1VM
1784 2420 1794 2432 ,
1812 2400 1831 2427 i.
1857 2409 1884 2426 n.
1921 2401 1977 2427 ICt.
1998 2401 2028 2428 in
2042 2400 2105 2437 Dig.
2427 2401 2439 2432 ’,

251 2440 325 2469 fitur..
343 2409 510 2471 utikMenrae
523 2433 743 2470 conquisitissimis
752 2433 838 2467 epulis
847 2432 1047 2459 exstruebantur
1060 2433 1118 2459 Cic.
1158 2433 1208 2459 usc.
1223 2441 1246 2466 ς,
1259 2434 1303 2459 62.
1403 2439 1422 2459 c
1432 2438 1452 2459 0
1462 2440 1485 2459 N
1495 2440 1507 2459 3
1516 2440 1538 2460 A
1548 2440 1571 2459 'r
1582 2441 1591 2458 1
1600 2441 1652 2461 AT
1661 2442 1682 2462 v
1693 2442 1722 2467 8,
1742 2444 1771 2468 a,
1789 2444 1843 2461 um.
1879 2435 1937 2463 ICt.
1955 2436 1985 2462 in
2001 2436 2064 2471 Dig.
2389 2432 2413 2475 2.
2435 2442 2443 2462 ⁴,
2470 2447 2474 2465 ι

290 2483 308 2504 c
316 2482 336 2502 o
345 2482 367 2501 N
377 2480 426 2513 qv
436 2481 445 2499 1
455 2479 468 2498 3
479 2472 490 2498 ι’
500 2479 522 2498 T
530 2478 556 2498 Ε.
593 2469 661 2497 Adu.
699 2466 923 2505 [δὶηκριέῗωμένως]
960 2469 1009 2495 Ρνο
1026 2467 1105 2495 Dobie
1123 2475 1146 2495 et
1159 2468 1303 2505 diligenter.
1316 2466 1350 2498 65
1403 2474 1422 2496 c
1433 2474 1452 2495 o
1463 2476 1485 2495 N
1493 2476 1507 2495 3
1515 2475 1537 2495 A
1545 2475 1566 2494 ‘r
1575 2466 1596 2494 ὕ
1605 2475 1625 2494 R
1634 2474 1655 2494 o
1664 2488 1674 2501 ,
1699 2473 1751 2496 are.
1787 2470 1896 2498 Firmie.
2393 2466 2410 2486 ⁸*
2438 2483 2439 2486 =

255 2511 325 2539 Gell.
346 2519 369 2543 3,
382 2517 410 2536 10
441 2508 512 2535 Haec
526 2508 614 2535 Varro
632 2505 664 2532 de
683 2513 797 2532 numero
810 2504 958 2539 septenario
973 2503 1073 2538 scripsit
1086 2503 1230 2531 admodum
1244 2513 1306 2531 con·
1402 2510 1422 2530 C
1433 2509 1452 2530 ο
1463 2510 1486 2529 Ν
1496 2510 1509 2529 3
1520 2510 1538 2531 c
1549 2510 1600 2531 AT
1610 2511 1631 2530 v
1640 2510 1660 2531 R
1669 2511 1679 2530 1
1688 2509 1723 2536 03
1742 2508 1792 2532 ire.
1828 2506 1931 2540 Fragm.
1946 2506 2019 2533 Po'e't.
2398 2503 2417 2540 '3
2438 2507 2441 2511 “

255 2547 358 2583 quisite.
379 2544 456 2571 Au&
469 2544 501 2571 ad
517 2544 635 2570 Herenn.
648 2550 664 2568 a.
680 2550 701 2567 c.
711 2550 735 2573 31
755 2541 826 2567 Haec
841 2540 858 2567 si
873 2546 902 2568 vt
923 2540 1069 2575 conquisito
1095 2540 1306 2575 conscripsimus,
1404 2546 1481 2567 CON
1490 2545 1524 2567 sc
1536 2546 1588 2567 AT
1597 2546 1618 2566 v
1627 2541 1670 2566 Rl'
1678 2545 1727 2567 Go
1735 2559 1744 2573 ,
1763 2540 1825 2568 inis.
1843 2541 1864 2567 f.
1900 2541 2068 2568 Tertulliani
2081 2540 2124 2576 affe
2138 2541 2235 2571 dscunt.

255 2584 294 2611 ita
306 2588 335 2609 tu
349 2581 491 2614 diligenter
503 2579 587 2606 fueris
599 2578 774 2612 consequutus
782 2597 790 2609 ,
811 2583 856 2603 etc.
892 2576 966 2612 Conf.
979 2576 1052 2603 Non.
1075 2585 1084 2602 1
1092 2596 1099 2607 ,
1120 2584 1169 2611 117.
1405 2582 1425 2603 c
1436 2581 1456 2603 ο
1467 2583 1490 2602 Ν
1499 2583 1512 2603 3
1521 2583 1543 2602 A
1552 2582 1573 2603 v
1582 2580 1598 2601 C
1607 2583 1617 2602 1
1626 2582 1645 2602 o
1653 2595 1663 2608 ,
1679 2579 1731 2603 are.
1767 2575 1947 2612 [τραυματίζω
1953 2577 1974 2616 ]¹
2007 2576 2082 2603 Valde
2095 2578 2136 2604 vel
2147 2578 2264 2613 pluribus
2275 2577 2423 2612 vulneribus}
2471 2589 2474 2595 ·

293 2624 311 2645 (;
320 2622 426 2655 ONQV
436 2623 445 2642 1
454 2621 466 2640 3
476 2622 486 2641 1
495 2620 534 2641 *1⁸1
544 2621 563 2641 o
574 2633 582 2646 ‚
602 2613 710 2653 Onia-s.
746 2611 909 2653 [rugiit-nm]
945 2612 1002 2652 Cic:
1014 2612 1047 2638 de
1061 2612 1184 2652 Vniuers.
1197 2620 1211 2645 ς
1228 2610 1305 2652 Diffi·
1363 2610 1491 2648 sauciare.
1542 2611 1611 2637 Suet.
1624 2610 1730 2638 Neron.
1750 2621 1773 2638 c.
1788 2613 1824 2638 26
1857 2612 1989 2639 Praetor1s
2008 2617 2084 2647 caput
2104 2613 2290 2640 consauciauit.
2328 2612 2430 2648 Paffiu..

259 2654 391 2683 eillimum
405 2657 493 2677 autem
507 2649 543 2675 est
562 2650 592 2675 in
609 2657 685 2675 omni
696 2648 891 2682 conquisittone
904 2653 1016 2675 rationis
1029 2648 1180 2675 exordium.
1243 2649 1304 2675 L1u.
1314 2652 1350 2681 70
1369 2646 1449 2676 Auci.
1462 2646 1494 2673 ad
1507 2647 1606 2674 Heren.
1618 2655 1648 2680 4,
1659 2654 1691 2682 27
1704 2656 1726 2675 c.
1740 2655 1768 2681 19
1793 2648 1825 2675 In
1837 2646 1889 2675 hoc
1901 2653 1990 2675 autem
2003 2647 2098 2676 crebro
2111 2653 2137 2675 et
2149 2647 2230 2675 celeri
2242 2648 2353 2676 vulnere
2362 2655 2432 2686 cor->1
2453 2671 2455 2673 ,

259 2699 277 2726 7
303 2699 315 2722 3
336 2689 427 2721 Qum
441 2685 608 2721 piaculorum
621 2684 704 2718 magis
718 2683 877 2719 conquisitio
892 2683 1005 2716 animos,
1017 2691 1097 2718 quam
1110 2692 1222 2718 corpora
1235 2693 1307 2710 mor-
1369 2692 1417 2718 pus
1431 2683 1594 2710 consauciari
1606 2682 1723 2710 videtur.

259 2711 289 2755 bi
306 2723 448 2752 afficerent.
483 2720 551 2748 Add.
573 2728 612 2753 25,
633 2729 669 2746 ιι.
706 2719 774 2746 Tac.
795 2720 882 2754 Agric.
896 2724 917 2749 8.
972 2720 1028 2746 Cic.
1040 2719 1072 2746 de
1088 2720 1210 2746 Prouinc.
1226 2720 1306 2746 Cons.
1409 2724 1426 2745 c
1439 2725 1458 2745 ο
1468 2725 1615 2746 NSAvcl
1625 2719 1738 2747 ATvs.
1774 2718 1868 2746 Partic.
1905 2719 1975 2747 Suet.
1994 2719 2064 2755 Aug.
2082 2727 2104 2746 e.
2115 2727 2152 2747 πο
2187 2721 2341 2756 Vtrumque
2359 2718 2414 2766 b'n
2429 2728 2437 2749 ο

258 2770 273 2796 ς
291 2771 313 2787 c.
328 2769 344 2787 2
366 2757 425 2786 'Iam
437 2766 504 2785 vero
518 2756 647 2783 exercitus
661 2754 748 2781 noster
761 2755 807 2782 ille
820 2754 1001 2791 superbissimo
1015 2755 1119 2783 dele6iu
1134 2762 1159 2782 et
1174 2755 1307 2783 durissima
1371 2753 1463 2781 chium
1477 2755 1557 2782 ruina
1572 2754 1661 2789 pontis
1676 2754 1883 2782 consauciatum.

258 2794 454 2832 conquisitione
467 2791 594 2820 colled’ms
607 2791 694 2818 omnis
707 2791 819 2818 interiit.
882 2790 1114 2827 Conquisitionem
1130 2792 1251 2820 militum
1263 2791 1309 2819 ha·
1408 2797 1426 2818 c
1437 2796 1457 2817 Ο
1468 2798 1490 2817 Ν
1498 2797 1511 2818 3
1520 2797 1542 2817 A
1551 2797 1572 2817 v
1583 2796 1601 2817 C
1611 2796 1682 2817 1A'r
1691 2797 1702 2817 1
1712 2796 1733 2817 ο
1745 2811 1753 2824 ,
1775 2791 1844 2818 onis.
1861 2791 1881 2817 f.
1918 2791 1974 2818 ICt.
1988 2790 2018 2818 in
2031 2790 2093 2827 Dig.
2378 2786 2395 2798 '¹

259 2833 324 2862 bere
342 2831 403 2858 Liu.
416 2839 456 2862 23,
468 2838 509 2862 32,-
1322 2831 1355 2860 '15
1410 2832 1428 2854 C
1436 2832 1456 2853 Ο
1466 2832 1489 2852 N
1501 2833 1515 2853 S
1523 2832 1539 2854 C
1547 2833 1565 2853 E
1574 2832 1590 2852 Ι.
1601 2824 1646 2853 ER
1655 2832 1690 2857 0,
1709 2829 1762 2853 ΞΓΕ.
1798 2827 1992 2863 [καταμιαίνω]
2027 2827 2120 2856 Scelere
2126 2828 2246 2862 polluere.
2273 2827 2335 2856 Liu.
2368 2826 2412 2858 ’8
2433 2835 2436 2856 1

297 2876 316 2896 c
323 2875 343 2896 o
352 2873 374 2893 Ν
385 2873 403 2893 R
412 2868 434 2893 Ᾰ
444 2872 462 2893 n
471 2872 491 2892 o
501 2884 510 2896 ,
534 2863 588 2891 vid.
609 2868 628 2891 c
636 2868 655 2889 o
664 2869 684 2890 R
692 2869 712 2889 R
720 2869 741 2889 A
751 2868 770 2889 D
778 2867 808 2888 ο.
1374 2862 1453 2897 Agite
1474 2861 1651 2889 conscelerate
1671 2870 1747 2888 aures
1766 2868 1884 2896 paternas
1894 2883 1903 2896 ,
1921 2862 2055 2890 decernite
2075 2862 2234 2891 criminibus
2242 2883 2251 2897 ,
2269 2872 2334 2892 mox
2363 2878 2384 2885 --
2407 2892 2410 2894 ,
2434 2861 2435 2866 ’

299 2910 318 2932 c
329 2911 349 2931 o
358 2910 379 2930 N
388 2909 408 2929 R
417 2909 433 2929 Ε
443 2907 461 2928 c
472 2908 494 2928 v
503 2906 528 2927 M
537 2906 554 2928 Β
565 2906 584 2927 o
596 2919 606 2933 ,
634 2900 688 2926 ere.
721 2898 754 2925 In
779 2897 909 2925 conuiuio
936 2899 1170 2927 conrecumbentes
1189 2899 1309 2927 Tertull.
1374 2898 1516 2926 decreturi.
1553 2898 1671 2925 Domum
1681 2897 1857 2926 conscelerare
1864 2898 1961 2925 Catuli.
1974 2900 2016 2932 68,
2023 2907 2060 2932 24
2080 2897 2108 2925 de
2122 2897 2214 2934 incesto
2239 2902 2307 2927 aeris
2317 2902 2346 2927 in
2368 2902 2372 2906 “
2394 2903 2412 2909 ”

262 2940 324 2970 ndu.
342 2939 420 2965 Gent.
433 2946 455 2963 c.
470 2945 497 2970 4.
1373 2934 1474 2961 Oculos
1488 2934 1667 2961 conscelerate
1681 2933 1792 2966 dicitur,
1807 2937 1851 2970 qui
1863 2933 1991 2969 nefarium
1998 2934 2108 2971 facinus
2120 2936 2202 2971 aliquo
2230 2936 2377 2971 perpetrans·

298 2983 316 3003 c
325 2982 375 3004 οΝ
383 2981 402 3001 R
411 2980 427 3000 E
436 2979 456 3000 G
465 2980 475 2999 1
484 2979 503 3000 o
517 2991 527 3006 ,
552 2971 621 2997 onis.
657 2969 698 2998 Ab
711 2968 846 3007 auguribus
858 2970 916 2996 olim
929 2968 1064 2997 vocabatur
1076 2971 1154 3007 Regio
1165 2974 1236 2998 intra
1241 2970 1311 3006 fines
1373 2970 1414 2996 det
1423 2990 1431 3002 ,
1448 2969 1514 3006 quod
1528 2970 1568 2996 vel
1587 2976 1697 2996 auertere
1712 2975 1811 3005 poterat
1824 2976 1848 2996 et
1867 2969 1992 3003 inhibere,
2004 2970 2046 2997 uel
2061 2979 2077 2996 a
2088 2978 2134 3006 quo
2153 2970 2204 3007 ipJe
2222 2974 2321 3004 auerti,
2332 2976 2363 2998 et
2378 2978 2380 2980 ’
2408 2991 2415 3005 3

262 3010 442 3048 compre-beust.
478 3008 556 3035 Varr.
569 3007 602 3034 de
622 3006 652 3033 L.
672 3006 702 3032 L.
717 3007 744 3038 6,
757 3013 770 3031 2
797 3005 870 3032 Intra
891 3013 921 3031 ea
941 3005 1118 3039 conregione‚
1133 3007 1310 3041 conspicione,
1331 3010 1364 3037 80
1374 3006 1460 3032 ducere
1467 3005 1505 3041 se.
1543 3005 1624 3032 Ouid.
1638 3006 1703 3033 Met.
1716 3012 1744 3040 7,
1757 3013 1791 3038 34
1815 3005 1871 3031 Cur
1883 3013 1939 3032 non
1954 3011 1980 3032 et
1991 3004 2080 3041 specio
2093 3011 2264 3047 pereuntem,
2276 3006 2375 3034 oculos
2390 3014 2407 3040 μ,

263 3046 433 3074 ‹ortumione
442 3064 450 3078 ‚
463 3043 557 3079 vtique
575 3051 607 3070 ea
620 3040 760 3070 refilissime
779 3040 852 3068 sensi.
891 3040 967 3103 ζέιὶά.
981 3040 1041 3067 libri
1056 3043 1237 3075 Conrecione,
1250 3052 1310 3078 quae
1373 3041 1490 3069 videndo
1526 3041 1705 3068 Conscelero!
1725 3049 1772 3067 cur
1783 3049 1838 3067 non
1850 3046 1940 3069 tauros
1953 3041 2082 3069 exhortor
2094 3049 2123 3068 m
2136 3041 2232 3069 illum?
2384 3045 2393 3050 “
2446 3044 2448 3046 ’

220 3106 224 3113 ,
258 3082 386 3119 ‚sollemnis-
402 3079 512 3117 conjufio
530 3076 573 3114 (st.
647 3077 828 3113 conregione,
841 3085 891 3112 pro
936 3076 1046 3111 regione
1059 3075 1184 3105 dixerunt
1197 3085 1308 3106 veteres.
1410 3082 1428 3105 C
1442 3083 1462 3103 ο
1474 3083 1497 3102 Ν
1506 3083 1568 3104 scE
1577 3084 1594 3104 ι.
1603 3078 1679 3104 ERK
1690 3082 1713 3102 Τ
1724 3082 1777 3109 VS,
1788 3085 1813 3109 a,
1825 3085 1880 3102 um.
1901 3077 1995 3104 Partic.
2020 3076 2169 3112 [μιανθεὶς]
2193 3077 2255 3105 Liu.
2268 3086 2295 3111 2,
2306 3084 2339 3113 37
2365 3081 2369 3087 ’
2382 3093 2387 3102 «

265 3118 362 3146 Festus,
1376 3111 1554 3140 ficiscentibus
1568 3111 1663 3140 deinde
1678 3111 1827 3146 indignatio
1839 3111 1946 3146 oborta,
1959 3114 1984 3139 se
1998 3120 2028 3140 vt
2041 3113 2246 3147 consceleratos,
2259 3108 2406 3144 contam'
2444 3111 2446 3114 ’

306 3159 323 3180 c
338 3160 357 3180 0
368 3159 417 3179 NR
426 3158 472 3179 EG
481 3158 532 3179 No
546 3169 555 3183 ,
581 3152 635 3178 ire.
672 3147 790 3176 Tertull.
812 3147 873 3174 adu.
894 3147 985 3174 Gnost.
1005 3156 1027 3174 c.
1039 3155 1081 3181 .13·
1108 3154 1132 3175 et
1150 3148 1263 3177 Hieron.
1281 3150 1311 3177 in
1373 3154 1480 3184 tosque,
1493 3147 1525 3175 ab
1539 3147 1608 3174 ludis
1622 3147 1729 3175 abactos
1742 3148 1800 3175 esse.
1869 3148 1945 3175 Mens
1957 3148 2130 3176 conscelerata
2144 3149 2205 3176 Liu.
2218 3154 2243 3182 8,
2257 3154 2292 3180 18-
2438 3152 2440 3154 '

268 3190 334 3217 Dan.
347 3197 369 3214 c.
384 3196 409 3220 9.
446 3186 518 3222 Sulp.
532 3186 622 3213 Seuer.
635 3193 659 3217 2.,
672 3193 709 3217 33.
744 3183 832 3210 Scdul.
847 3184 864 3211 l.
879 3192 892 3216 3
905 3183 960 3217 (al.
975 3184 1014 3218 4)
1026 3189 1091 3210 extr.
1326 3187 1355 3217 85
1373 3193 1433 3211 men
1448 3184 1539 3211 nobile
1552 3184 1758 3211 consceleratum
1772 3182 1958 3218 impudicitiae
1972 3184 2034 3212 dare
2050 3183 2219 3212 Pseudo-Cic.
2231 3185 2326 3212 oetan.
2385 3200 2390 3206 ν

307 3231 325 3252 c
336 3230 356 3250 0
364 3230 387 3250 N
395 3230 414 3250 R
423 3229 440 3250 Ε
448 3230 461 3250 3
470 3230 490 3249 ν
500 3230 513 3250 3
521 3229 538 3249 c
547 3229 558 3249 1
567 3228 590 3249 'r
600 3228 622 3249 A
631 3227 652 3248 ‘r
660 3227 681 3247 v
690 3227 704 3247 s
716 3239 724 3251 ‚
749 3229 779 3252 a,
804 3227 859 3246 um.
905 3218 1130 3246 conresuscitatus
1152 3220 1181 3246 in
1206 3229 1239 3247 eo
1261 3229 1309 3256 per
1372 3226 1429 3248 rata
1442 3220 1631 3247 consceleratus
1645 3219 1702 3246 Cic.
1717 3218 1774 3246 A&
1789 3228 1800 3246 1
1811 3219 1841 3246 in
1854 3220 1932 3247 Verr.
1945 3229 1990 3253 90.
2061 3220 2110 3247 Vis
2121 3220 2293 3248 conscelerata
2306 3220 2362 3248 Cic.
2385 3245 2387 3248 .
2403 3241 2406 3244 -

268 3259 350 3288 fidem
362 3257 481 3285 Tertull.
493 3257 526 3284 de
538 3257 643 3284 Resurr.
659 3257 737 3284 Carn.
751 3264 773 3282 c.
786 3263 826 3288 23.
1374 3256 1415 3283 til.
1430 3265 1446 3283 2
1468 3265 1489 3282 c.
1504 3264 1521 3289 9
1534 3263 1557 3282 ee
1573 3264 1623 3291 pro
1634 3256 1724 3282 Domo
1738 3264 1759 3282 c.
1773 3260 1814 3285 28.
1883 3255 1980 3283 Vultus
1992 3255 2110 3283 nefarius
2123 3261 2149 3282 et
2161 3255 2357 3283 consceleratus⁴
2368 3253 2386 3277 ὃ
2392 3254 2402 3273 ’ἶ
2414 3270 2415 3274 =

307 3301 325 3323 c
336 3301 356 3322 ο
368 3300 389 3320 Ν
400 3300 419 3320 R
427 3300 444 3320 Ε
453 3300 466 3320 3
475 3300 495 3319 ν
504 3300 519 3320 1³
528 3300 538 3319 1
548 3299 570 3318 N
578 3300 601 3320 A
609 3298 631 3318 'r
640 3298 660 3318 v
670 3299 683 3320 s
697 3311 707 3325 ‚
732 3292 774 3318 vel
797 3297 814 3318 c
822 3297 842 3318 ο
851 3297 870 3318 R
878 3297 897 3318 R
906 3297 922 3318 E
931 3298 943 3318 s
952 3297 973 3316 V
981 3297 996 3317 Ρ
1006 3298 1016 3317 1
1024 3297 1047 3318 Ν
1054 3297 1077 3318 A
1085 3295 1107 3317 'r
1115 3297 1137 3317 v
1145 3297 1158 3318 3
1166 3311 1175 3323 ,
1201 3299 1215 3318 a
1223 3310 1230 3322 ,
1254 3300 1307 3319 um.
1374 3301 1424 3327 pro
1437 3291 1541 3318 Cluent.
1558 3300 1580 3318 c.
1602 3299 1643 3318 10.
1714 3290 1737 3317 A
1757 3290 1822 3317 filiis
1841 3291 2091 3319 consceleratiffimis
2112 3290 2200 3319 furiae
2219 3291 2373 3319 domesticae
2385 3308 2386 3311 =
2396 3316 2405 3320 ..

268 3329 478 3364 Conresupinata
491 3327 595 3355 interna
608 3327 726 3355 Tertull.
739 3326 772 3353 de
786 3326 883 3354 Anima
897 3336 919 3353 c.
931 3331 973 3359 48.
1373 3327 1485 3355 assiduae
1495 3336 1592 3363 poenas
1605 3331 1744 3362 parentum
1755 3325 1810 3353 dies
1823 3325 1968 3363 noftcsque
1983 3333 2106 3362 repetunt
2119 3328 2175 3355 Cic.
2183 3336 2233 3363 pro
2245 3328 2322 3355 Rosc.
2330 3327 2362 3355 A
2378 3322 2403 3356 ,3⁴¹

305 3371 462 3396 CONREVS‚
481 3363 500 3389 i.
520 3372 555 3389 m.
577 3363 722 3397 [συιὲνσχσς]
741 3363 793 3398 Qss'
804 3371 859 3388 cum
872 3362 922 3388 alio
935 3365 962 3388 in
974 3365 1014 3387 ius
1027 3367 1130 3389 vocatus
1143 3359 1186 3394 est.
1205 3361 1309 3396 leian.
1322 3367 1359 3393 90
1371 3366 1407 3399 67
1430 3372 1451 3390 c.
1465 3371 1509 3397 24.
2365 3384 2368 3393 ,
2380 3371 2381 3374 ’
2405 3388 2407 3393 ,

271 3403 302 3430 in
315 3403 332 3429 l.
353 3398 553 3428 Liberationem
566 3397 590 3435 §.
608 3399 687 3425 Nune
705 3399 737 3425 de
750 3397 847 3425 effee’m
869 3398 901 3424 D.
913 3396 946 3424 de
957 3397 1034 3424 liber.
1047 3397 1123 3432 legat.
1144 3397 1168 3423 si
1184 3406 1242 3423 cum
1254 3398 1308 3425 alio
1409 3405 1427 3426 e
1438 3404 1458 3425 o
1469 3406 1490 3426 N
1499 3406 1512 3426 s
1524 3405 1563 3426 CB
1573 3404 1597 3425 N
1608 3405 1626 3425 D
1637 3403 1658 3425 0
1668 3418 1677 3431 ,
1699 3397 1744 3431 di,
1769 3397 1840 3432 sum,
1861 3398 1915 3425 ere.
1953 3396 2102 3433 [ἐπιζώῃ
2126 3396 2266 3433 ἐνοιῶιίιω]
2299 3399 2367 3435 Aug
2383 3418 2403 3435 -,,
2431 3430 2435 3442 1

272 3439 319 3466 sim
332 3437 455 3468 debitor,
471 3439 534 3496 puta
550 3433 604 3460 duo
623 3434 663 3460 rei
680 3434 781 3460 suimus
800 3433 991 3469 promittendi,
1004 3439 1030 3460 et
1049 3433 1117 3460 mihi
1137 3432 1187 3459 soli
1204 3433 1311 3462 testator
1375 3435 1443 3461 velut
1454 3436 1557 3470 complet
1563 3433 1670 3469 simplex
1677 3432 1786 3460 Scando.
1823 3433 1863 3460 Ac
1877 3433 1907 3460 de
1919 3433 2098 3470 nauigantibus
2111 3431 2371 3471 dici'tursrequmtq'ff
2455 3418 2458 3423 ¹

273 3473 422 3501 consultum
436 3479 472 3498 vo
484 3470 538 3496 uit:
574 3468 674 3503 agendo
693 3469 854 3504 consequar,
868 3477 922 3495 non
934 3474 963 3495 vt
983 3475 1088 3504 accepto
1103 3468 1216 3500 liberer,
1231 3477 1262 3494 ne
1277 3475 1314 3496 et-
1380 3469 1451 3498 Vnde
1463 3477 1488 3497 et
1500 3469 1607 3506 absolute
1619 3469 1752 3505 aliquando
1758 3471 1880 3504 ponitur,
1898 3479 1924 3497 υ,
1936 3478 1962 3506 g.
1985 3469 2043 3496 Cic.
2057 3471 2094 3503 Q
2105 3469 2174 3496 Frat.
2189 3478 2215 3503 2,
2228 3478 2245 3497 2
2272 3470 2320 3497 Tu
2327 3489 2336 3503 ,
2338 3464 2411 3644 Ξ
2443 3476 2446 3478 '

2436 3465 2440 3484 l

272 3510 327 3537 iam
344 3515 456 3536 com-eus
474 3512 549 3533 meus
566 3504 697 3532 liberetur
717 3511 809 3533 contra
827 3504 956 3532 testatoris
975 3505 1155 3532 voluntatem:
1174 3503 1218 3530 sed
1236 3505 1313 3539 pacto
1377 3505 1499 3541 expedit,
1513 3505 1597 3532 velim
1609 3505 1680 3533 bona
1694 3511 1720 3531 et
1735 3510 1805 3531 certa
1817 3504 1968 3540 tempestate
1979 3504 2151 3538 conscendas,
2165 3504 2197 3531 ad
2212 3514 2308 3540 meque
2320 3514 2337 3533 v
2405 3502 2410 3507 “
2435 3489 2440 3532 i

273 3544 418 3572 liberabor.
1326 3542 1359 3568 95
1377 3542 1438 3569 Liu.
1477 3561 1483 3567 .
1521 3561 1528 3567 .
1566 3560 1572 3567 .
1644 3537 1829 3567 conscendunt
1841 3540 1939 3567 alacres
1956 3539 2064 3575 copiae,
2074 3539 2179 3576 subaud.
2199 3540 2309 3568 Nauim.
2436 3534 2440 3601 ἶ

308 3587 326 3607 c
335 3587 354 3608 o
364 3586 412 3606 NR
422 3579 486 3606 iDE
495 3582 516 3605 0
525 3596 535 3610 ‚
552 3576 594 3603 vel
609 3581 768 3603 CORRmEo
778 3595 788 3609 ,
808 3579 862 3604 ete.
898 3575 985 3603 Rideo
996 3584 1048 3602 vna
1060 3577 1102 3604 vol
1116 3574 1233 3612 undique.
1263 3575 1315 3602 Lu-
1379 3577 1435 3604 Cic.
1448 3577 1481 3604 ad
1493 3577 1532 3610 Q
1541 3577 1611 3603 Frat.
1625 3584 1648 3608 2,
1660 3578 1685 3602 6.
1722 3575 1790 3601 Vell.
1805 3584 1827 3608 2,
1842 3583 1898 3611 107.
1933 3575 2016 3603 Ouid.
2023 3575 2109 3603 Trist.
2125 3584 2145 3608 1,
2157 3584 2179 3607 2,
2191 3584 2231 3609 41.
2269 3573 2372 3612 νινε-Δ

273 3620 338 3643 etet.
355 3625 390 3650 4,
411 3619 438 3644 81
1381 3622 1403 3646 1,
1417 3617 1459 3646 385
1480 3613 1523 3639 Bis
1537 3610 1762 3646 denisPhrygium
1775 3611 1914 3638 conscendi
1925 3610 2039 3638 nauibus
2051 3619 2158 3647 aequor.
2228 3611 2345 3639 Aethera
2375 3638 2379 3644 .
2411 3614 2417 3621 “
2435 3615 2448 3641 ἶ·

391 3651 423 3677 Et
443 3654 543 3684 quanto
563 3646 662 3674 circum
683 3654 757 3681 mage
778 3646 836 3673 sunt
853 3646 952 3673 inclusa
972 3646 1070 3674 theatri
1379 3648 1444 3675 Silu.
1460 3657 1483 3681 3,
1499 3656 1519 3680 1,
1537 3649 1562 3674 6.
1631 3646 1721 3674 Valer.
1736 3647 1834 3681 Argon.
1847 3655 1872 3679 2,
1886 3656 1945 3681 444
1973 3647 2006 3674 Et
2020 3647 2064 3674 Sol
2082 3645 2214 3674 aethereas
2234 3646 2335 3683 medius
2353 3648 2409 3675 coil·
2436 3650 2438 3682 ξ

393 3685 518 3718 Moenia,
533 3689 588 3710 tam
610 3681 694 3717 magis
713 3681 777 3708 haec
797 3682 868 3709 intus
886 3682 991 3716 perfusa
1010 3683 1104 3717 lepore
1379 3683 1513 3711 scenderat
1529 3683 1616 3710 Arces.
1687 3682 1797 3710 Classem
1814 3683 1889 3717 Virg.
1903 3684 1967 3709 Aen.
1990 3691 2028 3714 10,
2043 3688 2090 3715 135.
2159 3682 2274 3709 Culmen
2287 3683 2410 3715 summm
2428 3679 2438 3717 l«

394 3720 493 3747 Omnia
512 3717 652 3746 conrident
670 3722 794 3752 conrepta
813 3717 872 3743 luce
892 3717 954 3743 diei.
1322 3723 1371 3742 100
1381 3720 1427 3747 Sil,
1453 3727 1482 3752 3,
1502 3727 1554 3752 510.
1625 3719 1741 3745 Currum
1766 3717 1847 3744 Ouid.
1870 3718 1957 3746 Trist,
1977 3726 2002 3751 3,
2021 3722 2045 3749 g,
2059 3724 2078 3743 ι,
2147 3717 2266 3752 propert,
2285 3726 2307 3750 ς,
2326 3721 2360 3750 18,
2376 3720 2408 3750 ng.
2429 3720 2437 3739 ’.ι
2457 3734 2460 3738 ,

276 3759 296 3783 ὁ.
318 3755 410 3782 omnia
419 3754 497 3788 Jimu!
507 3754 638 3787 renident,
650 3754 689 3780 vel
700 3753 854 3780 hilaritatem
866 3752 984 3779 «immadi
991 3751 1090 3789 praese
1118 3757 1199 3786 crunt,
1210 3757 1240 3779 υε
1251 3751 1317 3779 ride·
1380 3755 1484 3790 Equum
1505 3754 1564 3780 Liu.
1579 3762 1619 3786 29,
1632 3762 1656 3780 2.
1692 3754 1768 3780 Curt.
1786 3761 1824 3786 ιο,
1843 3759 1868 3786 8,
1882 3764 1908 3788 4.
1979 3753 2010 3780 In
2027 3760 2124 3787 equum
2145 3753 2226 3780 Ouid.
2241 3754 2306 3781 Met.
2318 3753 2344 3784 6,
2429 3751 2437 3778 ll

276 3800 304 3818 re
317 3790 461 3817 videantur.
481 3789 635 3818 Lambinus.
669 3787 797 3823 Colloqui
816 3793 842 3813 et
856 3787 990 3814 corridere
1005 3788 1081 3822 Augu
1106 3788 1142 3815 in.
1163 3787 1236 3824 Conf-
1250 3796 1278 3821 4,
1293 3793 1315 3818 8.
1380 3789 1490 3818 Moenia
1502 3790 1549 3816 Sil.
1562 3797 1585 3821 3,
1599 3796 1652 3821 510.
1723 3790 1827 3815 Montes
1841 3789 1927 3816 Catul.
1942 3789 2040 3821 Argon.
2055 3787 2072 3813 s.
2084 3790 2128 3820 62,
2143 3790 2194 3815 126.
2263 3789 2318 3816 Cic.
2333 3787 2354 3814 Α
2375 3789 2378 3791 ’
2397 3802 2406 3810 .
2428 3785 2432 3810 l

314 3832 332 3853 C
340 3833 359 3852 ο
368 3833 389 3852 Ν
399 3832 417 3852 R
425 3832 446 3851 v
456 3832 469 3852 s
480 3831 496 3852 Ρ
506 3833 525 3853 o
535 3832 553 3852 R
563 3845 572 3859 ,
589 3826 631 3852 uel
654 3830 672 3851 C
683 3831 702 3852 ο
710 3831 729 3850 R
737 3830 756 3851 R
766 3831 786 3850 v
795 3830 808 3850 s
817 3830 832 3850 Ρ
841 3829 860 3849 0
869 3829 887 3849 R
897 3842 905 3854 ‚
926 3823 974 3850 ari.
1010 3823 1186 3859 Conquirere.
1213 3823 1315 3852 Conru-
1380 3836 1407 3859 4,
1421 3831 1465 3860 148
1484 3825 1558 3859 Qud
1569 3825 1641 3850 enim
1654 3824 1826 3851 conscendens
1841 3823 1947 3851 Nauem
1957 3822 2058 3857 rapiens
2066 3843 2074 3856 ‚
2087 3832 2161 3856 num,
2173 3830 2220 3851 etc.
2266 3822 2337 3851 Caes.
2348 3813 2408 3854 Bel-I,-
2429 3831 2431 3842 Α

276 3863 350 3897 spate
363 3867 407 3888 tua
421 3860 528 3887 consilia
540 3861 568 3888 in
581 3860 690 3896 pee'iore
708 3859 789 3886 Plaut.
804 3857 870 3894 apud
883 3858 947 3884 Fest.
1380 3861 1465 3888 Ciuil.
1485 3869 1510 3894 2,
1527 3871 1547 3895 4
1575 3859 1641 3886 Non
1657 3860 1762 3888 minore
1776 3860 1867 3887 animo
1880 3867 1909 3886 ac
1927 3857 2039 3891 fiducia,
2053 3868 2132 3894 quam
2145 3864 2206 3886 ante
2217 3858 2410 3892 diminuerunt,
2428 3859 2437 3891 ¹;

312 3903 328 3924 c
337 3903 357 3924 0
367 3902 388 3923 N
400 3902 412 3922 s
421 3902 443 3924 A
453 3901 469 3923 Β
477 3902 498 3923 ν
506 3902 527 3923 R
535 3902 582 3924 Ro
590 3915 600 3929 ,
616 3899 670 3923 are.
705 3894 774 3924 Idem
787 3903 816 3923 ac
828 3893 952 3922 Saburra.
981 3893 1118 3931 Augustin.
1318 3894 1363 3922 105
1381 3897 1472 3925 Naues
1485 3895 1668 3925 conscendunt.
1703 3894 1771 3924 Add.
1784 3895 1824 3923 Id.
1836 3894 1874 3923 ib.
1886 3902 1912 3927 3,
1925 3895 1951 3921 6.
1975 3892 2045 3929 Nep.
2058 3903 2097 3930 23,
2106 3899 2133 3927 8,
2145 3896 2172 3922 6.
2192 3894 2249 3923 Cic.
2262 3895 2332 3925 Fam.
2344 3898 2408 3930 3221?st
2436 3902 2437 3906 ¹

2316 3929 2408 3966 ΕΗᾘΙΙ
2428 3938 2437 3961 ·;
