2474 4182
282 177 354 225 863
668 170 701 208 C
787 165 820 203 E
902 165 934 202 R
1796 160 1830 199 c
1909 160 1943 199 E
2024 163 2056 202 R
2363 175 2447 234 3643

285 266 319 290 ⁶0
347 262 485 289 Continuo
504 261 550 288 has
570 262 654 295 'eges'
673 263 830 289 aeternaque
849 253 1056 281 foedera.›certis
1092 254 1221 289 Imposuit
1240 258 1333 278 natura
1400 249 1460 274 loco
1475 247 1609 282 significat.
1647 250 1799 285 Aliquando
1814 258 1838 276 et
1854 250 1972 276 Firmos:
1991 255 2020 276 vt
2033 251 2133 280 Sallust.
2168 254 2245 289 Apud
2264 255 2345 283 latei-a
2361 236 2448 287 tertoi9

286 299 381 331 Locis,
401 301 419 325 i.
434 297 562 334 definitis,
581 304 610 322 vt
631 294 685 320 Cic.
703 292 734 318 de
754 292 843 317 Somn.
864 290 930 325 Scip.
944 300 963 323 4
995 290 1128 318 Omnibus
1149 289 1196 324 qui
1220 288 1333 323 patriam
1400 284 1542 310 locauerat.
1570 284 1722 319 Aliquando
1736 293 1760 312 et
1779 286 1924 313 Deliberati
1939 286 2032 312 iudici.
2070 288 2159 314 Omnia
2171 290 2272 317 redeunt
2284 291 2433 322 mmmmm

284 335 514 365 conscruauerint,
528 330 695 360 adiuuerint,
710 327 848 358 auxerint,
866 333 967 353 certum
986 327 1034 353 css'e
1054 327 1082 352 iu
1099 326 1186 357 caelo,
1199 334 1227 350 ac
1240 322 1333 349 defini·
1400 321 1552 360 generalem,
1572 328 1650 353 quam
1675 325 1702 347 i„
1722 326 1852 357 Prmfflpio
1868 322 2002 357 Post-‘smus'
2198 320 2218 362 q
2240 335 2261 358 3¹
2295 315 2445 360 sufflamim.
2468 340 2470 345 Ι

286 379 343 398 tuin
357 372 474 402 Locum,
490 369 536 395 vbi
552 366 620 393 beati
635 373 703 390 aeuo
725 364 884 397 sempiterno
899 362 1029 389 fruentur.
1102 363 1175 388 Loco
1192 367 1265 386 certo
1279 366 1335 398 cae·
1395 362 1469 395 μεμε
1478 362 1600 396 pomum,
1615 362 1643 380 vt
1664 356 1769 384 Lucret.
1783 368 1811 392 4,
1824 364 1875 392 478
1902 357 2109 384 Notitiamveri
2123 367 2189 392 quae
2201 370 2243 387 res
2257 361 2364 396 falsique
2376 354 2442 394 crea..

286 407 349 434 dere
363 406 461 434 filicem
475 405 513 431 Id.
529 403 560 429 de
574 401 665 428 Diuin.
682 409 704 432 ε,
718 405 754 431 85.
793 401 823 424 Et
836 399 911 424 Verr.
926 407 951 431 2,
966 407 991 430 23
1012 408 1033 424 c.
1049 406 1061 430 5
1089 398 1176 431 Atque
1189 406 1218 422 ea
1232 395 1286 428 ipsa
1300 403 1336 419 ci-
1366 400 1378 425 5
1402 397 1451 432 rit:
1472 392 1502 416 ht
1515 390 1627 430 dubium
1639 391 1720 418 Certo
1736 402 1802 427 quae
1817 403 1857 420 res
1876 393 1985 420 differre
2000 393 2129 428 probarit.
2166 396 2206 421 Sic
2226 397 2284 422 Alia
2298 404 2366 424 cei-ta
2393 401 2433 428 ali·
2464 391 2466 395 ,

285 443 424 476 vitas‚qua
438 441 538 467 ratione
556 438 596 463 illi
610 437 694 463 amica
712 435 756 466 lit,
770 434 874 460 dicetur
892 442 965 460 certo
981 435 1068 464 Loco,
1083 436 1099 458 ι’.
1116 435 1161 459 Suo
1175 434 1301 465 lo.*o,‹1pto
1313 436 1337 455 et
1403 433 1502 467 incerta
1522 427 1570 452 efl'e
1590 426 1681 452 dicunt
1703 428 1758 453 Cic.
1772 429 1824 456 Off.
1845 438 1860 455 2
1876 439 1898 456 c.
1914 439 1935 456 2.
1988 431 2067 456 Certa
2086 429 2249 462 amittimus,
2270 431 2332 459 dum
2350 417 2470 465 ὶῇἶεεηξιίῖ

287 479 416 505 commotio.
453 476 507 502 Cic.
523 474 553 499 de
567 475 641 500 Orat.
656 481 681 504 2,
696 480 724 503 19
748 471 820 497 Haec
834 471 891 497 sunt
904 471 994 496 onmia
1009 469 1110 502 ingenii
1125 468 1166 493 vel
1182 466 1336 499 inediocris,
1404 470 1518 498 petimus
1537 462 1619 502 Plaut.
1639 462 1728 488 Pseud.
1742 471 1767 494 2,
1781 472 1805 496 3,
1819 473 1855 497 ¹9·
1893 467 1924 492 Es
1943 476 1995 492 cum
2018 466 2141 491 Genitiuo.
2197 466 2287 493 Tacit.
2302 469 2367 495 Hist.
2378 476 2396 504 4
2415 458 2445 504 8!¹¹
2460 451 2474 504 15

288 512 486 541 exercitationis
500 516 587 536 autem
609 508 650 534 vel
672 507 814 533 maximae:
835 514 918 532 artem
937 506 1045 540 quidem
1065 504 1190 529 duntaxat
1211 501 1336 528 haetenus
1404 500 1488 525 Statos
1503 498 1610 524 aestiuis
1624 498 1729 524 flatibus
1743 498 1799 524 dies
1815 507 1840 525 ct
1856 501 1933 527 Certa
1947 502 2027 528 maris
2041 500 2238 535 opperiebatur.
2263 503 2294 528 Et
2309 513 2360 530 cum
2370 491 2440 535 aas(
2467 519 2470 528 ,

288 550 444 583 requirunt,
458 552 486 573 vt
501 546 577 572 certis
592 544 697 571 dicendi
711 542 871 569 Luminibus
891 549 1028 568 ornentur.
1104 540 1204 565 Lumen
1220 538 1337 569 Cei-tius,
1404 534 1486 565 Hiuo,
1507 535 1618 560 Certum
1638 534 1764 568 quiddam
1785 540 1810 560 ct
1830 535 1911 563 breue
1929 537 2044 572 exempli
2061 537 2134 563 causa
2149 546 2276 570 ponamus
2296 539 2350 565 Cic,
2362 540 2393 568 de
2403 538 2464 570 hs)

288 586 340 612 vid.
361 594 414 609 mox
430 583 528 609 Sidera.
602 579 784 614 Magistratum
804 585 904 604 certum
925 577 1065 611 praeiit-ere
1086 574 1270 609 procurationi
1290 573 1337 600 ali·
1357 579 1386 597 ¹0
1406 577 1476 612 yent.
1492 579 1511 602 ι,
1526 572 1568 596 66-
1611 569 1684 595 Idem
1697 570 1728 596 de
1743 570 1806 596 Nat.
1822 571 1901 598 Deor.
1917 581 1939 604 3,
1954 582 1977 605 13
1997 574 2067 599 Nam
2085 573 2116 598 de
2130 573 2228 606 Sagra,
2242 574 2399 604 Graecorum
2408 578 2445 606 a·

289 621 331 647 cui
344 621 400 645 Cic.
416 619 447 644 de
461 617 553 652 Legib.
568 625 593 649 2,
608 619 651 642 66.
688 614 819 648 Qiinffil.
832 624 860 647 4,
874 622 886 646 5
907 615 939 639 Vt
954 619 1023 638 certa
1038 613 1132 637 Manus
1146 620 1198 637 vno
1212 610 1266 636 tclo
1280 610 1336 644 pos·
1406 616 1460 633 iarn
1475 606 1510 632 cst
1525 605 1634 639 vulgare
1647 606 1837 640 prouerbium:
1857 608 1903 641 qui
1917 617 1984 642 quae
1997 607 2143 638 affirmant,
2161 609 2275 635 certiora
2290 611 2337 636 esse
2349 601 2474 645 dicuntia

288 657 323 682 set
337 656 386 682 css'e
401 661 540 686 contenta,
561 653 676 679 incertae
689 652 764 686 plura
779 648 918 685 spargenda
938 649 1010 680 sunt,
1026 655 1053 674 vt
1068 647 1097 673 lit
1115 654 1140 673 et
1161 647 1286 673 fortunae
1300 646 1337 672 lo·
1405 652 1485 677 quani
1504 642 1559 674 illa,
1568 650 1636 676 quae
1656 642 1724 676 apud
1744 642 1858 676 Sagram.
1895 643 1963 670 Ter.
1983 645 2047 670 Eun.
2061 654 2089 678 4,
2103 653 2130 677 4,
2144 646 2174 676 36
2200 645 2256 670 Iani
2273 646 2332 671 satis
2349 635 2444 678 cei-mmm
2463 646 2465 649 '

288 700 346 724 cus,
366 690 419 717 val.
439 692 530 716 Arcus.
567 689 607 716 Sic
627 689 708 714 Manu
726 694 796 713 certa
816 686 897 712 telum
925 685 1029 711 mill'uiii
1051 683 1151 709 librare
1172 684 1228 709 Scn.
1256 683 1335 708 Herc.
1404 678 1439 718 eli
1453 678 1587 711 virginem
1601 677 1722 704 vitiatam
1737 678 1801 704 else?
1840 679 1933 704 Parum
1952 686 2052 706 certum
2067 680 2102 706 est
2121 679 2191 706 mihi
2205 680 2237 705 de
2257 679 2306 706 hoc
2321 672 2457 721 Planezaqi'

287 728 339 754 fur.
355 733 419 756 1128.
466 727 522 752 Cic.
536 726 573 761 Q
588 725 657 751 Frat.
674 732 693 756 1,
707 732 722 749 2
753 723 831 749 Nunc
851 720 1016 754 respondebo
1030 720 1061 746 ad
1081 728 1123 745 eas
1144 718 1280 752 epistolas,
1291 724 1337 742 etc.
1405 714 1462 740 Cic.
1477 714 1548 739 Fam.
1563 722 1601 745 10,
1616 722 1652 745 23.
1707 713 1780 739 Idem
1797 714 1870 740 Fam.
1886 724 1906 746 ι,
1921 723 1936 746 9
1954 715 2025 741 Mihi
2037 725 2090 742 non
2105 722 2159 742 tam
2173 715 2205 741 de
2220 717 2278 747 iure
2293 720 2449 748 εει-ιιιιιιιεθςς

288 772 401 798 quarum
423 762 505 788 altera
524 761 559 787 est
578 760 610 787 de
630 759 775 786 Blandenio
795 756 939 789 Tcuxide,
961 765 1039 791 quem
1057 755 1149 781 scribis
1169 752 1338 779 certill'imuiii
1359 758 1384 783 15
1405 753 1575 784 (quanquam
1589 758 1622 775 ne
1636 748 1664 775 id
1677 749 1787 784 quidem
1799 749 1874 776 valde
1889 750 2001 777 dubium
2016 751 2074 783 esi)
2084 761 2164 786 quain
2175 751 2244 777 illud
2259 751 2291 777 ad
2303 750 2448 790 tuamsmnj.

289 797 460 825 Matricidam
473 797 524 824 tibi
538 806 552 823 a
563 805 606 822 me
624 796 719 822 intime
733 793 922 820 commendari.
971 792 1052 818 Ouid.
1068 791 1145 824 Epist.
1162 794 1195 820 ιδ,
1210 794 1236 819 38
1264 787 1338 820 Qiid
1405 794 1476 811 mam
1489 785 1709 825 amplitudinem,
1724 784 1880 819 dignitatem
1890 805 1896 817 ,
1908 786 2060 813 libertatem
2075 788 2218 821 pertinere.
2256 789 2287 813 Et
2300 788 2368 816 Fam.
2399 784 2403 790 ²
2416 813 2418 815 ,
2451 811 2453 815 ,

289 844 393 861 mecum
407 841 478 860 certa
491 833 591 868 praelia
599 833 689 859 Mente
705 830 792 865 geris?
813 832 830 855 i.
853 827 985 860 obstinata.
1028 827 1082 852 Cic.
1101 827 1174 850 νει-ι’.
1190 828 1264 855 2,128
1280 832 1301 849 c.
1311 831 1338 855 52
1406 822 1494 855 Qem
1516 829 1588 847 enim
1606 821 1800 855 impedimento
1814 822 1933 849 fiiturum
1953 830 2042 857 putas,
2062 832 2145 858 quum
2160 823 2192 850 de
2211 822 2291 849 nobis
2309 832 2350 851 cer
2377 830 2380 834 ’

287 870 434 905 Ceplialedi
447 869 542 897 Mensis
561 869 596 894 est
615 875 717 899 certus,
730 875 784 901 quo
804 866 892 891 mense
913 863 1072 890 sacerdotem
1088 860 1235 886 niaximum
1252 859 1338 885 creari
1405 866 1454 883 nos
1473 857 1628 898 quieturos?
1673 857 1782 883 Certum
1805 857 1856 890 est,
1877 858 1944 893 apud
1964 859 2174 894 Jurz'scwifidms,
2189 860 2263 885 cujus
2283 860 2403 894 specius
2422 880 2430 888 .‚

287 912 419 941 oporteat.
455 906 529 932 Idem
550 905 581 931 de
602 906 677 930 Orat.
698 911 718 935 1,
736 910 784 934 254
804 901 883 934 Quod
898 900 915 925 si
931 899 975 925 ille
993 896 1132 923 adstrictus
1140 902 1210 921 certa
1225 895 1339 929 quadam
1407 899 1554 928 quantitas,
1569 901 1636 928 quae
1656 892 1685 918 in
1702 893 1869 927 obligatione
1892 894 2028 927 versatur,
2042 901 2087 921 aut
2107 895 2216 921 nomine
2231 896 2294 927 suo,
2306 901 2350 922 aut
2382 883 2409 919 2.
2422 897 2435 921 ,’

288 951 462 969 numerorum
478 940 665 968 Moderatione
683 946 708 965 et
730 937 840 972 pedum:
857 943 944 962 tamen
964 932 1066 966 aliquid
1082 931 1115 957 ad
1129 932 1250 966 requiem
1267 931 1338 957 sene·
1358 938 1395 956 20
1406 929 1607 961 monstratione,
1621 938 1688 963 quae
1702 930 1820 955 nominis
1839 929 1898 956 vice
1912 930 2051 964 fungitur,
2067 930 2152 965 qualis
2166 937 2318 966 quantaque
2330 861 2458 984 siff}

2407 975 2409 977 ·
2442 966 2446 987 l

287 979 367 1006 &ritis
385 978 527 1012 excogitat,
541 983 587 1004 etc.
606 976 634 1002 de
647 975 734 1011 Roscio
754 975 872 1008 loquitur.
944 969 1034 994 Motus
1053 968 1119 994 caeli
1140 967 1206 993 certi
1226 968 1283 993 Cic.
1305 966 1337 993 de
1406 965 1479 992 ditur
1494 965 1510 991 l.
1524 967 1540 991 6
1555 965 1587 992 D.
1602 964 1634 991 de
1648 965 1704 991 reb.
1719 965 1836 991 creditis.
1907 966 2018 992 Certum
2032 966 2084 998 est,
2103 970 2120 992 i.
2135 966 2310 999 constitutum,
2321 966 2376 997 dm*
2409 988 2439 1015 ,ῃ

289 1015 353 1042 Nat.
367 1015 447 1041 Deor.
470 1023 501 1046 2,
521 1021 565 1048 97.
603 1011 641 1038 Id.
661 1012 712 1036 Att.
730 1017 763 1040 ις,
780 1016 807 1034 21
837 1004 933 1032 Scribit
954 1012 1042 1030 autem
1055 1004 1167 1035 Statius,
1186 1003 1262 1029 illum
1277 1012 1337 1029 cum
1404 1010 1448 1037 que
1461 999 1495 1034 est
1514 1001 1569 1028 Cic.
1584 1010 1632 1035 pro
1647 1001 1671 1028 S.
1686 1002 1760 1027 Rosc.
1775 1010 1801 1033 31
1816 1011 1837 1027 c.
1852 1009 1873 1027 11
1900 1002 2010 1028 Certum
2028 1001 2063 1028 est
2083 1002 2330 1037 deliberatumque,
2343 1012 2360 1038 q
2375 1013 2377 1026 ³

287 1058 360 1086 patre
380 1050 501 1077 habitare
522 1048 605 1075 velle:
630 1047 678 1073 hoc
699 1053 762 1070 vcro
782 1043 896 1071 mirum,
910 1047 937 1066 et
957 1040 984 1066 id
1005 1039 1114 1074 gaudet:
1141 1048 1221 1074 quem
1243 1045 1270 1066 tu
1289 1039 1338 1065 illo
1405 1038 1506 1063 causam
1522 1038 1655 1071 pertinere
1669 1037 1805 1070 arbitror,
1824 1037 1915 1063 omnia
1933 1047 1987 1065 non
2006 1038 2088 1065 modo
2104 1038 2208 1072 dicere,
2221 1047 2316 1065 verum
2329 1039 2379 1066 eti

287 1087 431 1114 certiorem
446 1084 634 1112 Nebulonem?
655 1085 673 1107 i.
694 1082 773 1114 mrgis
786 1080 911 1113 cognitum
924 1075 1095 1112 etspcftaeum
1108 1083 1180 1110 atque
1196 1075 1338 1110 probatum.
1406 1072 1515 1106 benter,
1529 1072 1669 1105 audacter,
1683 1072 1822 1108 libereque
1835 1072 1932 1099 dicere.
1989 1074 2058 1101 Ter.
2075 1073 2157 1100 Andr.
2174 1083 2200 1107 2,
2215 1083 2235 1107 1,
2250 1083 2274 1107 13
2300 1074 2352 1102 Om
2371 1075 2378 1083 ’

288 1123 408 1150 Nomine
429 1128 502 1148 certo
524 1118 647 1146 maleficii
663 1115 806 1142 vocabitur
820 1114 848 1139 in
865 1112 995 1138 iudiciuin
1010 1112 1065 1138 Cic.
1082 1111 1114 1138 de
1127 1113 1230 1138 Inuent.
1245 1119 1271 1143 2,
1287 1119 1337 1143 132.
1354 1117 1385 1142 25
1406 1109 1490 1144 periri
1506 1115 1607 1134 certum
1621 1109 1656 1134 cst
1671 1109 1743 1143 prius
1758 1118 1836 1144 quam
1850 1118 1940 1144 pere0.
1992 1110 2075 1136 Plaut.
2090 1109 2159 1136 Asin.
2176 1119 2198 1143 3,
2212 1119 2235 1142 3,
2250 1118 2279 1143 23
2308 1111 2347 1137 M·
2369 1108 2377 1117 ⁵

287 1158 454 1186 Nominibus
467 1157 544 1183 cercis
558 1161 646 1181 cantos
665 1149 814 1184 expendere
828 1157 922 1174 numos
941 1149 1009 1174 Hor.
1025 1147 1104 1183 Epist.
1124 1157 1150 1180 2,
1164 1156 1186 1178 2,
1201 1155 1252 1180 ¹05·
1266 1149 1284 1172 i.
1299 1147 1338 1172 dc·
1404 1151 1461 1171 tum
1474 1144 1511 1171 est
1524 1142 1627 1170 efficere
1641 1144 1670 1170 in
1682 1154 1724 1171 me
1737 1145 1828 1171 onmia
1842 1145 1948 1176 eadem,
1961 1155 2029 1180 quae
2043 1152 2072 1172 tu
2085 1146 2113 1172 in
2126 1153 2152 1172 te
2161 1147 2237 1172 faxis.
2273 1146 2348 1181 Virg.
2369 1140 2383 1159 Τ

283 1195 422 1225 bitoribus,
432 1189 637 1229 sprflataejnlci.
673 1187 781 1213 Nomen
796 1185 893 1211 certius
907 1193 921 1210 a
934 1185 1036 1210 summa
1047 1193 1127 1210 manu
1142 1183 1240 1210 habere
1254 1182 1337 1210 Ouid.
1406 1189 1445 1213 ι53
1467 1181 1536 1207 Luce
1551 1180 1636 1215 palam
1651 1188 1752 1207 certum
1768 1181 1803 1207 est
1818 1181 1872 1215 igni
1886 1181 2050 1208 circumdare
2062 1190 2162 1208 muros.
2220 1181 2302 1209 Idem.
2318 1182 2385 1210 Ed.

286 1230 372 1257 Trist.
382 1239 403 1261 3,
414 1236 498 1262 14,22.
515 1226 640 1261 Asamum
654 1233 668 1248 α
680 1221 846 1257 pce-jeffone.
883 1221 952 1255 Opes
961 1226 1045 1246 certae
1056 1220 1286 1252 Plaut.P0cn.5,3,
1294 1226 1336 1252 45.
1408 1218 1518 1243 Certum
1531 1217 1567 1243 est
1581 1217 1608 1242 in
1622 1215 1694 1242 filuis
1714 1217 1784 1243 inter
1799 1217 1899 1251 spelaea
1917 1218 2036 1244 ferarum
2056 1218 2137 1244 Malle
2150 1218 2213 1252 pati.
2264 1218 2352 1248 Plaut..

286 1266 324 1292 Id.
336 1266 396 1297 ib.5‚
406 1269 450 1296 z‚8
470 1263 576 1288 Horum
590 1259 711 1295 profecto
723 1264 793 1284 certa
801 1257 836 1283 est
851 1256 1113 1288 hominumoratio,
1127 1259 1144 1282 i.
1158 1265 1245 1281 verax.
1287 1256 1338 1281 Or·
1407 1262 1426 1284 1,
1442 1262 1461 1285 1,
1476 1261 1522 1285 109
1541 1254 1651 1279 Certum
1665 1253 1702 1279 est
1715 1252 1852 1279 hominem
1866 1253 1981 1280 eludere.
2019 1254 2089 1280 Ter.
2105 1255 2171 1280 Eun.
2184 1263 2210 1286 2,
2221 1263 2243 1286 3,
2255 1262 2287 1288 95
2312 1254 2339 1281 Si
2352 1246 2384 1282 c:>
2417 1248 2443 1265 ⁸⁴¹

285 1302 319 1328 do
333 1307 416 1326 certus
432 1300 536 1325 Lucret.
556 1306 578 1329 2,
596 1305 650 1328 252.
666 1299 684 1321 i.
699 1294 825 1330 drfinitus.
881 1293 967 1318 Partes
990 1292 1018 1318 in
1040 1298 1122 1318 certas
1143 1290 1265 1317 diuidere
1281 1290 1336 1316 Cic.
1354 1298 1387 1322 30
1407 1288 1443 1315 est
1457 1288 1557 1320 facere,
1570 1289 1659 1315 facias.
1696 1289 1760 1315 Non
1774 1296 1875 1315 certum
1888 1289 1923 1315 est
1939 1288 2007 1316 mihi
2022 1290 2087 1324 quid
2101 1299 2176 1324 agana
2190 1290 2259 1317 Ter.
2268 1290 2349 1318 Andr.
2363 1299 2374 1318 ι
2411 1283 2444 1316 ..Ὗ

286 1346 334 1371 pro
348 1336 442 1369 Qiint.
452 1343 487 1367 55.
524 1332 633 1360 Pallibus
646 1340 699 1357 non
713 1330 791 1356 certis
805 1337 893 1355 errare
905 1327 987 1355 Ouid.
1001 1329 1067 1354 Met.
1082 1336 1104 1360 3,
1121 1336 1171 1362 175.
1218 1327 1274 1354 Cic.
1289 1335 1338 1361 pro
1405 1325 1463 1351 Cie.
1475 1326 1529 1350 Att.
1543 1332 1570 1359 7,
1584 1333 1596 1357 3
1616 1323 1688 1350 Mihi
1707 1331 1808 1351 certum
1823 1325 1859 1351 est
1875 1324 1908 1351 ab
1923 1325 2098 1352 honestissima
2117 1326 2246 1353 sententia
2265 1326 2320 1361 digi
2358 1340 2392 1355 ψ,
2408 1317 2416 1349 1'
2442 1343 2443 1346 ,

285 1373 379 1406 Qiint.
398 1379 419 1397 ιι
446 1372 504 1397 Vua
518 1369 546 1395 in
561 1379 589 1395 re
604 1367 694 1403 paullo
707 1366 794 1392 minus
814 1364 1009 1397 consideratus,
1035 1364 1083 1398 qui
1102 1364 1256 1390 societatem
1277 1371 1337 1388 cuin
1406 1370 1494 1395 quam.
1529 1360 1598 1387 Ter.
1613 1361 1678 1386 Eun.
1692 1369 1714 1393 3,
1729 1369 1751 1393 3,
1767 1369 1792 1393 31
1818 1361 1845 1387 Si
1858 1361 1923 1387 istuc
1936 1361 1973 1388 ita
1986 1368 2088 1389 certum
2104 1362 2142 1389 est
2155 1362 2216 1395 tibi,
2227 1361 2338 1396 amabo,
2357 1374 2361 1380 ·
2377 1351 2388 1375 Ὗ
2407 1349 2437 1374 ἡ·

284 1409 363 1435 Sexto
379 1407 487 1434 Naeuio
505 1406 615 1436 feccrit,
633 1404 694 1430 viro
715 1402 803 1434 bono,
823 1407 999 1427 veruntamen
1018 1409 1073 1426 non
1092 1400 1129 1426 ita
1150 1399 1289 1431 instituto,
1308 1404 1338 1425 vt
1405 1397 1536 1429 transeas,
1549 1396 1597 1423 vbi
1612 1396 1658 1422 illa
1672 1396 1718 1429 est,
1732 1404 1778 1422 etc.
1824 1396 1880 1423 Cic.
1895 1397 1997 1430 Att.13,
2011 1405 2029 1432 7
2067 1398 2170 1425 Venisse
2182 1407 2196 1425 a
2209 1399 2319 1425 Caesare
2354 1417 2357 1421 .
2390 1390 2437 1422 ''12¹-

284 1445 343 1470 iura
356 1443 504 1474 societatis,
522 1448 546 1468 et
560 1439 648 1467 officia
662 1439 729 1466 certi
743 1436 943 1464 Patrisfaiuilias
959 1436 1030 1462 nosse
1046 1437 1142 1470 poss'et,
1154 1438 1174 1461 i.
1190 1433 1338 1468 constantis,
1404 1432 1504 1459 literas.
1516 1432 1567 1458 hoc
1580 1432 1708 1463 scribere,
1725 1432 1773 1458 fibi
1788 1439 1890 1459 certum
1907 1434 1955 1460 css‘e
1969 1434 2070 1460 Romae
2086 1443 2202 1466 manere,
2216 1441 2263 1461 etc.
2315 1434 2388 1462 Liu.

284 1487 308 1507 et
323 1480 355 1506 ad
363 1486 483 1515 perpetua
498 1477 614 1513 quaedam
629 1477 736 1502 virtutis
751 1474 848 1499 decreta
863 1473 892 1509 se
906 1471 1070 1505 instituentis.
1126 1472 1183 1498 Cic.
1199 1479 1248 1505 pro
1262 1471 1338 1497 Rosc.
1357 1481 1386 1507 3,-
1405 1468 1521 1503 Quando
1535 1468 1563 1494 id
1577 1475 1680 1495 certum
1695 1474 1775 1503 atque
1788 1468 1950 1496 obstinatum
1961 1469 2012 1502 est,
2034 1479 2119 1505 neque
2133 1479 2182 1505 ego
2195 1469 2349 1497 obtundam.
2371 1461 2382 1494 ἷ

286 1517 374 1542 Amer.
391 1517 427 1548 46
448 1515 474 1541 Si
488 1513 540 1540 tibi
554 1514 662 1539 fortuna
675 1519 729 1537 non
738 1509 817 1542 ¹dedit
830 1516 859 1535 vt
872 1510 1006 1536 nascerere
1020 1513 1094 1534 certo
1108 1508 1189 1533 Patre.
1204 1506 1267 1533 vnde
1274 1507 1337 1533 Cer·
1403 1511 1461 1531 tum
1475 1504 1510 1530 cst
1524 1504 1606 1531 istuc?
1644 1504 1714 1531 Ter.
1730 1506 1794 1531 Hcc.
1810 1513 1835 1537 2,
1849 1513 1875 1537 2,
1889 1514 1930 1537 30.
1968 1506 2162 1542 Aliasententia
2176 1507 2233 1533 Cic.
2248 1507 2319 1534 Fam.
2333 1515 2345 1540 3
2408 1525 2410 1527 ,

284 1553 306 1578 ti
320 1551 460 1583 Liberi,vt
473 1547 568 1575 (lislam
582 1558 610 1574 ex
623 1547 655 1573 de
669 1548 771 1572 Inuent.
788 1554 808 1577 1,
820 1553 844 1571 2.
917 1543 1026 1570 Ρεᾶοη
1046 1549 1132 1575 certa,
1149 1544 1235 1569 Fortia
1249 1549 1272 1568 et
1284 1542 1337 1578 fir·
1403 1540 1443 1567 hil
1456 1541 1529 1567 enim
1544 1540 1641 1566 habent
1660 1540 1732 1575 quod
1751 1540 1891 1567 definitum
1911 1541 1956 1574 sit,
1970 1547 2014 1568 aut
2034 1548 2145 1569 certum.
2301 1539 2322 1579 q
2338 1552 2358 1576 4

284 1597 323 1614 ma
338 1588 412 1621 Virg.
428 1587 491 1612 Aen.
506 1594 532 1617 9,
547 1589 606 1618 248.
677 1581 744 1609 Pede
763 1586 837 1607 certo
856 1579 956 1614 signare
976 1579 1088 1606 humum
1102 1580 1169 1605 Hor.
1185 1579 1249 1605 Arte
1262 1579 1336 1606 Po'e't.
1403 1578 1481 1603 mulae
1493 1576 1622 1602 verborum
1637 1582 1690 1602 cum
1705 1577 1801 1603 Certo:
1840 1578 1907 1604 Hor.
1922 1578 2004 1604 Serni-
2018 1586 2044 1611 2,
2059 1586 2080 1612 5,
2093 1587 2141 1604 100
2165 1578 2197 1605 Et
2211 1583 2314 1605 certum
2331 1587 2348 1605 v

285 1629 332 1655 138.
347 1623 375 1649 cle
389 1631 466 1658 puero
481 1624 530 1647 iam
544 1619 676 1646 incedente.
728 1618 802 1650 Virg.
817 1617 883 1642 Aen.
898 1621 921 1648 8,
935 1624 967 1648 39
996 1615 1049 1641 Hic
1068 1615 1120 1642 tibi
1141 1620 1211 1642 certa
1231 1614 1336 1647 domus,
1403 1620 1513 1647 quartae
1525 1611 1555 1638 fit
1569 1613 1649 1647 partis
1662 1612 1775 1645 Vlyffcs,
1796 1612 1920 1640 Audieris
1941 1613 2025 1640 heres.
2062 1615 2172 1641 Certum
2191 1613 2325 1647 audieris,
2337 1623 2354 1640 υ

286 1660 351 1686 certi
369 1663 419 1689 (ne
432 1657 540 1688 absiste)
556 1657 677 1685 Penates,
696 1656 714 1679 i.
736 1651 929 1688 dtstinatasato
943 1651 1075 1678 habitatio.
1146 1652 1274 1677 Personae
1282 1659 1336 1676 cer·
1347 1658 1386 1683 40
1403 1654 1460 1675 tum
1481 1648 1613 1682 vigilans,
1638 1651 1712 1674 etiam
1731 1648 1856 1675 Aduerbii
1873 1652 1928 1675 vice
1939 1649 2045 1685 pofitum
2062 1650 2147 1677 videri
2162 1648 2253 1686 pottst.
2287 1642 2390 1678 Sicc'

286 1701 327 1722 tae
342 1694 536 1727 destinataeque
552 1689 683 1723 Quinctil.
698 1697 727 1720 3,
765 1708 772 1714 .
811 1707 817 1726 3
853 1707 860 1713 .
933 1688 1025 1714 Certas
1046 1687 1168 1722 personat
1188 1690 1338 1721 interpreta—
1404 1690 1506 1711 certum
1522 1684 1600 1718 loqui
1619 1685 1688 1710 Hor.
1709 1684 1792 1711 Serm.
1815 1693 1838 1717 2,
1855 1687 1880 1715 6,
1898 1692 1942 1720 27.
1979 1685 2025 1713 Sed
2036 1685 2191 1722 fiabslaneiue
2204 1685 2260 1720 fine
2272 1678 2364 1713 dubio-s
2391 1713 2393 1715 ¹

283 1739 325 1757 fus.
340 1729 484 1760 Asconius,
502 1728 562 1759 Eos,
576 1725 624 1760 qui
637 1723 739 1750 Iudices
759 1722 819 1748 fieri
832 1728 962 1761 poterant.
998 1724 1054 1750 Cic.
1069 1723 1097 1749 in
1111 1723 1195 1748 Pison.
1211 1724 1247 1755 46
1269 1731 1290 1747 c.
1304 1730 1336 1747 20
1402 1720 1494 1746 Pseud.
1510 1728 1536 1751 2,
1550 1728 1576 1751 2,
1589 1729 1609 1752 4
1630 1720 1722 1746 Nimis
1734 1720 1817 1748 velim
1835 1721 1884 1755 qui
1896 1726 1997 1747 certum
2017 1715 2086 1748 mihi
2098 1722 2201 1754 Faciat,
2215 1722 2320 1748 Ballion
2348 1713 2417 1746 ⁹⁰¹«,

284 1767 329 1793 Me
344 1772 432 1792 tamen
448 1765 551 1798 fugerat
566 1761 677 1788 deorum
691 1757 888 1786 immortalium
903 1757 948 1782 has
966 1759 1014 1783 effe
1029 1759 1058 1784 in
1076 1758 1174 1792 impios
1189 1765 1214 1783 et
1232 1758 1335 1783 consce-
1403 1754 1452 1781 vbi
1466 1754 1578 1780 habitet.
1613 1754 1688 1780 Idem
1700 1755 1775 1781 Men.
1790 1763 1813 1787 5,
1827 1765 1854 1788 2,
1869 1765 1897 1783 12.
1922 1757 1980 1784 Nec
1993 1757 2059 1792 quid
2072 1757 2100 1784 id
2112 1758 2158 1791 fit,
2172 1757 2242 1784 mihi
2262 1758 2360 1785 certius
2401 1754 2432 1779 Μ’

282 1802 379 1829 leratos
397 1802 495 1827 Poenas
513 1797 662 1825 certissimas
681 1794 842 1821 constitutas.
913 1793 1055 1826 Progenies
1079 1800 1164 1825 certa,
1182 1796 1200 1819 i.
1223 1794 1336 1829 legitima
1404 1790 1470 1825 quid
1492 1789 1573 1822 velit,
1588 1789 1655 1823 quid
1668 1798 1711 1815 me
1726 1791 1838 1816 arcessat.
1875 1792 1964 1817 Eadem
1972 1793 2099 1828 sententia
2106 1794 2190 1821 Plaut.
2199 1793 2288 1821 Pseud.
2298 1784 2401 1826 1,1,1.

2412 1031 2438 1064 ql

2413 1064 2437 1137 ἔξ

2415 1139 2443 1171 Ψ.

2414 1177 2444 1207 'fil

282 1846 312 1865 vt
324 1837 418 1864 Liberi
431 1837 490 1863 Sen.
502 1833 607 1862 Troad.
620 1834 679 1865 461.
717 1830 793 1864 Virg.
802 1829 867 1855 Aen.
876 1830 902 1860 6,
911 1836 955 1860 322
981 1827 1094 1853 Anchisa
1109 1827 1337 1861 generate‚dei1m
1352 1831 1386 1857 45
1405 1835 1448 1852 me
1461 1832 1564 1852 certum
1579 1823 1646 1860 quid
1667 1824 1720 1865 tibi
1739 1824 1778 1851 lit.
1826 1826 1858 1850 Et
1870 1825 1945 1859 Virg.
1958 1829 2024 1852 Aen.
2038 1837 2062 1860 3,
2075 1837 2121 1863 ¹79
2155 1829 2287 1857 Anchisen
2306 1825 2428 1860 FatiQQq

282 1873 420 1901 certiffima
439 1872 536 1899 Proles.
591 1869 661 1895 Ter.
676 1868 741 1894 Eun.
758 1875 777 1898 1,
794 1875 817 1897 i,
833 1866 862 1891 16
888 1865 990 1890 Incerta
1010 1863 1073 1889 haec
1087 1862 1105 1888 fi
1118 1869 1147 1888 tu
1161 1862 1274 1896 postules
1288 1864 1337 1889 Ra·
1404 1868 1476 1892 tum,
1488 1869 1599 1895 remque
1618 1860 1714 1887 ordine
1727 1869 1832 1895 promo.
1847 1859 1900 1886 vid.
1914 1869 1939 1886 n.
1955 1863 1980 1887 6.
2007 1863 2158 1891 Certiorem
2171 1866 2266 1892 facere,
2293 1866 2350 1893 Cic,
2365 1864 2427 1892 Aa..

281 1910 357 1937 tione
372 1915 442 1936 certa
462 1908 563 1940 facere,
579 1904 667 1931 nihilo
681 1903 739 1938 plus
754 1910 823 1936 agaS,
840 1901 929 1934 Qiam
948 1899 965 1926 fi
980 1899 1024 1926 des
1039 1907 1165 1934 operam,
1179 1903 1208 1924 vt
1224 1906 1284 1923 cum
1297 1906 1337 1923 ra-
1406 1905 1430 1928 ¹3
1450 1897 1548 1930 Neque
1568 1902 1656 1921 tamen
1674 1895 1702 1922 id
1720 1897 1805 1930 ipsum
1824 1900 1924 1922 cei-tum
1937 1896 2040 1923 Habeo.
2075 1898 2146 1925 Add.
2160 1899 2198 1925 ib.
2212 1909 2251 1933 10,
2265 1902 2291 1928 6.
2347 1899 2433 1928 Haben

284 1947 359 1973 tione
384 1944 506 1972 insanias.
580 1940 666 1975 Regio
687 1938 740 1965 loci
767 1938 872 1964 Lucret.
896 1945 921 1968 2,
934 1938 995 1962 260.
1066 1934 1182 1969 Requies
1213 1933 1338 1960 laborum
1405 1939 1509 1957 certum
1522 1930 1554 1957 de
1565 1930 1673 1965 alique,
1685 1931 1751 1965 quid
1764 1936 1823 1964 agat
1844 1931 1901 1957 Cic.
1914 1932 1984 1958 Fam.
1999 1941 2036 1965 12,
2049 1941 2072 1966 5.
2097 1934 2171 1960 Idem
2184 1934 2217 1960 de
2230 1935 2295 1962 Nat.
2309 1936 2390 1963 Deor.
2402 1944 2412 1962 ι

285 1983 361 2017 Virg.
375 1982 441 2008 Aen.
455 1989 478 2013 3,
491 1988 545 2012 393.
581 1978 652 2004 Ter.
668 1974 749 2002 Andr.
762 1982 785 2006 2,
800 1982 825 2005 2,
840 1981 864 2004 3ι
897 1972 963 1999 Non
982 1971 1081 2007 opinor
1095 1971 1177 1997 Daue.
1193 1977 1221 1997 D.
1239 1969 1339 2004 opinor
1406 1967 1526 2007 Multum
1541 1971 1630 1992 autem
1644 1965 1744 1992 fluxisse
1757 1965 1839 1992 video
1853 1965 1885 1992 de
1899 1966 1975 1993 libris
1991 1968 2102 2002 nostris,
2118 1979 2185 2005 quos
2198 1970 2286 2005 plures
2299 1970 2377 1998 breui
2390 1955 2423 1998 tei
2438 1963 2443 1996 l

284 2019 389 2045 narras?
411 2026 466 2043 non
485 2015 556 2042 recte
577 2012 689 2047 accipis:
709 2015 780 2036 certa
792 2009 842 2034 Res
861 2008 906 2033 est.
944 2009 1030 2034 Paullo
1048 2008 1124 2034 aliter
1142 2007 1192 2032 Res
1204 2011 1275 2032 certa
1291 2005 1338 2038 est,
1358 2016 1390 2042 50
1405 2012 1471 2038 pore
1484 2002 1633 2034 edidimus,
1653 2002 1813 2036 variumque
1831 2002 1978 2028 sermonem
1991 2004 2086 2037 partim
2099 2005 2286 2032 admirantium
2318 2006 2389 2033 vnde
2401 2006 2419 2032 h

277 2060 329 2089 pro
345 2053 512 2080 Deliberatum
532 2057 556 2076 et
572 2048 732 2082 constitutum
753 2042 787 2078 est
807 2043 890 2070 Plaut.
906 2044 980 2077 Capt.
994 2052 1022 2075 4,
1038 2052 1057 2075 1,
1070 2051 1093 2068 ιι
1119 2043 1199 2069 Nunc
1208 2047 1279 2068 certa
1286 2042 1339 2068 Res
1405 2037 1612 2074 philosophandi
1623 2037 1703 2064 nobis
1717 2036 1807 2063 subito
1819 2036 1935 2063 studium
1949 2039 2087 2072 extitisset,
2099 2041 2211 2074 partim,
2224 2027 2407 2076 quid'quaque
2419 2056 2422 2063 .

284 2089 321 2116 est
330 2109 338 2121 ,
351 2088 445 2114 eodem
459 2086 546 2121 paeto,
558 2091 604 2110 etc.
639 2083 701 2117 Spei
716 2083 817 2116 opponit
830 2079 886 2106 Cic.
903 2079 955 2105 Att.
969 2086 1003 2111 ις,
1022 2086 1050 2104 21
1072 2079 1165 2111 Itaque
1180 2086 1241 2103 eum
1254 2077 1339 2111 placa·
1405 2084 1435 2102 re
1448 2075 1514 2102 certi
1525 2074 1701 2106 Haberemus,
1714 2073 1780 2100 scire
1796 2073 1971 2108 cupientium.
2008 2075 2059 2100 Hic
2065 2075 2214 2109 sententias,
2228 2077 2343 2109 decreta,
2354 2077 2422 2112 dogn.

283 2125 327 2151 vi:
346 2130 371 2150 et
391 2123 501 2159 quidem
515 2127 589 2148 cccc
603 2124 690 2149 certa,
703 2117 808 2151 reliqua
825 2116 855 2141 in
868 2116 920 2149 spe.
976 2115 1068 2140 Certas
1081 2113 1131 2139 Res
1145 2112 1268 2138 nuntiare
1277 2113 1338 2141 tC'ic.
1405 2117 1433 2137 ta
1445 2117 1526 2137 notat.
1564 2109 1612 2137 Sed
1625 2111 1680 2136 Att.
1694 2111 1721 2142 6,
1737 2116 1751 2142 5
1777 2110 1817 2136 De
1836 2117 1891 2144 quo
1904 2108 1990 2135 adhuc
2008 2109 2077 2136 nihil
2099 2110 2165 2136 certi
2176 2111 2362 2143 Habebamus,
2375 2120 2402 2136 a

285 2162 358 2188 Fam.
373 2168 410 2191 iz,
426 2168 450 2192 4.
465 2167 512 2184 non
527 2156 625 2182 dubiam
633 2154 742 2191 famam.
796 2150 870 2177 Idem
884 2150 916 2176 de
931 2150 1023 2176 Diuin.
1041 2158 1059 2180 1,
1075 2153 1113 2178 118
1133 2148 1204 2174 Nam
1217 2156 1272 2174 non
1287 2147 1341 2186 pla·
1405 2145 1458 2171 dem
1471 2149 1634 2171 narrantium
1644 2148 1763 2184 pertinet.
1799 2145 1855 2172 Cic.
1869 2145 1924 2172 Att.
1939 2147 1978 2175 16,
1990 2153 2015 2178 13
2032 2145 2131 2172 Omnia
2144 2145 2228 2180 igitur
2239 2146 2323 2172 velim
2335 2154 2380 2172 ex
2401 2136 2419 2168 ’.Γ

285 2203 325 2222 cet
339 2195 433 2222 Stoicis
442 2215 450 2227 ,
463 2201 508 2220 etc.
527 2192 571 2219 sed
591 2191 629 2217 ita
642 2199 657 2216 a
669 2187 805 2224 principio
819 2185 973 2212 inchoatum
991 2185 1039 2210 else
1054 2183 1182 2210 mundum
1192 2203 1199 2214 ,
1217 2189 1247 2209 vt
1260 2188 1339 2209 certis
1358 2189 1387 2215 55
1406 2186 1433 2206 et
1443 2179 1476 2205 ad
1490 2188 1533 2205 me
1546 2185 1618 2205 certa
1632 2186 1731 2206 mittas.
1783 2181 1910 2206 Inuenire
1925 2187 2044 2213 certum,
2063 2181 2117 2207 vid.
2140 2189 2150 2208 1
2159 2187 2212 2208 NV
2222 2187 2328 2208 EN10.
2415 2175 2419 2189 ‘

286 2232 372 2259 Rebus
394 2237 465 2257 certa
483 2229 562 2262 Signa
579 2230 797 2261 praecurrerent,
813 2229 858 2248 etc.
931 2221 1044 2255 Sagitta,
1058 2229 1119 2255 quae
1139 2229 1188 2245 non
1203 2219 1305 2245 aberrat
1323 2226 1339 2244 a
1406 2224 1456 2250 pro
1469 2215 1534 2241 Sull.
1547 2220 1560 2244 8
1580 2214 1631 2241 Sed
1644 2221 1734 2241 tamen
1747 2215 1812 2248 quid
1827 2215 1966 2250 respondit
1984 2215 2017 2242 de
2024 2216 2095 2243 Sulla
2107 2217 2220 2243 Cassius?
2240 2218 2266 2244 se
2279 2215 2378 2244 Nescis

279 2269 355 2305 scopo
372 2268 438 2292 Hor.
452 2267 541 2303 Carpi.
557 2271 578 2297 1,
592 2271 629 2293 12,
644 2270 682 2293 23.
695 2267 724 2286 vt
731 2260 814 2285 Arcus
828 2265 873 2284 etc.
944 2257 1036 2283 Sidera
1050 2261 1120 2282 certa
1129 2275 1136 2287 ‚
1149 2255 1183 2281 ad
1193 2264 1252 2290 quae
1264 2263 1339 2282 naues
1406 2257 1472 2278 tum.
1508 2252 1540 2276 Et
1554 2249 1666 2290 dehFato
1679 2258 1706 2277 12
1731 2250 1868 2283 Qioniam
1886 2256 1987 2277 certum
2006 2251 2035 2277 in
2050 2252 2134 2278 Fabio
2153 2253 2280 2285 Ponitur,
2298 2258 2344 2279 nat
2362 2267 2365 2275 ι

283 2304 431 2339 diriguntur
444 2301 475 2327 Τ
477 2299 554 2326 ibull.
574 2307 594 2330 ι,
610 2306 649 2329 io,
663 2305 700 2322 io.
720 2295 763 2321 vbi
782 2293 835 2320 vid.
859 2292 983 2319 Brouckh.
1003 2292 1101 2318 Lucan.
1121 2300 1144 2324 3,
1163 2296 1207 2320 218
1232 2291 1286 2317 Has
1306 2288 1339 2316 ad
1408 2296 1470 2313 eum
1484 2287 1512 2313 in
1528 2285 1655 2312 Canicula
1668 2286 1782 2318 oriente,
1794 2293 1840 2313 etc.
1884 2287 1941 2314 Cic.
1956 2287 2010 2314 Att.
2027 2289 2066 2320 16,
2081 2296 2105 2320 ¹3
2130 2289 2160 2314 In
2172 2289 2319 2322 praesentia
2330 2298 2369 2315 m

284 2339 355 2366 bella
370 2344 438 2365 rates
472 2351 519 2356 —
555 2333 663 2361 Certior
684 2330 754 2357 haud
773 2329 835 2356 vllis
858 2327 934 2354 duxit
951 2328 1088 2360 Cynosura
1107 2326 1213 2353 carinis.
1250 2325 1340 2352 Valer.
1408 2323 1457 2349 lim
1472 2321 1575 2349 Scribas
1597 2321 1707 2357 quibuS,
1720 2328 1765 2348 etc.
1788 2327 1817 2348 tu
1838 2321 1908 2348 mihi
1928 2322 1960 2348 de
1973 2322 2015 2349 his
2027 2323 2106 2349 rebus
2119 2332 2186 2358 quae
2203 2331 2353 2357 nouantur,

286 2375 369 2402 Flacc.
384 2383 403 2406 1,
418 2378 456 2408 17⁷
471 2372 569 2406 Neque
587 2369 660 2395 enim
681 2368 710 2394 in
726 2365 828 2398 Tyrias
841 2364 979 2396 Cynosura
994 2363 1095 2389 carinas
1103 2362 1220 2389 Cei-tior.
1235 2361 1278 2387 vbi
1295 2371 1338 2387 no—
1356 2365 1392 2390 60
1408 2365 1495 2391 certa,
1507 2358 1586 2385 clara.
1621 2357 1691 2384 Ter.
1705 2356 1812 2384 Phorm.
1827 2366 1847 2390 1,
1861 2366 1884 2391 2,
1898 2362 1930 2391 98
1947 2358 2014 2384 Non
2025 2365 2127 2385 certum
2141 2359 2209 2386 Scio.
2324 2358 2345 2398 fl

285 2410 378 2438 tandm·
400 2409 458 2445 vfiaes
475 2405 674 2444 praepositionis.
711 2403 752 2430 Sic
771 2401 810 2428 Id.
832 2409 859 2433 2,
879 2407 911 2435 57
936 2400 1087 2433 Certusque
1106 2397 1139 2424 ad
1158 2397 1221 2424 talia
1236 2397 1340 2430 Titan,
1407 2396 1485 2422 mulae
1500 2395 1578 2420 aliae:
1599 2394 1680 2420 Certo
1694 2393 1805 2425 certius,
1814 2400 1864 2428 pro
1882 2393 2026 2429 Veriffi‘mo,
2038 2394 2144 2429 leian.
2158 2395 2188 2421 iri
2202 2394 2220 2421 l.
2239 2395 2286 2422 Ait
2297 2396 2373 2423 Prae

286 2450 305 2473 i.
318 2453 410 2472 cci-tam
430 2442 608 2480 nauigantibus
623 2440 693 2477 spem
707 2438 856 2475 serenitatis
869 2435 997 2471 adferens.
1050 2433 1132 2461 Ouid.
1147 2433 1227 2467 Epist.
1243 2438 1268 2463 18
1278 2453 1286 2465 ,
1302 2440 1343 2465 155
1408 2431 1436 2457 Si
1449 2429 1650 2465 qunmlmulier.
1665 2429 1697 2456 D.
1711 2430 1788 2463 Qiae
1801 2430 1829 2456 in
1845 2428 1933 2456 fraud.
1947 2429 2040 2456 credit.
2066 2430 2163 2465 Neque
2183 2430 2254 2462 enlm
2273 2431 2321 2458 dos
2341 2429 2376 2459 in‘

287 2482 329 2509 Est
343 2481 416 2508 aliud
428 2480 532 2507 Lumen
545 2477 632 2505 multo
645 2475 714 2503 mihi
729 2473 825 2500 certius
840 2472 911 2504 istis,
926 2481 980 2498 cum
993 2468 1103 2506 respeffu
1115 2469 1149 2496 ad
1160 2469 1268 2501 Sidera,
1281 2477 1342 2504 quae
1410 2466 1470 2493 dein
1484 2466 1648 2492 creditorum
1663 2465 1845 2492 constituenda
1860 2465 1909 2492 est:
1927 2471 1953 2492 et
1965 2465 2016 2492 hoc
2029 2472 2103 2493 certo
2116 2467 2213 2494 certius
2226 2465 2275 2502 est,
2287 2472 2314 2494 et
2328 2469 2372 2502 'sap
2382 2471 2385 2474 ’
2396 2494 2399 2496 ,

288 2525 346 2544 ante
361 2520 540 2544 ηοιηιήιιιιεναι.
576 2514 656 2540 Certa
676 2511 771 2538 Helice
790 2508 848 2535 Val.
862 2508 945 2535 Flacc.
966 2515 987 2541 5,
1002 2514 1046 2542 70.
1118 2506 1229 2540 Signum
1242 2504 1343 2531 amoris
1410 2501 1592 2543 constitutum.
1630 2502 1671 2529 Sic
1690 2500 1769 2528 Nihil
1790 2501 1911 2528 inuenies
1929 2502 2013 2536 magis
2024 2502 2074 2528 hoc
2090 2508 2162 2529 certo
2175 2501 2273 2530 certiils‘
2281 2502 2363 2530 Plaut.
2384 2504 2425 2533 δῖ’

290 2554 346 2580 Cic.
362 2562 410 2588 pro
424 2553 491 2579 Sext.
506 2559 551 2584 49.
622 2547 709 2583 Signis
727 2544 831 2580 aliquid
850 2544 1008 2579 cognoscere
1034 2542 1108 2577 Virg.
1129 2542 1227 2576 Georg.
1248 2550 1268 2573 1,
1282 2549 1341 2574 394.
1359 2546 1391 2579 63
1411 2547 1434 2571 3,
1449 2547 1477 2578 4,
1492 2546 1535 2564 ιιι.
1573 2537 1650 2572 Apul.
1664 2537 1728 2577 Met.
1743 2546 1764 2564 ιι
1778 2547 1802 2572 p.
1816 2545 1876 2572 237,
1891 2542 1916 2568 18
1938 2537 2014 2570 Nos,
2029 2547 2096 2573 quos
2109 2539 2253 2565 occultaret
2263 2537 2328 2573 apud
2338 2538 2365 2564 se
2377 2542 2422 2566 eet!

289 2590 375 2624 Signis
390 2589 488 2615 discere
503 2588 576 2613 Idem
590 2585 688 2618 Georg.
705 2592 724 2614 1,
737 2590 785 2615 351.
845 2581 927 2607 Plaut.
942 2580 1024 2606 Merc.
1041 2587 1066 2612 2,
1081 2587 1104 2610 3,
1118 2586 1151 2611 29
1176 2577 1258 2604 Nulla
1272 2576 1343 2603 milii
1410 2581 1524 2606 certius,
1546 2573 1642 2601 dedere
1653 2579 1757 2608 potius,
1771 2582 1850 2608 quam
1865 2573 2007 2600 discrimen
2026 2575 2131 2609 proprii
2151 2573 2252 2601 subiret
2264 2573 2359 2610 capitii.
2395 2572 2421 2608 Sa

288 2626 348 2660 Spes
365 2625 393 2650 in
406 2623 486 2650 corde
500 2628 570 2648 certa
583 2621 628 2647 est.
668 2620 729 2654 Spes
743 2617 826 2652 magis
839 2616 922 2644 Ouid.
935 2615 967 2642 de
981 2616 1045 2642 Arte
1061 2615 1121 2641 Am.
1136 2622 1159 2646 3,
1172 2619 1233 2648 478.
1282 2613 1344 2647 Spes
1409 2610 1468 2637 lust.
1483 2610 1540 2637 Cat.
1553 2619 1576 2636 e.
1590 2617 1615 2643 15
1639 2609 1690 2636 Pro
1705 2615 1778 2635 certo
1796 2609 1914 2636 creditur
1927 2616 2019 2636 necato
2040 2610 2100 2637 filio
2111 2610 2221 2637 don-ium
2236 2603 2402 2644 sceleffir'lffil'
2416 2609 2420 2614 ⁴

288 2660 426 2688 certiss'ima
441 2659 499 2685 Cic.
512 2657 544 2683 ad
556 2658 629 2683 Brut.
642 2664 679 2682 10.
713 2654 794 2681 Gaius
808 2653 837 2679 in
856 2652 873 2678 l.
890 2651 1097 2687 stipulationum
1110 2649 1241 2684 quaedam
1256 2656 1343 2675 certae
1408 2646 1590 2673 vacuefeciffe.
1645 2645 1702 2672 Cic.
1714 2644 1748 2672 de
1763 2645 1825 2672 Nat.
1840 2646 1920 2672 Deor.
1934 2654 1959 2676 2,
1972 2651 2006 2679 48
2030 2646 2089 2673 Nec
2109 2647 2183 2673 enim
2201 2646 2270 2673 hunc
2284 2645 2364 2682 ipsimi
2373 2650 2422 2676 mua

256 2716 261 2718 -
290 2697 358 2724 sunt.
379 2696 412 2723 D.
427 2694 459 2721 de
477 2692 593 2720 Verbor.
613 2691 725 2725 dbligat.
746 2689 968 2724 Sdpulafionum,
983 2687 1091 2722 inquit,
1105 2685 1233 2720 quaedam
1255 2691 1342 2711 certae
1409 2682 1473 2708 dum
1495 2690 1545 2716 pro
1566 2687 1639 2708 certo
1657 2681 1801 2707 rotundum
1815 2682 1864 2708 else
1882 2681 1980 2708 dicitis.
2035 2682 2135 2709 Sallust.
2152 2683 2209 2709 Gat.
2223 2691 2244 2709 c.
2259 2688 2294 2715 52>
2315 2681 2424 2715 Pron-j,

290 2734 348 2760 sunt
357 2752 365 2765 ,
378 2729 507 2767 quaedam
521 2729 644 2755 incertae.
679 2727 789 2753 Certum
803 2725 848 2758 est,
857 2723 929 2759 quod
941 2732 973 2750 ex
992 2724 1047 2757 ipsa
1061 2721 1281 2757 pronuntiatione
1299 2730 1342 2755 ap·
1358 2726 1395 2754 70
1409 2718 1550 2750 habetote,
1564 2726 1612 2744 vos
1624 2717 1779 2750 decernere,
1792 2720 1810 2744 i.
1818 2724 1917 2754 putate.
1954 2718 2011 2745 Cic.
2026 2718 2099 2745 Brut.
2117 2726 2129 2752 5
2143 2728 2165 2745 c.
2177 2727 2191 2751 3
2212 2718 2308 2753 Neque
2319 2725 2337 2744 ιι
2354 2723 2370 2739 ιι·
2384 2745 2388 2748 ,
2404 2743 2418 2753 η

292 2774 380 2804 paret,
394 2766 475 2803 quid,
489 2764 582 2800 quale,
597 2767 779 2798 quantumque
794 2761 833 2787 fit.
869 2760 927 2787 Cic.
944 2759 976 2786 de
992 2759 1064 2786 Clar.
1076 2759 1150 2785 Orat.
1164 2760 1200 2790 64
1227 2756 1276 2784 Sed
1295 2757 1343 2783 ille
1409 2760 1454 2781 tur
1467 2753 1627 2789 quidquam,
1641 2752 1714 2788 quod
1727 2762 1776 2788 pro
1791 2760 1864 2780 certo
1879 2752 2044 2781 haberemus.
2086 2754 2186 2781 Matius
2191 2754 2239 2790 sub
2252 2753 2308 2781 Cic.
2321 2753 2344 2780 A
2408 2766 2417 2782 ,ς

291 2806 408 2832 Graecus
426 2803 459 2830 ab
478 2801 554 2828 omni
572 2798 649 2826 laude
662 2797 776 2824 felicior.
791 2796 870 2824 habet
890 2796 963 2823 enim
981 2801 1066 2821 certos
1086 2794 1125 2820 sui
1140 2793 1284 2825 Studiosos,
1297 2800 1343 2820 etc.
1409 2790 1546 2824 Quoniam
1560 2790 1592 2816 de
1604 2788 1718 2816 aduentu
1730 2789 1850 2817 Caesaris
1871 2799 1920 2824 pro
1941 2796 2015 2816 certo
2029 2789 2199 2817 habebamus.
2245 2789 2314 2817 Add.
2329 2797 2379 2822 ιω,
2415 2810 2418 2820 ,

309 2851 351 2868 uos
363 2842 491 2868 nouimus,
506 2840 557 2863 iam
569 2845 618 2862 non
631 2836 793 2860 nominamus.
849 2832 955 2858 Summa
969 2836 1041 2858 certa
1059 2839 1117 2857 rem
1131 2829 1247 2856 vendere
1261 2828 1343 2855 Paull.
1407 2827 1459 2854 Pro
1473 2832 1545 2853 certo
1559 2825 1694 2852 habemus.
1730 2825 1788 2853 Cic.
1797 2826 1851 2853 Att.
1861 2833 1884 2858 5,
1893 2835 1919 2853 :1
1939 2825 1986 2852 Sed
2004 2825 2110 2861 posthac
2123 2827 2216 2853 omnia
2228 2834 2306 2861 quae,
2412 2820 2437 2857 ζῖ,

291 2887 321 2904 in
340 2877 357 2903 l.
377 2875 535 2910 Diligenter.
555 2870 683 2909 §.Seruo
702 2877 818 2905 quoque.
838 2868 869 2894 D.
890 2867 1007 2894 Mandat.
1029 2866 1072 2893 vel
1093 2872 1180 2892 contr.
1234 2865 1292 2892 Cic.
1307 2865 1344 2898 Q
1410 2868 1503 2894 erunt,
1521 2871 1570 2896 pro
1585 2867 1658 2888 certo
1669 2866 1774 2896 negato.
1843 2862 1896 2888 Pro
1917 2868 1991 2888 certo
2004 2861 2128 2896 polliceri
2145 2861 2307 2897 atque'confi
2330 2875 2342 2885 v·
2367 2888 2371 2891 .
2411 2875 2412 2878 =
2437 2861 2439 2866 '

291 2914 360 2941 Frat.
375 2921 401 2944 2,
415 2920 430 2938 2
453 2910 502 2937 Tu
514 2908 532 2936 si
549 2910 586 2935 ita
600 2905 713 2941 expedit,
724 2904 806 2931 velim
820 2903 1018 2938 quamprimum
1031 2902 1101 2928 bona
1109 2907 1135 2928 et
1148 2907 1218 2928 cci-ta
1225 2901 1343 2935 Teinpe-
1358 2911 1391 2940 75
1410 2898 1475 2933 quid
1490 2898 1546 2925 Cic.
1561 2897 1593 2924 de
1605 2898 1674 2932 Lege
1686 2897 1748 2932 Agr.
1763 2905 1790 2929 2,
1806 2905 1857 2924 101.
1908 2897 1977 2925 Ter.
1991 2897 2066 2924 Adel.
2086 2907 2116 2932 3,
2131 2907 2165 2932 4,
2185 2907 2215 2931 32
2243 2898 2294 2925 Pro
2308 2906 2321 2929 c
2361 2910 2370 2935 >¹

292 2949 355 2976 state
369 2945 542 2977 conscendas,
560 2943 593 2971 ad
612 2950 709 2978 meque
725 2939 825 2966 venias.
852 2939 932 2965 Certa
951 2948 998 2965 non
1016 2938 1105 2971 dubia,
1118 2941 1145 2963 in
1164 2946 1212 2973 qua
1220 2936 1342 2972 procellae
1410 2933 1507 2960 isthaec
1520 2933 1604 2960 dicis?
1639 2934 1803 2965 Certus,cum
1812 2935 1939 2969 genitiuo:
1957 2935 2052 2961 Certus
2066 2933 2178 2961 Confilii
2189 2933 2281 2961 Tacit,
2291 2934 2356 2961 Αηη,

291 2990 449 3015 metuantur,
457 2981 504 3018 sed
516 2978 640 3013 conflans.
711 2977 834 3010 Tempus
847 2974 909 3002 anni
922 2980 1022 3000 certum
1036 2974 1101 3000 Plin.
1114 2981 1141 3008 7,
1157 2981 1191 3006 15.
1255 2972 1342 2999 Tem·
1408 2970 1484 3005 Virg.
1498 2970 1563 2996 Aen.
1576 2979 1605 3003 4,
1618 2976 1665 3002 554
1685 2970 1786 2995 Aeneas
1800 2969 1866 2995 celsa
1878 2969 1906 2995 in
1921 2970 2016 3004 puppi,
2030 2970 2084 2997 iani
2097 2976 2182 2997 cei-tus
2197 2969 2286 3003 eundi,
2299 2971 2342 3006 qui-

294 3029 341 3057 pus
361 3024 478 3050 certum‚
502 3015 703 3049 dimensumque
721 3012 795 3039 Idem
813 3010 892 3045 Epist.
910 3018 943 3042 9,
959 3012 1006 3041 36,
1026 3018 1047 3041 3.
1118 3010 1258 3043 Tempore
1275 3008 1342 3035 caeli
1408 3013 1528 3033 creuerat.
1600 3004 1765 3032 Desciscendi
1788 3010 1873 3031 certus
1886 3005 1977 3032 Tacit.
1997 3005 2066 3032 Hist.
2086 3014 2115 3039 4,
2130 3014 2169 3039 14.
2203 3004 2279 3032 Idem
2291 3006 2356 3032 Anii*

293 3062 368 3083 certo
387 3055 463 3089 Virg.
477 3053 574 3086 Georg.
594 3059 628 3084 4,
643 3058 699 3077 100.
716 3047 834 3085 definito,
842 3046 897 3083 Jiao.
935 3046 975 3072 Sic
994 3045 1050 3071 Cic.
1069 3045 1101 3071 de
1121 3045 1209 3072 Somn.
1224 3044 1291 3078 Scip.
1311 3046 1341 3070 16
1407 3043 1465 3069 Iam
1482 3047 1592 3068 ventum
1613 3040 1684 3068 haud
1703 3039 1794 3075 procul
1815 3040 1907 3073 mari,
1949 3041 2003 3067 uod
2017 3040 2179 3068 Hiberniam
2193 3034 2339 3068 insulamn⁴¹
2355 3046 2366 3070 *ns
2413 3034 2417 3038 ¹

293 3093 403 3126 Propter
423 3089 562 3116 eluuiones
584 3085 787 3119 exustionesque
803 3088 953 3113 terrarum,
979 3089 1042 3115 quas
1063 3080 1181 3107 accidere
1199 3081 1341 3114 Tempore
1358 3087 1391 3114 80
1408 3087 1490 3113 quum
1509 3083 1584 3104 ortae
1601 3076 1672 3112 apud
1688 3076 1823 3111 Brigantes
1843 3075 1930 3103 discor
1949 3077 1991 3103 iae
2005 3084 2139 3105 retraxere
2158 3077 2251 3104 ducein

292 3134 365 3154 certo
386 3126 483 3153 necefl'e
501 3124 555 3157 est,
567 3131 623 3149 non
640 3121 722 3147 modo
737 3126 886 3151 aeternam,
899 3123 945 3143 etc.
981 3118 1022 3143 Sic
1035 3116 1175 3150 Tempore
1195 3121 1267 3142 certo
1280 3125 1341 3142 con·
1406 3119 1525 3147 certum,
1536 3122 1571 3140 ne
1583 3121 1654 3140 noua
1668 3111 1826 3145 moliretur,
1839 3112 1886 3138 nisi
1901 3112 2037 3147 prioribus
2049 3112 2170 3140 firmatis.
2243 3111 2345 3140 Diffidii
2362 3109 2365 3138 j

294 3163 386 3190 venire
401 3162 459 3189 Cic.
473 3160 505 3187 de
518 3161 621 3187 Inuent.
636 3166 662 3189 2,
677 3165 727 3189 132.
741 3159 758 3182 i.
772 3153 913 3187 constituto.
949 3152 995 3179 Sil.
1008 3159 1033 3186 7,
1047 3160 1103 3184 449
1126 3151 1217 3178 Testis
1235 3151 1341 3178 certissi-
1406 3149 1475 3176 Hist.
1489 3159 1518 3183 4,
1556 3169 1562 3176 .
1602 3169 1608 3175 .
1664 3148 1737 3175 Idem
1752 3149 1819 3174 Ann.
1833 3156 1853 3181 1,
1866 3155 1900 3182 27
1922 3147 1950 3175 de
1962 3149 2006 3175 Cn.
2020 3150 2141 3182 Lentulo,
2155 3150 2265 3185 Iamque
2282 3147 2369 3184 lapi-1·

295 3207 339 3225 ma
351 3198 450 3225 vestrae
471 3198 535 3224 Ecce
553 3195 609 3222 dies
628 3192 734 3229 pletatis
753 3190 832 3218 adest.
901 3187 1028 3215 Tramite
1048 3186 1079 3213 dc
1098 3193 1170 3214 certo
1190 3187 1254 3221 pelli
1266 3189 1339 3215 Hor.
1405 3192 1530 3212 eruentus
1542 3191 1567 3212 et
1579 3184 1663 3212 Exitii
1675 3189 1776 3217 certus,
1793 3183 1905 3210 adcursu'
1917 3184 2112 3217 multitudinis,
2120 3193 2186 3220 quae
2204 3193 2265 3212 eum
2277 3184 2333 3212 Dru
2350 3183 2366 3206 .'

296 3233 378 3261 Serm.
393 3242 418 3265 2,
430 3242 453 3266 3,
466 3241 511 3266 49.
582 3228 724 3257 Tranfitus
739 3227 839 3254 certior
851 3225 918 3252 Plin.
933 3233 955 3257 3,
971 3233 1002 3250 ιι.
1040 3223 1096 3249 Cic.
1110 3232 1158 3257 pro
1174 3224 1255 3250 Corn.
1265 3223 1339 3250 Balb.
1406 3228 1497 3254 nerat,
1509 3220 1644 3256 protectus
1658 3220 1702 3247 est.
1773 3220 1860 3254 rugae
1872 3219 1938 3247 Plin.
1951 3221 1999 3255 Epi
2046 3223 2071 3252 6,
2086 3223 2123 3248 16.
2196 3221 2292 3248 Futuri
2305 3220 2365 3248 Sen'

293 3277 326 3303 3ο
346 3268 411 3296 Vidi
424 3273 528 3303 egomet
541 3265 684 3293 nonnullos
698 3263 838 3299 imperitos
851 3260 973 3288 homines
989 3258 1092 3286 nostros
1104 3259 1174 3285 ciues
1189 3258 1297 3286 Athenis
1311 3259 1341 3286 in
1360 3264 1389 3294 85
1407 3258 1460 3284 fur.
1475 3265 1545 3293 1071.
1617 3255 1715 3283 Laudi:
1728 3260 1828 3288 certus,
1838 3256 1944 3282 Laudem
1957 3263 2010 3284 cert
2045 3264 2138 3292 perans
2151 3256 2196 3284 Sil.
2213 3258 2251 3289 16,
2264 3264 2323 3290 441.
2339 3274 2358 3285 -.

293 3312 407 3332 numero
427 3303 547 3330 iudicum
569 3308 648 3338 atque
662 3299 898 3335 Areopagitarum,
922 3302 992 3322 certa
999 3294 1108 3327 Tribu,
1133 3301 1203 3321 certa
1218 3304 1341 3328 numero,
1407 3294 1476 3321 Anti.
1490 3302 1527 3326 12,
1542 3302 1554 3325 3
1581 3293 1653 3320 Nam
1670 3291 1718 3319 vbi
1739 3291 1779 3318 sui
1792 3291 1962 3319 Matrimonii
1981 3299 2051 3319 certa
2065 3293 2134 3325 fuit,
2152 3292 2253 3320 struere
2265 3291 2337 3320 maio

295 3349 379 3377 quum
392 3340 553 3374 ignorarent,
567 3345 612 3365 etc.
648 3337 705 3364 Cic.
719 3344 768 3371 pro
784 3335 853 3369 Lege
866 3331 959 3360 Manil.
974 3334 991 3358 6
1010 3331 1132 3366 Aguntur
1144 3331 1280 3358 certissima
1294 3332 1342 3358 Po-
1406 3330 1526 3365 ptiasque
1540 3328 1666 3361 Domitii,
1675 3336 1754 3364 quem
1767 3335 1798 3354 ex
1805 3328 1853 3355 Cn.
1867 3327 2028 3355 Aenobarbo
2046 3334 2188 3365 genuerat,
2208 3334 2235 3355 et
2248 3326 2344 3355 Octaui
2356 3336 2362 3361 χ

295 3376 353 3412 puli
372 3374 487 3402 Romani
506 3373 653 3408 Vefiigalia
672 3378 698 3399 et
716 3371 846 3402 maxima,
867 3368 964 3404 quibus
982 3366 1092 3399 amiffis,
1105 3373 1151 3392 etc.
1172 3376 1231 3402 quae
1244 3367 1354 3407 semper!
1407 3366 1469 3392 saris
1484 3365 1554 3392 filiae
1569 3364 1672 3391 moliri.
1708 3364 1748 3390 De
1759 3364 1907 3400 Agrippina
1919 3365 1943 3390 lo
1961 3367 2038 3391 uitur.
2080 3364 2166 3394 Necis.
2175 3369 2276 3396 certus,
2313 3377 2315 3379 v
2332 3358 2361 3395 ³3

295 3412 406 3440 redeunt.
443 3409 516 3436 Idem
530 3409 562 3434 de
576 3410 639 3436 Nat.
653 3409 734 3434 Deor.
749 3416 774 3440 2,
789 3415 817 3433 10
841 3405 876 3432 At
893 3412 959 3431 vero
980 3402 1048 3437 apud
1061 3402 1175 3429 maiores
1195 3408 1265 3429 tanta
1278 3402 1353 3429 reli-²
1370 3426 1379 3431 ,
1405 3401 1451 3429 Sil.
1466 3410 1493 3435 4,
1508 3408 1564 3436 197.
1634 3399 1743 3426 Sceleris
1756 3404 1825 3425 certa
1839 3373 2109 3435 iiiulierssisacinAnn.
2125 3409 2163 3434 12,
2175 3402 2218 3426 66.
2232 3408 2292 3435 quae
2309 3412 2313 3421 ι
2349 3402 2352 3415 ⁷

314 3448 383 3475 ionis
398 3445 439 3473 vis
457 3445 527 3476 fuit,
546 3450 575 3470 vt
587 3444 697 3479 quidam
710 3444 883 3478 imperatores
896 3440 976 3467 etiam
995 3440 1019 3465 se
1033 3439 1101 3474 ipsos
1116 3437 1167 3464 diis
1181 3437 1340 3465 immortali·
1354 3449 1391 3473 90
1405 3440 1485 3464 creuit
1500 3443 1607 3472 patrare
1618 3436 1709 3472 scelus.
1779 3435 1838 3470 Spei
1857 3435 1930 3462 Idem
1949 3435 2016 3462 Hist.
2036 3445 2065 3469 4,
2077 3445 2099 3469 3.
2169 3436 2248 3462 Vitae
2263 3434 2342 3462 telin

315 3494 344 3511 us
364 3482 449 3518 capite
467 3480 555 3508 velato
574 3480 651 3506 certis
669 3479 764 3506 Verbis
783 3487 832 3513 pro
851 3475 956 3511 Repub.
976 3474 1155 3506 deuouercnt,
1174 3477 1192 3499 i.
1207 3477 1340 3510 conceptis,
1405 3472 1445 3500 Id.
1458 3473 1526 3499 Ann.
1540 3481 1569 3506 4,
1579 3480 1621 3505 34.
1658 3472 1766 3501 Certus,
1780 3480 1834 3497 cum
1846 3471 1971 3504 ablatiuo,
1984 3478 2023 3504 ve,
2039 3472 2135 3499 Iaculis
2147 3477 2249 3503 certus,
2261 3473 2330 3506 opt*
2343 3469 2348 3487 l

293 3519 468 3555 praesti-ipw-
503 3517 545 3544 Sic
562 3516 593 3541 Et
614 3515 646 3541 de
666 3515 740 3542 Orat.
762 3523 783 3547 i,
798 3519 836 3546 183
865 3512 952 3539 Certis
971 3509 1132 3546 quibusdam
1154 3509 1265 3542 Verbis,
1286 3519 1341 3537 non
1405 3510 1473 3536 lator
1491 3508 1580 3535 Valer.
1595 3507 1678 3534 Flacc.
1699 3515 1720 3539 1,
1738 3508 1795 3539 366.
1846 3507 1906 3534 Cum
1924 3507 2068 3544 hainam,
2087 3514 2130 3539 vt,
2149 3502 2221 3534 mem
2241 3503 2356 3541 Argomff

296 3556 374 3582 nouis
393 3552 507 3588 nuptiis,
522 3550 582 3577 fieri
603 3559 662 3576 cuni
680 3550 814 3585 superiore
834 3548 1001 3577 diuortium,
1012 3552 1059 3573 etc.
1094 3547 1132 3573 De
1145 3548 1201 3571 uiro
1220 3546 1340 3581 quuitur,
1407 3545 1501 3571 Acrius
1515 3543 1566 3571 hoc
1581 3543 1677 3570 instare
1689 3542 1760 3574 viri,
1775 3542 1930 3570 succurrere
1941 3543 2016 3570 certi.
2084 3543 2159 3570 Mori
2177 3543 2252 3577 Vin-g.
2272 3536 2341 3569 Aeni*

313 3594 338 3617 ui
358 3589 447 3618 reiis-‘la
463 3590 548 3624 prima
558 3595 650 3618 υκονε,
664 3595 711 3612 non
730 3586 787 3612 dato
806 3584 884 3612 libello
897 3582 995 3619 repudii
1002 3602 1010 3616 ,
1017 3581 1151 3618 secundam
1165 3580 1245 3607 duxit.
1282 3582 1339 3608 Cic.
1407 3580 1496 3607 Valer.
1511 3579 1596 3606 Flacc.
1611 3587 1632 3612 i,
1646 3586 1686 3612 191
1704 3577 1770 3605 Non
1784 3577 1832 3604 illo
1846 3579 1946 3605 certior
1964 3579 2031 3605 alter
2043 3578 2153 3613 Pinguia
2166 3578 2272 3605 letifera
2284 3586 2300 3613 p
2338 3590 2353 3608 ρ
2399 3598 2413 3602 .,

316 3635 330 3652 e
342 3627 417 3653 Orat.
432 3634 454 3658 3,
468 3629 496 3657 38
515 3623 579 3650 Sunt
593 3621 664 3648 enim
677 3627 747 3647 certa
758 3621 847 3651 Vitia,
866 3629 934 3655 quae
947 3626 1026 3645 nemo
1039 3617 1076 3644 est
1087 3617 1153 3652 quin
1169 3615 1282 3650 effugere
1296 3627 1339 3644 cu.
1357 3623 1390 3651 95
1407 3615 1476 3642 colla
1492 3615 1611 3650 bipenni.
1682 3613 1780 3640 Lucan.
1795 3622 1824 3647 3,
1838 3621 1884 3649 557
1911 3614 1946 3641 At
1966 3614 2085 3642 Romam
2099 3614 2164 3640 ratis
2183 3613 2302 3641 stabilem
2328 3612 2357 3642 ·’,
2392 3610 2393 3613 ’

297 3662 368 3696 piat,
381 3661 472 3688 mollis
492 3667 562 3692 vox,
577 3663 607 3684 vt
625 3655 781 3688 muliebris,
793 3655 919 3691 autquasi
940 3661 1014 3682 extra
1027 3652 1138 3680 niodum
1150 3651 1247 3679 absona
1259 3658 1343 3688 atque.
1406 3651 1523 3678 carinam
1547 3647 1664 3678 Cei-tior.
1688 3652 1707 3676 i.
1724 3648 1830 3686 firmior
1853 3657 1877 3676 et
1892 3653 1986 3685 aptior.
2182 3647 2241 3687 5⁴6
2281 3649 2312 3676 Co

297 3697 424 3724 absurda?
443 3705 503 3732 quae
520 3696 647 3724 nouimus,
655 3691 702 3732 sed
714 3691 755 3718 hic
767 3700 906 3718 enumerare
920 3700 967 3717 non
979 3690 1046 3717 libet.
1082 3687 1199 3716 Martial.
1214 3690 1288 3720 11,62
1309 3689 1340 3716 Et
1405 3688 1514 3723 exempla
1524 3693 1628 3722 praeter
1635 3685 1784 3722 fiaperiora:
1811 3685 1869 3712 Sen.
1890 3684 2000 3720 Hippol.
2018 3691 2060 3716 193
2084 3684 2225 3720 Ipsumque
2242 3681 2323 3712 Phouss·
2346 3696 2349 3706 ι

296 3734 369 3759 Voce
381 3737 461 3764 certa,
469 3730 624 3764 consciaque
636 3726 754 3759 dicebat,
764 3727 885 3758 Fuci-,an
905 3726 990 3761 puella
1007 3724 1101 3752 matris
1119 3724 1178 3750 esset
1197 3723 1226 3750 in
1240 3730 1342 3752 ventre.
1406 3723 1454 3758 qui
1466 3731 1552 3750 nei-uo
1565 3722 1634 3757 regit
1650 3721 1720 3756 figit
1732 3721 1823 3756 sagitta
1835 3721 1936 3748 certior
1947 3719 2020 3747 miffa
2031 3727 2112 3753 puer,
2129 3723 2148 3746 i.
2162 3719 2264 3756 Cupido.
2273 3720 2302 3747 N

273 3785 276 3787 —
297 3768 372 3801 Virg.
393 3768 455 3794 Aen.
476 3776 504 3800 4,
518 3773 560 3799 ης
588 3766 649 3792 Iuno
673 3763 788 3789 Venerem
809 3762 959 3797 alloquitur,
995 3761 1102 3788 Adero:
1125 3765 1150 3787 et
1168 3765 1213 3787 tua
1233 3758 1252 3785 fi
1271 3759 1339 3786 mihi
1397 3759 1489 3795 ,sertim
1497 3758 1613 3795 formula
1625 3755 1667 3790 est,
1680 3757 1830 3784 Certiorem
1852 3757 1940 3782 facere
1959 3754 2085 3790 aliquem.
2129 3756 2185 3783 Cic.
2204 3757 2300 3784 Vena-5

299 3809 368 3831 cei-ta
387 3802 514 3829 Voluntas
526 3821 535 3834 ,
571 3798 716 3828 Connubio
734 3798 842 3832 iungam
864 3796 968 3829 stabili,
993 3800 1012 3823 i.
1030 3796 1056 3831 Ji
1074 3803 1098 3823 te
1116 3804 1208 3832 quoque
1224 3797 1262 3821 ita
1280 3795 1397 3826 velle100
1406 3795 1466 3821 sunt
1478 3793 1610 3828 Segestani
1629 3793 1737 3820 clientes
1755 3791 1809 3822 tui,
1823 3791 1890 3818 socii
1902 3790 1995 3825 Populi
2009 3790 2140 3824 Romani,
2154 3798 2232 3827 atque
2243 3788 2308 3820 aniit

291 3839 381 3876 sciam.
453 3837 581 3872 Voluptas
594 3842 666 3863 certa
677 3840 703 3861 et
717 3841 782 3869 pura
793 3833 877 3867 magis
891 3833 994 3859 Lucret.
1008 3841 1036 3866 4,
1051 3834 1123 3865 1069.
1179 3831 1274 3857 vsuras
1286 3838 1342 3856 cer.
1405 3838 1462 3857 rem
1475 3836 1502 3856 te
1514 3830 1634 3862 faciunt,
1651 3829 1678 3855 Ρ.
1692 3827 1848 3854 Africanum
1861 3825 2021 3861 Carthagine
2035 3825 2121 3853 deleta
2130 3847 2138 3860 ,
2151 3835 2196 3854 etc.
2263 3824 2303 3853 Af

294 3880 336 3902 tas
344 3872 474 3908 pendere,
487 3876 505 3899 i.
517 3872 635 3908 definitas
653 3869 758 3906 leian.
771 3868 790 3895 l.
808 3869 836 3895 Si
849 3868 1044 3895 remunerandi.
1065 3866 1089 3905 §.
1110 3866 1187 3902 Apud
1197 3865 1340 3893 Iulianum.
1405 3865 1422 3892 l.
1441 3866 1511 3892 Eum
1528 3865 1585 3900 qui.
1603 3863 1658 3902 §.1
1678 3863 1710 3890 D.
1729 3861 1762 3889 de
1780 3861 1888 3896 Acquir.
1908 3860 1998 3888 hered.
2026 3861 2227 3892 Filiusfamilias
2244 3860 2306 3889 here

297 3911 329 3937 D.
340 3907 461 3940 Mandat.
474 3907 516 3934 vel
532 3914 616 3934 contr.
651 3907 728 3941 Virg.
745 3905 810 3932 Aen.
826 3913 847 3936 1,
866 3908 913 3936 580
939 3903 1069 3938 Equidem
1089 3911 1136 3938 per
1156 3902 1236 3930 litora
1254 3907 1340 3928 certos
1404 3907 1505 3935 patrem
1517 3901 1593 3927 suum
1606 3899 1748 3927 certiorem
1761 3896 1876 3929 fecerat,
1888 3896 1978 3924 videri
1995 3897 2044 3924 fibi
2063 3898 2192 3925 soluendo
2204 3897 2252 3924 esse
2263 3895 2310 3923 her
2389 3904 2410 3943 5³

296 3945 453 3976 Dimittam,
473 3948 499 3968 et
516 3942 615 3974 Lybiae
635 3942 744 3969 lustrare
762 3946 880 3967 extrema
898 3938 1007 3966 iubebo.
1054 3940 1102 3966 Vbi
1121 3938 1228 3966 Seruius
1246 3937 1340 3964 Certos
1405 3937 1447 3962 Sic
1460 3937 1552 3969 Quum
1568 3942 1670 3963 certum
1683 3933 1779 3965 sciam,
1792 3932 1888 3959 faciam
1900 3937 1926 3959 te
1939 3933 2029 3967 paullo
2041 3940 2101 3960 ante
2115 3933 2255 3961 certiorem
2267 3931 2322 3961 cic·

294 3985 493 4015 interpretatur,
506 3984 550 4004 aut
563 3978 690 4011 veloces,
703 3982 747 4004 aut
760 3975 873 4004 Fideles.
910 3975 1060 4010 Vtrumque
1073 3975 1157 4008 enini,
1171 3973 1276 4009 inquit,
1289 3972 1339 4000 hoc
1350 3981 1396 4008 105
1405 3979 1442 4003 23·
1478 3972 1566 4005 Qum
1584 3967 1778 4004 dingenfiffime
1796 3967 1884 4001 fas-‘ere
1910 3968 2030 4006 aliquem
2049 3969 2193 3999 certiorem
2209 3967 2283 3999 idem
2297 3963 2356 4006 Ἁ,
2367 4007 2369 4010 Ι
2381 3965 2415 4022 e¹!
