2474 4182
311 148 365 186 811
659 134 694 175 C
771 131 918 173 AV

311 227 412 254 videtur
427 229 525 261 inepta,
560 234 602 252 uae
622 235 637 250 a
657 221 773 250 cauendo
791 220 928 251 cauissam,
948 223 972 245 et
989 218 1048 245 hinc
1062 218 1170 245 cauffam
1183 214 1286 253 fabiam
1305 218 1352 246 ait,

311 270 340 289 vt
359 273 372 288 α
385 262 513 288 fodiendo
525 272 535 289 c
573 262 645 287 soffa.
703 259 771 284 (jen-te
787 255 1017 289 Jm-isconfidtorum
1036 257 1171 290 inprimis
1189 251 1221 285 est
1243 259 1351 279 cauere,

310 308 411 335 quorum
426 298 522 324 canisae
536 306 626 332 quoquc
632 295 693 330 fimt
702 313 709 325 ,
726 292 789 318 omlc
802 290 931 317 caullidici
945 290 1069 316 dicuntur.
1107 289 1193 315 Eadem
1207 287 1353 323 etymologia

310 337 384 360 ctiam
398 333 474 369 fauet
486 332 613 369 scribendi
633 338 742 357 tamam,
760 335 808 362 pce·
821 326 910 361 (suplex
922 327 953 358 ss',
969 335 1016 362 qua
1030 327 1113 352 Cicero
1131 331 1155 349 et
1175 324 1299 358 Virgilius
1318 322 1352 354 qli

313 367 370 402 teste
389 368 572 403 Qsincfflmno
588 375 606 393 ι,
619 373 645 399 7,
661 374 702 396 ec,
726 372 842 399 quamque
861 363 952 398 copiosi³
971 361 1085 398 defendit
1102 358 1196 394 Voffius
1213 362 1239 384 in
1255 359 1351 391 Etymo-

313 407 413 442 logico:
440 411 578 440 quanquam
586 399 715 426 Terentii
734 398 823 425 Scauri
843 408 866 433 p.
884 406 944 432 2257
964 404 986 423 et
999 396 1119 431 similium
1135 392 1273 420 austoritas
1287 390 1353 426 apud

312 444 462 468 recentiores
475 440 602 473 pes-uicit,
619 443 648 461 vt
666 435 737 470 causti
746 435 805 470 scre
823 440 887 464 cente
905 437 931 460 in
945 433 997 468 [pr
1012 434 1124 458 Cicerone
1131 430 1260 466 scribatur
1273 427 1353 458 hodic,

312 487 384 513 quam
395 474 500 510 proin-l:
518 475 638 499 rationem
658 471 846 506 hiesbquinzur,
865 470 968 496 alteram
982 470 1054 494 altas.
1129 466 1184 492 Cic.
1198 464 1229 490 de
1243 465 1307 489 Fato
1321 471 1354 495 34

313 522 334 538 c.
349 520 372 543 ις
396 509 475 542 Quod
489 508 506 534 li
521 508 695 539 concedatur,
712 506 781 532 nihil
795 506 863 540 posse
878 505 1002 535 euenire,
1022 502 1069 528 nisi
1083 501 1157 527 causa
1170 499 1354 526 antecedente:

314 547 377 581 quid
400 544 568 579 proficiatur,
597 542 614 569 si
638 551 667 569 ea
688 543 762 568 causa
786 551 840 568 non
863 550 894 567 cx
913 539 1026 566 aeternis
1049 537 1128 563 caulis
1150 543 1209 570 apta
1234 535 1352 561 ducatur.

314 582 394 609 Causa
409 587 497 606 autem
510 588 538 606 ea
552 579 603 611 est,
623 587 689 613 quae
703 578 729 604 id
744 577 838 609 efficit,
860 577 934 603 cuius
947 575 982 601 est
996 575 1085 605 causa,
1102 579 1129 599 vt
1143 572 1236 598 vulnus
1248 570 1352 602 mortis,

313 617 425 643 cruditas
440 615 545 647 morbi,
567 614 633 649 ignis
648 614 759 641 ardoris.
809 615 899 647 Itaque
913 620 965 637 non
986 610 1017 636 fic
1038 609 1113 635 causa
1127 607 1241 641 intelligi
1261 606 1354 638 debet,

312 660 356 685 vt,
377 651 449 686 quod
463 652 559 686 cuique
573 650 722 682 antecedat,
742 650 768 675 id
781 650 806 675 ei
821 649 894 674 cansa
909 647 954 679 lit,
975 646 1017 671 scd
1038 644 1110 680 quod
1130 645 1227 678 cuique
1240 641 1355 668 efficien-

311 694 351 715 ter
364 687 517 714 antecedat:
543 695 604 718 nec,
622 685 694 720 qnod
715 686 742 711 in
757 693 876 719 campum
899 681 1093 713 descenderim,
1114 679 1142 706 id
1162 680 1237 706 fuisse
1256 679 1354 709 causae,

311 733 358 750 cur
377 723 431 758 pila
453 722 587 755 luderem,
614 731 661 748 nec
679 721 816 748 Hecubam
840 720 941 745 cansam
967 717 1090 745 interitus
1110 716 1184 742 fuiss‘e
1206 713 1353 744 Troianis,
1373 735 1374 738 ,

311 760 383 794 quod
403 758 582 785 Alexandrum
607 758 748 792 genuerit3
782 765 828 782 nec
848 755 1025 787 Tyndareum
1045 750 1256 789 Agamemnoni,
1281 749 1353 782 qnod

309 794 551 828 Clytaemnestram.
605 795 665 820 Hoc
678 795 749 819 enim
764 792 844 818 inodo
858 792 945 817 viator
959 798 1065 824 qnoque
1081 788 1145 813 benc
1160 786 1267 823 vestitus
1280 783 1355 808 causa

309 830 445 866 grallatori
464 831 539 857 fuilse
558 830 675 860 dicetur,
700 826 747 855 ςιιιἸ
763 828 796 854 ab
817 836 849 853 eo
868 826 1034 861 spoliaretur.
1070 837 1115 842 —-
1151 821 1208 846 Nec
1230 819 1273 859 id,
1301 818 1353 858 line

310 876 364 902 quo
376 866 512 902 quippiam
528 875 583 892 non
597 865 640 898 fit,
661 865 736 890 causa
755 864 789 890 cst
802 874 807 889 :
832 862 875 888 sed
888 862 931 893 id,
953 860 1023 895 quod
1037 867 1094 884 cum
1108 855 1220 895 accellit,
1238 855 1265 880 id
1275 863 1354 892 *cums

309 903 383 929 causa
397 902 432 928 est
446 901 525 929 efficit
541 902 691 928 neceni-mio.
735 901 765 926 Et
780 908 809 933 41
830 909 850 924 c.
868 906 892 928 ιχ(
914 896 1071 924 Causarum,
1093 893 1181 926 inquit
1194 891 1354 925 Chtsstppus,

309 937 378 965 aliae
400 939 458 964 sunt
480 937 612 973 perfectae
634 945 659 962 et
684 935 842 971 principales
857 954 863 964 ‚
894 933 960 959 aliae
983 930 1137 968 adinuaptes
1160 932 1184 953 et
1208 928 1352 966 proxumae.

311 976 398 1008 Qam
411 974 447 1001 ob
460 983 517 1000 rem
536 983 595 1000 cum
613 972 742 1001 dicimus,
762 971 852 996 munia
870 969 925 993 fato
944 966 1003 992 ficri
1023 967 1102 990 caulis
1123 962 1354 994 antecedentibus,

309 1019 364 1037 non
377 1010 427 1036 hoc
439 1009 555 1044 intelligi
566 1008 689 1036 volumus
699 1028 706 1039 ,
724 1006 802 1032 caulis
818 1003 940 1038 pei-seclis
954 1007 979 1027 ct
993 999 1201 1035 principalibus,
1217 999 1260 1024 sed
1275 998 1354 1024 caulis

308 1046 512 1078 adiuuantibus,
537 1044 765 1073 antecedetitibffl,
793 1046 817 1065 ct
843 1038 981 1072 proximis.
1036 1036 1110 1062 Idem
1127 1035 1159 1061 de
1173 1036 1237 1061 Fato
1253 1040 1278 1064 18
1301 1043 1321 1060 c.
1337 1042 1353 1066 9

309 1083 380 1112 Non,
388 1081 500 1108 aeternis
514 1080 592 1108 causis
606 1086 712 1105 naturae
725 1076 867 1102 necestitate
880 1071 1046 1100 manantibus
1067 1081 1160 1098 verum
1174 1070 1209 1097 est
1224 1070 1264 1101 id,
1280 1069 1353 1104 qnod

308 1118 347 1144 ita
363 1118 535 1149 enunciatur,
560 1114 697 1142 Descendit
711 1113 738 1138 in
753 1110 922 1137 Academiam
936 1107 1083 1136 Carneades
1098 1118 1103 1133 :
1137 1116 1184 1133 nec
1200 1113 1287 1132 tamen
1302 1106 1354 1132 line

308 1153 398 1181 caulis.
448 1153 498 1179 Sed
515 1151 621 1178 interest
641 1150 711 1175 inter
725 1147 810 1173 causas
826 1146 941 1172 fortuito
959 1144 1130 1178 antegressas,
1146 1149 1171 1169 et
1185 1143 1255 1168 inter
1268 1143 1353 1168 causas

307 1189 461 1217 cohibentes
476 1189 503 1214 in
518 1189 541 1212 se
555 1185 721 1211 efficientiam
735 1182 890 1208 naturalem.
1009 1180 1065 1213 Qui
1081 1179 1253 1205 introducunt
1270 1178 1354 1204 causa-

309 1234 368 1252 rum
384 1225 477 1250 scriem
496 1221 697 1256 sempiternam,
718 1219 739 1245 ii
759 1224 875 1244 mentem
895 1216 1027 1248 hominis,
1048 1215 1185 1242 voluntate
1200 1214 1285 1240 libera
1299 1214 1356 1247 spo-

309 1261 414 1291 liatam,
438 1257 581 1284 necestitate
601 1257 650 1282 fati
672 1255 834 1281 deuinciunt.
907 1252 986 1279 Nihil
1007 1252 1067 1277 lieri
1087 1251 1140 1277 line
1158 1251 1231 1276 causa
1255 1249 1354 1284 potest,

306 1305 355 1322 nec
372 1294 516 1329 quidquam
530 1293 574 1324 fit,
592 1292 663 1327 quod
679 1292 738 1317 fieri
752 1300 806 1316 non
821 1288 921 1324 potest,
942 1288 994 1315 vid.
1011 1297 1035 1313 n.
1049 1296 1061 1313 2
1080 1287 1133 1313 fine
1147 1287 1230 1313 causa.
1250 1286 1307 1312 Cic.
1322 1285 1353 1311 de

308 1331 397 1358 Diuin.
413 1339 438 1361 2,
450 1332 479 1355 61
506 1339 526 1356 c.
538 1334 578 1358 28.
649 1327 722 1354 Idem
734 1327 808 1360 Top.
824 1328 854 1357 63
881 1334 902 1351 c.
919 1332 947 1359 17
974 1325 1042 1350 Cum
1057 1322 1125 1348 nihil
1142 1322 1194 1348 sinc
1209 1322 1283 1348 causa
1295 1321 1354 1352 liat,

307 1367 357 1392 hoc
370 1367 454 1400 ipsum
467 1364 504 1391 est
518 1365 641 1391 fortunae
655 1370 763 1389 euentus
776 1362 886 1387 obscura
900 1361 973 1387 causa
982 1380 990 1392 ‚
1009 1368 1076 1394 qnae
1089 1359 1175 1394 (sorte
1189 1360 1257 1392 qua)
1273 1357 1354 1384 laten-

307 1408 348 1429 ter
365 1400 487 1428 efficitur.
559 1401 590 1426 Et
607 1399 659 1427 Off.
675 1408 700 1431 ι,
715 1402 749 1433 67
776 1408 798 1424 c.
813 1406 846 1424 20
873 1397 956 1423 Causa
974 1402 1078 1427 autem,
1103 1401 1128 1420 ct
1148 1394 1218 1420 ratio
1238 1391 1353 1419 efficiens

307 1446 414 1472 magnos
430 1438 518 1469 viros,
539 1436 574 1462 est
594 1436 622 1462 in
642 1435 751 1470 priore:
776 1436 887 1469 loquitur
907 1432 935 1458 dc
955 1431 1116 1467 despicientia
1135 1439 1215 1457 rerum
1236 1430 1354 1455 humana-
1371 1442 1399 1467 3)-

306 1484 369 1501 rum.
441 1473 496 1500 Cic.
512 1472 564 1499 Off.
577 1481 603 1505 2,
619 1481 649 1504 :9
669 1481 690 1497 c.
705 1476 718 1500 8
747 1471 803 1496 Nec
819 1478 884 1495 vero
899 1477 1015 1503 vnquam
1029 1467 1163 1493 bellorum
1177 1465 1301 1491 ciuilium
1316 1465 1353 1490 sc-

307 1518 367 1536 men
383 1515 408 1535 et
420 1509 494 1535 causa
506 1507 599 1534 deerit.
655 1506 817 1540 Principium
831 1511 856 1531 et
869 1505 943 1531 causa
955 1502 1140 1538 philosophiae
1153 1501 1189 1527 est
1202 1500 1353 1531 inscientia,

299 1544 340 1579 fic
353 1545 489 1581 legentium,
509 1543 581 1569 Idem
598 1542 629 1569 dc
638 1543 824 1569 NaunaDeor.
842 1549 860 1572 ι,
877 1549 895 1566 ι.
1095 1540 1116 1575 “J
1138 1546 1153 1563 2
1195 1536 1354 1571 l'ariacfor-

305 1583 383 1607 mulae
397 1587 419 1606 ct
433 1578 637 1612 construffioncs.
674 1579 729 1604 Cic.
745 1577 776 1603 de
792 1578 893 1602 lnucnt.
907 1583 927 1607 ι,
942 1584 964 1601 ιι
990 1574 1172 1608 Qiamobrem
1187 1573 1271 1607 igitur
1284 1572 1354 1606 leges

307 1616 408 1643 seruari
428 1621 549 1650 oportet,
581 1614 620 1640 Ad
640 1622 697 1639 eam
717 1613 818 1638 cansam
837 1612 931 1645 scripta
950 1610 1119 1644 interpretari
1141 1609 1284 1640 conuenit,
1307 1616 1353 1634 etc.
1366 1626 1403 1650 40

305 1653 329 1679 h.
348 1661 367 1677 c.
389 1653 512 1687 Qsoniam
532 1650 642 1684 Reipubl.
657 1649 800 1684 struimur:
832 1657 861 1673 cx
880 1648 991 1681 Reipubl.
1010 1645 1131 1672 commodo
1148 1652 1220 1681 atque
1240 1646 1354 1671 utilitate

306 1689 370 1724 leges
388 1693 589 1725 mtegpretamur.
661 1684 733 1710 Idem
752 1684 783 1710 dc
803 1684 867 1709 Fato
891 1691 920 1713 23
947 1692 969 1709 c.
986 1691 1007 1708 11
1033 1681 1073 1708 Ad
1095 1681 1247 1707 animorum
1265 1686 1353 1706 motus

305 1722 471 1749 voluntarios
487 1730 540 1746 non
560 1720 597 1745 est
612 1719 774 1753 requirenda
794 1725 901 1744 exte-rna
915 1719 997 1744 causa.
1071 1719 1101 1743 Et
1121 1717 1153 1742 de
1167 1717 1260 1750 Arusp.
1275 1716 1352 1748 Resp-

307 1767 327 1791 1,
342 1767 369 1784 10
393 1757 475 1784 Nulla
495 1756 567 1782 enim
581 1757 664 1790 potest
677 1755 801 1789 cuiquam
820 1753 888 1779 male
906 1753 938 1778 de
953 1752 1064 1787 Republ.
1078 1751 1284 1778 merendidusta
1298 1751 1352 1776 Esse

305 1794 389 1819 causa.
461 1793 516 1818 Cic.
537 1791 568 1817 de
583 1791 640 1817 Fin.
660 1799 693 1823 4,
712 1799 727 1822 9
755 1791 815 1822 Qua
834 1788 965 1822 expolita,
986 1788 1051 1814 scire
1075 1788 1171 1822 cupio,
1188 1796 1255 1822 quae
1277 1786 1352 1812 causa
1367 1798 1400 1824 45

305 1828 351 1861 fit,
371 1830 425 1855 Cur
438 1829 509 1854 Zeno
523 1827 555 1853 ab
568 1827 676 1860 antiqua
691 1825 856 1851 institutione
870 1823 1019 1850 desciuerit.
1089 1824 1162 1849 Idem
1176 1832 1224 1857 pro
1236 1824 1324 1848 Domo
1340 1830 1352 1846 2

305 1865 362 1891 Erit
375 1864 466 1897 causa,
489 1865 549 1897 Qia
559 1862 700 1890 consilium
714 1862 848 1887 maiorum
861 1860 888 1885 in
902 1858 1062 1893 amplissimis
1081 1858 1147 1884 viris
1160 1859 1193 1884 ad
1209 1857 1354 1883 sacerdotia

305 1900 451 1934 deligendis
465 1900 524 1926 iure
541 1908 569 1925 ac
584 1899 683 1924 merito
697 1897 802 1923 laudare
817 1895 946 1930 pollimus.
1018 1893 1087 1919 Ter.
1101 1894 1166 1919 Eun.
1183 1901 1205 1925 ς,
1220 1895 1235 1918 6
1257 1894 1306 1923 (al.
1322 1896 1352 1923 ς)

305 1945 337 1969 3ο
364 1936 490 1970 Aliquam
503 1936 605 1962 causam
619 1937 761 1969 quaerebat
774 1933 866 1964 senex,
887 1928 1071 1964 Quamobrem
1085 1928 1183 1963 insigne
1198 1927 1302 1962 aliquid
1316 1928 1354 1952 sa-

306 1978 376 1999 cei-et
395 1972 437 1998 iis,
495 1972 526 1997 Et
540 1970 609 1997 Ibid.
624 1979 649 2001 1,
661 1978 688 2001 2,
702 1971 732 2001 63
757 1968 858 1994 Multae
877 1968 935 1993 sunt
954 1965 1059 1997 causae,
1079 1964 1256 1999 quamobrem
1274 1963 1354 1996 cupio
1371 1979 1403 2005 50

305 2007 444 2035 abducere.
514 2004 696 2032 Plaut.Aulul.
712 2013 732 2035 1,
746 2012 772 2033 2,
786 2012 815 2035 14
840 2004 882 2029 Ne
896 2003 986 2028 causae
1001 2000 1067 2035 quid
1082 2001 1129 2033 sit,
1150 1999 1231 2033 Qun!
1246 2005 1271 2025 te
1285 1999 1356 2033 quis-

306 2052 387 2078 quam
405 2041 544 2076 quaeritet.
616 2042 689 2066 Haec
712 2039 786 2064 causa
807 2038 856 2068 est,
881 2036 962 2070 Qlod
986 2037 1018 2061 lic
1042 2036 1143 2068 statuo,
1164 2043 1209 2062 etc.
1244 2035 1299 2061 Cic.
1322 2034 1354 2060 de

307 2080 400 2112 Arusp.
415 2077 490 2110 Resp.
504 2079 544 2108 36.
615 2075 689 2101 Idem
704 2075 775 2100 Fam.
793 2082 811 2105 1,
826 2081 842 2107 7
868 2071 950 2105 Quod
964 2071 981 2096 si
995 2071 1081 2097 rarius
1094 2071 1154 2102 fiet,
1174 2080 1255 2105 quam
1269 2077 1298 2096 tu
1312 2079 1355 2096 ex-

307 2113 452 2149 spectabis,
473 2111 500 2137 id
513 2111 566 2138 erit
581 2111 686 2143 causae,
707 2109 788 2142 Qnod
804 2117 858 2134 non
875 2117 931 2134 cius
952 2106 1053 2141 generis
1074 2114 1146 2132 nicae
1165 2106 1258 2131 literae
1278 2106 1354 2137 sunt,

307 2156 337 2177 vt
355 2158 397 2176 eas
412 2148 523 2175 audeam
543 2153 642 2173 temere
663 2145 839 2171 committere.
911 2143 979 2170 Ter.
995 2143 1060 2168 Hec.
1074 2150 1097 2173 3,
1112 2149 1136 2172 2,
1153 2148 1176 2172 13
1204 2141 1258 2166 Iam
1274 2140 1309 2165 Ea
1329 2147 1354 2164 te
1372 2151 1401 2177 55

308 2187 382 2212 causa
396 2184 511 2211 maxime
525 2182 576 2209 huc
589 2191 657 2208 nunc
673 2181 787 2207 introire
800 2179 873 2206 nolo.
933 2178 988 2206 Cic.
1006 2178 1059 2203 Att.
1072 2182 1096 2209 8,
1110 2179 1138 2202 16
1164 2176 1251 2201 Huius
1265 2182 1354 2200 autem

310 2220 435 2256 epistolae
453 2228 508 2245 non
527 2219 613 2245 solum
632 2218 667 2243 Ea
686 2217 759 2243 causa
773 2216 824 2248 est,
842 2221 885 2246 vt,
905 2221 951 2242 etc.
1023 2213 1073 2238 His
1088 2213 1127 2238 De
1147 2211 1227 2238 caulis
1247 2209 1356 2236 credere

308 2257 382 2284 Idem
396 2258 450 2281 Att.
465 2257 523 2287 6,1.
594 2253 631 2279 Ex
651 2253 743 2278 eadem
764 2252 837 2277 causa
860 2250 979 2276 Scribon.
992 2247 1070 2282 Epist.
1109 2267 1115 2273 .
1153 2266 1159 2273 .
1231 2247 1262 2273 In
1282 2246 1357 2272 causa

309 2291 486 2319 damnationis
505 2288 581 2315 fuisti
595 2299 600 2314 :
628 2288 726 2314 multos
741 2286 904 2317 offenderas,
924 2293 969 2311 etc.
994 2283 1127 2316 Qunfftil.
1144 2290 1171 2316 7,
1184 2291 1204 2314 ι,
1219 2290 1245 2315 ς3
1264 2281 1311 2316 fid
1322 2283 1355 2306 al.

309 2333 428 2354 omittunt
445 2324 658 2361 praepositionem.

309 2363 361 2390 tibi
374 2363 448 2389 causa
462 2360 545 2388 Nulla
558 2359 611 2391 est,
629 2367 675 2385 cur
695 2358 764 2384 hunc
785 2358 911 2383 miserum
932 2360 1004 2382 tanta
1025 2354 1173 2380 calamitate
1192 2351 1260 2378 affici
1274 2352 1357 2384 velis,

309 2406 355 2426 etc.
411 2398 482 2424 Idem
498 2397 551 2422 Att.
568 2404 602 2428 13,
615 2404 647 2422 22
668 2394 708 2420 De
721 2395 841 2420 Varrone
856 2393 920 2419 Non
934 2391 986 2417 fine
998 2390 1088 2420 causa,
1101 2389 1167 2424 quid
1180 2389 1232 2414 tibi
1248 2388 1358 2422 placeat,

309 2441 363 2462 tam
378 2433 519 2468 diligenter
531 2431 653 2466 exquiro.
673 2432 691 2457 i.
708 2439 755 2456 uon
762 2428 817 2463 fine
833 2428 906 2464 causa
918 2427 1004 2453 idonea
1017 2432 1040 2451 ct
1053 2427 1136 2461 graui.
1191 2425 1273 2450 Plaut.
1283 2424 1357 2457 Capt.

311 2478 334 2503 3,
355 2479 382 2504 4,
403 2478 434 2502 92
461 2468 572 2496 Nullam
593 2468 694 2493 causam
712 2465 789 2497 dico,
810 2464 876 2500 quin
896 2462 964 2489 mihi
983 2467 1008 2488 et
1029 2466 1167 2496 parentum
1188 2466 1213 2486 et
1227 2459 1359 2486 libertatis

310 2507 379 2540 apud
393 2511 418 2531 te
433 2504 549 2539 diliquio
564 2503 617 2529 fiet.

312 2542 416 2568 dentem
435 2550 493 2573 me,
513 2548 598 2571 vxor,
617 2538 701 2572 virgis
720 2537 853 2563 verberes.
925 2534 982 2562 Cic.
1003 2542 1052 2568 pro
1073 2531 1188 2565 Quintio
1207 2539 1239 2566 57
1269 2531 1358 2558 Nouis

313 2577 390 2605 Febr.
405 2576 422 2603 si
436 2578 536 2603 Romae
550 2576 613 2607 fuit,
627 2574 716 2600 causae
729 2573 798 2599 nihil
814 2572 940 2602 dicimus,
954 2570 1020 2605 quin
1033 2568 1085 2596 tibi
1099 2567 1285 2594 vadimonium
1297 2575 1358 2601 pro-

493 2612 562 2638 Ter.
578 2611 656 2637 Phor.
672 2617 695 2642 ς,
709 2617 731 2641 ς,
745 2617 781 2642 42
801 2609 866 2635 Non
880 2608 982 2633 causam
995 2605 1070 2637 dico,
1091 2604 1173 2638 quin,
1191 2603 1263 2638 quod
1278 2603 1358 2629 meri-

586 2646 641 2673 Cic.
662 2645 693 2671 de
706 2647 780 2672 Orat.
795 2653 820 2676 2,
841 2648 872 2676 89
898 2643 937 2669 De
958 2650 1000 2668 me
1018 2646 1106 2668 autem
1125 2640 1200 2666 causa
1216 2638 1297 2666 Nulla
1311 2638 1358 2670 est,

1372 551 1401 568 10

1368 906 1403 924 20

313 2613 423 2640 miserit.

312 2655 352 2676 tus
365 2648 417 2680 est,
438 2647 514 2673 ferat.

311 2694 358 2712 cur
372 2682 441 2718 apud
455 2681 576 2709 homines
590 2680 798 2715 prudentissimos
810 2685 889 2714 atque
904 2676 1070 2705 amiciffimos
1087 2675 1210 2702 mentiar.

313 2720 345 2748 de
358 2719 428 2747 Clar.
442 2721 518 2745 Orat.
529 2726 563 2752 27
581 2716 702 2751 ¹<sanandos
720 2722 794 2742 crant
813 2715 918 2746 verbis,
939 2713 1028 2740 crebri
1042 2711 1194 2743 sententiis,
1212 2709 1358 2745 compressi-

312 2765 364 2783 one
381 2763 471 2782 rerum
493 2754 601 2783 breues,
621 2758 645 2777 et
666 2750 709 2778 Ob
732 2760 790 2778 eam
811 2751 838 2785 ip
866 2759 892 2777 m
916 2750 1018 2776 causam
1038 2747 1203 2775 subobscuri.
1272 2747 1359 2780 Origo

313 2792 398 2827 prima
412 2790 502 2817 causae
514 2788 580 2816 Cels.
594 2788 676 2822 praef.
696 2787 743 2813 Per
754 2788 828 2813 causa
869 2784 1013 2820 pabulandi
1025 2784 1098 2811 Caes.
1111 2784 1140 2810 B.
1155 2783 1185 2809 C.
1199 2791 1222 2816 3,
1236 2784 1279 2816 76.
1321 2781 1359 2808 Id.

312 2837 336 2861 3,
355 2832 387 2862 87
411 2826 468 2859 Qu
481 2826 529 2852 Per
541 2825 644 2851 causam
655 2822 814 2849 valetudinis
832 2822 1022 2849 remanserunt.
1094 2821 1126 2846 Et
1139 2819 1205 2845 Bell.
1220 2818 1288 2844 Gall.
1301 2825 1328 2852 7,
1343 2826 1359 2850 9

314 2866 348 2891 At
360 2864 456 2889 Caesar
469 2860 582 2887 biduum
594 2860 622 2886 in
636 2858 669 2885 iis
684 2858 749 2884 locis
762 2863 940 2884 commoratus
949 2876 956 2887 ,
977 2857 1028 2883 Pro
1041 2855 1116 2882 causa
1130 2854 1313 2889 supplementi,
1326 2853 1359 2893 ab
1377 2861 1410 2890 75
1425 2855 1610 2883 Horat,Serm‚
1622 2864 1641 2888 1,
1654 2863 1678 2888 3,
1691 2859 1733 2886 108
1752 2855 1823 2881 Nam
1837 2855 1889 2881 fuit
1902 2861 1963 2881 ante
1975 2854 2107 2881 Helenam
2122 2863 2223 2881 cunnus
2236 2853 2337 2881 Τρία-χε

313 2899 432 2926 exercitu
448 2896 566 2923 discedit.
639 2894 695 2920 Cic.
708 2902 756 2928 pro
768 2893 830 2926 Syll.
846 2901 876 2925 23
900 2892 950 2919 Sed
964 2898 1052 2919 tamen
1071 2897 1098 2917 te
1113 2899 1127 2917 a
1140 2899 1183 2916 me
1195 2891 1245 2916 Pro
1257 2898 1359 2923 magnis

314 2934 394 2962 causis
412 2933 516 2960 nostrae
535 2929 728 2958 necessitudinis
747 2928 909 2955 monendum
927 2928 976 2954 effe
997 2928 1078 2954 etiam
1094 2931 1172 2961 atque
1189 2925 1269 2952 etiam
1284 2931 1359 2960 puto.

1103 2963 1140 2988 Ex
1154 2960 1273 2996 qualibet
1286 2961 1360 2987 causa

314 2972 376 3004 Qia
390 2970 429 2997 Dc
442 2969 516 2996 causa
530 2967 590 3004 quis
603 2965 668 3001 quid
681 2965 774 2992 sentiat
788 2964 860 2991 Idem
873 2962 925 2990 Off.
941 2972 960 2995 1,
973 2971 1030 2998 147.
1044 2998 1092 3024 Cic
1107 2998 1182 3025 Tusc
1203 3006 1215 3030 3
1243 3005 1253 3023 ι
1274 2996 1348 3030 Qlid

1095 3018 1100 3023 .
1185 3017 1191 3024 .
1218 3017 1227 3030 ,
1350 3013 1359 3018 -

313 3005 398 3034 scrib.
412 3014 464 3037 101,
479 3006 530 3038 165.
600 3000 728 3036 Qualibet
741 3001 816 3027 causa
829 2999 902 3026 Idem
916 3001 973 3024 262.

314 3051 376 3069 nam
390 3042 438 3068 ess'e
452 3041 547 3073 Brute,
567 3040 656 3065 causae
674 3043 764 3072 putem
773 3056 781 3070 ,
800 3036 856 3063 Cur
869 3043 953 3070 quum
966 3033 1128 3066 constemus,
1148 3040 1194 3059 etc.

315 3079 397 3105 Serm.
411 3086 431 3109 1,
445 3084 465 3109 1,
479 3085 511 3102 20
533 3074 607 3109 Qid
619 3074 708 3100 causae
722 3073 774 3105 est,
793 3071 891 3099 merito
904 3070 970 3106 quin
982 3069 1035 3095 illis
1049 3070 1168 3103 Iuppiter
1182 3067 1271 3095 ambas
1307 3069 1360 3094 Ira-

315 3120 356 3140 tus
377 3114 469 3140 buccas
481 3112 557 3139 inflet
571 3111 579 3136 Ξ
649 3109 705 3136 Cic.
719 3108 751 3135 de
763 3109 865 3135 Inucnt.
878 3115 904 3139 2,
918 3108 953 3132 60
972 3105 1103 3131 Atrocitas
1117 3104 1276 3130 iniuriarum
1289 3104 1361 3130 satis-

316 3158 348 3175 ne
368 3149 458 3175 causae
475 3147 522 3180 fit,
543 3147 633 3180 Quare
646 3145 708 3171 dum
718 3165 725 3177 ,
746 3151 792 3170 etc.
866 3142 940 3169 Idem
947 3141 979 3168 de
991 3141 1056 3167 Fato
1064 3148 1086 3172 ς,
1096 3148 1130 3174 24
1143 3148 1194 3166 c.11
1215 3139 1361 3166 Communi

317 3183 504 3210 consuetudine
528 3181 656 3209 sermonis
684 3180 836 3212 abutimur,
865 3187 926 3204 cum
949 3178 987 3203 ita
1009 3175 1135 3206 dieinms,
1161 3174 1236 3201 Velle
1256 3175 1360 3210 aliquid

317 3220 482 3254 quempiam,
505 3225 550 3246 aut
563 3218 634 3244 nolle
648 3217 708 3244 Sine
721 3216 804 3242 causa.
838 3215 878 3241 Ita
890 3213 962 3240 enim
976 3212 1087 3238 dicimus
1100 3212 1161 3237 Sine
1174 3211 1263 3243 causa,
1279 3219 1306 3237 vt
1319 3211 1360 3237 di.
1376 3218 1406 3247 ες

316 3263 403 3281 camus
417 3255 468 3281 sine
484 3260 591 3281 externa
605 3260 631 3280 et
644 3251 807 3279 antecedenti
821 3251 896 3276 causa
905 3270 912 3282 ,
929 3257 984 3275 non
997 3247 1049 3274 fine
1061 3246 1158 3281 aliqua.
1194 3247 1228 3273 Vt
1242 3256 1300 3273 cum
1314 3256 1359 3274 vas

317 3291 395 3318 inane
408 3290 540 3321 dictutus,
553 3298 608 3316 non
621 3289 658 3315 ita
671 3289 825 3323 loquimur,
843 3291 872 3312 vt
887 3284 1004 3318 Physici,
1021 3282 1118 3318 quibus
1133 3283 1210 3308 inane
1224 3283 1272 3309 ess'e
1290 3282 1361 3309 nihil

318 3326 422 3362 placet;
446 3325 489 3351 sed
507 3325 558 3356 ita,
577 3331 606 3352 vt
626 3324 704 3352 verbi
723 3323 797 3350 causa
818 3321 870 3348 sine
888 3329 971 3356 aqua,
993 3319 1045 3346 fine
1057 3318 1137 3348 vino,
1156 3318 1208 3343 sine
1220 3318 1297 3351 oleo,
1315 3327 1360 3346 vas

317 3362 367 3390 effe
381 3360 512 3392 dicamus,
532 3367 578 3387 etc.
628 3361 766 3396 Sequuntur
781 3361 844 3385 enim
852 3357 974 3398 plufiula.
1003 3366 1009 3375 ·
1048 3354 1104 3381 Cic.
1119 3362 1168 3388 pro
1182 3354 1255 3380 Rosc.
1270 3356 1359 3381 Amer.

317 3405 350 3434 73
377 3396 434 3430 Qui
454 3395 619 3429 intelligunt,
631 3397 764 3422 neminem
787 3402 821 3420 ne
837 3394 981 3420 minimum
997 3390 1108 3426 quidem
1123 3388 1282 3416 maleficium
1299 3390 1360 3417 Sine
1373 3398 1410 3423 90
1425 3398 1451 3418 et
1465 3391 1546 3427 quid,
1565 3398 1612 3419 etc.

317 3433 392 3460 causa
408 3430 558 3459 admittere.
614 3432 686 3458 Idem
700 3440 749 3466 pro
759 3430 836 3457 Rosc.
850 3429 940 3456 Amer.
954 3436 990 3461 40
1016 3424 1165 3454 Verisimile
1178 3433 1232 3451 non
1245 3424 1280 3451 est
1295 3425 1361 3452 odio

317 3469 392 3496 fuitl'c
407 3466 508 3503 parenti
521 3466 608 3492 fllium
620 3467 680 3493 Sine
692 3467 771 3494 causis
783 3465 883 3497 multis,
896 3470 922 3490 et
935 3462 1052 3498 magnis,
1065 3467 1091 3488 et
1103 3461 1257 3488 necess'ariis.
1294 3461 1361 3488 Scri-

316 3504 482 3538 bon.C0mp.
497 3510 542 3535 ¹42
562 3501 711 3528 Tenesmus
726 3502 762 3528 cst
777 3500 895 3528 irritatio
908 3499 1016 3526 vltimae
1029 3498 1111 3532 partis
1125 3495 1222 3534 directi
1235 3496 1363 3530 intestini,

317 3541 346 3567 in
358 3548 413 3575 quo
424 3538 523 3566 vltimo
536 3537 636 3570 saepius
650 3537 717 3564 libet
728 3538 869 3572 defin-gere
882 3536 943 3563 Sine
956 3534 1046 3566 causa,
1071 3539 1152 3568 nempe
1165 3534 1220 3566 Jme
1234 3532 1305 3567 causa
1318 3543 1361 3559 na-

317 3580 394 3603 turali
403 3595 412 3608 ,
430 3582 491 3611 quae
502 3573 570 3600 illam
588 3572 734 3609 dejiirgcndi
748 3573 874 3599 libidinem
889 3572 955 3598 alias
967 3577 1061 3596 mouere
1071 3568 1146 3603 solet.

318 3620 344 3643 2,
357 3620 384 3643 55
407 3612 441 3637 Vt
454 3609 538 3644 igitur
551 3609 582 3634 In
596 3607 740 3634 seminibus
752 3609 826 3634 causa
837 3607 874 3634 est
886 3606 1014 3634 arborum
1025 3610 1052 3631 et
1065 3603 1187 3638 stirpium
1202 3612 1207 3628 :
1237 3602 1268 3628 lic
1282 3603 1360 3630 hmus

318 3645 497 3673 luctuosissimi
515 3643 580 3671 belli
598 3644 686 3670 semen
705 3649 733 3669 tu
753 3643 835 3670 fuisti.
1085 3647 1098 3672 3
1134 3639 1247 3665 thitiui
1265 3648 1361 3672 rerum,

317 3691 420 3722 gaarma
440 3680 512 3717 causti
529 3679 643 3707 dicitur.-
680 3678 736 3705 Cic.
749 3679 802 3704 Att.
816 3683 840 3710 8,
854 3685 883 3705 21
909 3675 1089 3712 Lippitudinis
1106 3681 1180 3701 meae
1194 3673 1293 3707 iignum
1309 3675 1361 3702 tibi

320 3720 351 3743 ht
370 3717 477 3743 librarii
491 3724 597 3747 manus,
615 3720 642 3742 ct
662 3713 753 3741 eadem
772 3714 847 3740 causa
869 3712 1019 3740 Breuitatis.
1090 3709 1164 3738 Ideni
1185 3708 1213 3735 in
1226 3709 1310 3736 Pison.
1327 3713 1360 3741 68

321 3752 385 3779 Non
400 3760 440 3778 me
454 3752 560 3779 hercule
574 3749 762 3778 Contumeliae
774 3749 848 3774 causa
861 3748 1007 3775 describam
1020 3753 1189 3783 quemquam,
1206 3745 1359 3779 praesertim
1368 3754 1416 3772 100
1424 3747 1520 3776 Dicere
1539 3756 1599 3774 cum
1617 3748 1692 3774 causa
1709 3746 1813 3782 aliquid
1830 3745 1904 3773 Idem
1923 3743 1956 3771 de
1969 3744 2043 3771 Orat.
2055 3751 2081 3775 2,
2094 3751 2148 3778 247
2173 3753 2195 3771 c.
2208 3746 2251 3771 60.
2274 3745 2295 3773 i.

320 3787 485 3821 ingeniosum
505 3787 642 3815 hominem
664 3791 743 3820 atque
763 3782 914 3815 eruditum,
937 3790 983 3809 etc.
1053 3782 1123 3809 Ter.
1143 3781 1209 3808 Eun.
1232 3787 1261 3813 ς,
1282 3788 1312 3813 2,
1331 3786 1359 3813 38

320 3823 409 3848 Vnum
428 3821 477 3848 hoc
495 3823 576 3856 scito,
603 3819 790 3850 Contumeliae
813 3827 867 3844 non
889 3826 932 3844 me
955 3818 1041 3845 fecisse
1064 3817 1154 3850 causa,
1181 3814 1225 3842 sed
1245 3817 1360 3842 Amoris.

319 3857 430 3885 Decor-is
449 3858 524 3884 causa
547 3857 678 3892 Quinetil.
692 3865 714 3889 3,
727 3860 750 3886 8.
821 3853 877 3880 Cic.
891 3853 923 3879 de
939 3853 1010 3880 Clar.
1023 3854 1098 3881 Orat.
1112 3854 1144 3884 86
1169 3851 1218 3884 Sc,
1237 3859 1305 3886 quac
1324 3851 1361 3878 fe-

320 3893 390 3920 cisset
405 3892 515 3918 honoris
527 3901 622 3920 eorum
635 3893 724 3923 causa,
744 3888 860 3917 studiose
878 3895 1049 3924 accurateque
1068 3888 1163 3916 seciss'e.
1233 3887 1307 3913 Idem
1327 3886 1360 3913 de

319 3929 378 3958 Fin-
399 3936 411 3954 2
419 3946 428 3960 ,
459 3929 494 3953 66
514 3935 535 3952 c.
554 3931 591 3956 zo
636 3928 688 3955 Hie
705 3926 785 3954 dolor
797 3924 892 3959 Populi
903 3924 1014 3952 Roman.
1025 3924 1092 3951 duce
1109 3929 1136 3951 et
1148 3921 1257 3950 auctore
1268 3922 1362 3954 Bruto,
1373 3931 1416 3957 ¹05
1425 3925 1549 3957 scientia,
1567 3924 1611 3951 vel
1625 3924 1656 3951 in
1666 3923 1721 3957 Exp
1732 3921 1831 3948 itandis
1844 3919 1924 3949 causis
1937 3928 2028 3947 rerum
2040 3930 2170 3949 nouarum
2177 3939 2188 3954 ‚
2209 3927 2253 3948 m.
2293 3923 2296 3927 ’

1392 1087 1402 1094 -
1420 1072 1522 1098 venire.

732 2323 787 2348 Cic.
808 2330 856 2355 pro
876 2322 951 2347 Rosc.
967 2321 1055 2345 Amcr.
1072 2320 1119 2351 146
1145 2327 1167 2343 c.
1183 2326 1213 2350 50
1240 2316 1321 2349 Quod
1338 2316 1356 2341 fi
1377 2327 1412 2351 60
1424 2318 1442 2344 li
1453 2325 1544 2344 natum
1564 2327 1596 2344 cx
1614 2318 1743 2352 Pamphil.
1780 2318 1813 2344 D.
1828 2317 1860 2344 de
1874 2326 1971 2352 captui.
1991 2326 2017 2344 et
2037 2317 2152 2352 postliiu.
2166 2319 2264 2345 reuers.

671 2503 701 2541 iit
715 2501 798 2528 Calin.
820 2509 843 2533 ς,
862 2509 890 2533 4,
903 2508 939 2532 24
959 2497 1041 2524 Nulla
1054 2497 1127 2525 causa
1141 2495 1193 2529 est,
1217 2496 1281 2530 quin
1297 2503 1357 2529 pen·
1377 2498 1408 2529 65
1423 2506 1477 2523 non
1497 2497 1549 2529 est,
1575 2496 1619 2523 sed
1638 2503 1749 2530 natura,
1781 2497 1835 2524 vid.
1858 2504 1883 2523 M
1896 2504 1914 2522 v
1926 2503 1991 2523 To.

1282 2674 1357 2701 Idem
1371 2686 1407 2714 70
1423 2675 1453 2702 sis
1467 2677 1524 2703 Cic.
1537 2677 1612 2704 Verr.
1625 2685 1650 2709 2,
1689 2696 1695 2702 .
1731 2695 1738 2702 .
1775 2695 1782 2702 .

1265 3033 1359 3059 Horat.
1375 3041 1408 3067 80
1424 3035 1523 3061 Graeca
1536 3034 1624 3068 legere
1639 3034 1752 3065 malent,
1771 3033 1818 3068 qui
1837 3035 1915 3059 erunt
1928 3032 2046 3065 eruditi,
2066 3039 2110 3059 aut
2118 3052 2128 3066 ,
2145 3039 2189 3058 erc.

1204 3568 1234 3593 Et
1248 3567 1361 3608 Philipp.
1377 3578 1409 3605 95
1426 3570 1483 3596 Cic.
1497 3569 1610 3605 Philipp.
1624 3577 1648 3603 ι,
1661 3576 1688 3603 53
1709 3577 1732 3596 c.
1745 3577 1773 3595 22
1790 3569 1840 3596 Tu
1859 3569 1981 3604 princeps
1995 3567 2099 3595 Caesari
2118 3568 2221 3594 causam
2239 3566 2302 3594 belli
2313 3573 2333 3593 -c

1815 128 2060 169 CAV

1414 216 1488 241 cansa
1502 217 1605 243 ciuitati
1623 217 1753 245 libertatis
1769 217 1829 244 fuit.
1900 217 2034 243 Malorum
2052 218 2126 245 causa
2143 219 2195 245 suit
2214 219 2369 248 adolescenti
2387 214 2443 251 Cicl

1417 251 1549 291 proqCael.
1563 258 1599 293 ¹13.
1668 254 1747 280 Plani.
1763 253 1830 280 Rud.
1846 262 1865 286 ι,
1884 262 1907 285 z,
1922 261 1947 285 ,Ἰ
1973 253 2033 278 Mea
2047 254 2152 286 quidem
2173 255 2260 281 hercle
2274 257 2345 282 causa
2363 257 2428 286 saluo
2438 239 2444 269 '¹¹

1416 289 1448 312 hs
1462 286 1532 312 hcet.
1557 297 1575 313 r.
1587 297 1630 323 ego
1644 299 1690 316 non
1706 290 1838 316 intrrcfdo.
1910 290 1969 315 Mea
1978 307 1987 320 ,
2004 288 2094 321 causa,
2114 295 2157 315 tua
2170 292 2259 323 causa,
2272 290 2354 317 vestra
2365 284 2443 321 causa¹

1417 322 1481 357 quod
1495 323 1585 358 vulgus
1597 326 1675 357 wit,
1696 325 1795 352 Amore
1809 324 1878 356 mei,
1897 325 1955 356 tui,
1974 323 2069 349 vestri.-
2132 325 2198 351 Ter.
2215 326 2243 352 in
2263 326 2329 360 prol.
2345 327 2404 355 Hce.
2415 317 2443 355 :s

1417 358 1480 398 Mea
1489 359 1564 397 causa
1576 366 1663 397 'aequo
1677 361 1765 387 animo
1778 360 1912 387 attendite.
1976 359 2032 385 Cic.
2047 359 2100 385 Att.
2115 367 2148 391 ιι,
2161 365 2174 389 8
2198 361 2242 387 Sin
2256 361 2352 388 vellent
2363 351 2439 391 ntzstr:>

1418 397 1508 432 caula,
1523 392 1592 419 nihil
1607 395 1674 433 poss'e
1689 396 1741 421 illis
1755 397 1856 423 inuitis.
1919 395 1982 422 Non
1997 400 2049 420 tam
2062 402 2119 420 mea
2132 396 2220 427 causa,
2239 405 2315 430 quam
2330 393 2430 432 Reipubl

1418 437 1527 454 nornine
1548 428 1620 454 Idem
1635 438 1664 454 in
1677 431 1734 456 Vat.
1755 441 1776 458 c.
1790 441 1811 464 3.
1883 433 1914 458 Et
1932 431 1964 457 de
1979 430 2084 456 Amicit.
2097 437 2133 464 97
2159 431 2247 463 Qiam
2264 432 2344 458 multa
2362 432 2425 461 cuim
2439 434 2444 457 l
2466 426 2474 463 ¹.

1417 473 1484 499 qnae
1498 464 1673 505 nostra-'causa
1687 475 1820 500 nunquam
1833 468 1987 499 faceremus,
2001 466 2111 492 facimus
2125 467 2199 491 causa
2211 466 2364 497 amicorum.
2393 470 2431 498 Cic
2463 483 2474 497 ι.

1418 502 1471 526 Au.
1489 508 1523 533 ις,
1537 509 1549 532 3
1575 501 1725 540 hxuscausa
1744 508 1769 527 et
1787 504 1865 537 cupio
1885 510 1910 529 et
1924 502 2016 529 debeo.
2050 504 2068 527 i.
2076 500 2154 536 faetta
2166 502 2220 533 illi,
2239 508 2268 527 vt
2283 501 2357 528 debeo.
2395 502 2431 533 'ld
2463 516 2474 534 η

1420 537 1492 562 Fam.
1509 545 1529 568 1,
1543 545 1552 562 1
1577 537 1656 570 Regis
1670 537 1760 569 causa,
1780 537 1797 563 fi
1817 539 1864 572 qui
1883 540 1955 571 sunt,
1974 538 2022 573 qui
2041 537 2142 569 velint,
2159 537 2206 571 qui
2225 538 2302 570 pauci
2320 538 2390 572 sunt,
2402 530 2474 573 cep'g'n

1419 570 1461 605 13st
1473 572 1531 598 haec
1544 571 1660 607 quaedam
1673 575 1798 598 amicitiae
1811 573 1942 608 descriptio
1956 584 1966 603 ;
1990 572 2024 606 .st
2043 575 2106 598 cuim
2115 591 2121 602 ,
2142 579 2170 598 ct
2190 575 2228 598 ait
2241 572 2295 599 Cic.
2309 572 2339 599 de
2351 570 2442 604 Inuem’
2472 584 2474 590 ’

1418 616 1444 640 2,
1454 610 1499 649 166
1517 615 1573 648 4:55
1592 608 1718 634 Amicitia
1732 609 1853 634 voluntas
1866 618 1926 643 erga
1942 609 2057 644 aliquem
2071 617 2160 634 rerum
2175 607 2304 634 bonarum
2316 607 2353 635 1L
2361 604 2431 638 LIV.
2470 601 2474 608 ⁴

1417 644 1430 670 Ι
1439 644 1476 669 PS
1485 644 1496 669 I
1505 645 1526 668 V
1536 646 1550 669 S
1585 644 1606 669 C
1616 644 1635 669 A
1646 644 1666 668 V
1675 644 1689 669 S
1699 645 1718 669 A
1727 663 1736 676 ,
1762 654 1842 679 quem
1854 644 1959 678 diligit,
1980 655 2039 671 cum
2054 645 2110 670 eius
2127 643 2184 678 pari
2198 642 2340 670 voluntate.
2378 639 2447 675 Idea*

1420 679 1492 704 Fam.
1508 687 1529 710 3,
1543 681 1561 720 6
1587 679 1613 704 Si
1630 685 1723 705 natura
1736 687 1761 705 cs
1776 681 1912 714 φιλαίτιος,
1931 680 1998 706 illud
2016 689 2070 707 non
2090 679 2222 714 perficies,
2240 687 2293 713 quo
2310 679 2431 717 minus-tii

1418 714 1494 739 causa
1508 721 1600 740 velim.
1655 715 1716 741 Mea
1731 716 1804 742 causa
1818 716 1900 741 abesse
1913 722 1938 741 te
1951 716 2059 742 moleste
2073 716 2146 745 sero,
2167 721 2213 740 tna
2227 714 2326 748 gaudeo
2339 715 2432 745 Ill-Fam

1419 754 1505 789 15,·18.
1575 750 1681 784 leian.
1696 751 1724 777 in
1739 751 1755 777 l.
1776 751 1802 777 Si
1814 752 1965 785 gratuitam.
1989 750 2187 787 §.Papinianus
2201 751 2248 776 lib.
2264 755 2277 779 8
2296 750 2326 776 D.
2339 749 2369 778 de
2379 751 2432 789 Prae

1419 785 1506 819 script.
1516 785 1589 812 verb.
1612 787 1637 812 Si
1651 796 1716 813 vcro
1729 787 1783 812 inci
1797 787 1920 813 duntaxat
1928 788 2002 813 causa
2011 787 2100 813 datum
2114 787 2160 819 cst,
2174 786 2268 812 dolum
2280 785 2373 813 solum:
2389 797 2404 825 ῃ

1418 829 1502 861 prope
1515 821 1661 858 depolitum
1682 822 1730 848 hoc
1744 823 1852 849 accedit.
1924 823 1980 849 Cic.
1995 823 2105 857 Philipp.
2121 831 2153 855 9,
2167 830 2184 856 7
2206 831 2228 847 c.
2242 829 2254 853 3
2277 821 2300 846 Is
2316 819 2387 854 enini.

1419 856 1492 896 tecto
1504 864 1618 884 mortem
1633 858 1736 891 attulit,
1755 859 1801 893 qui
1817 858 1913 884 Mortis
1927 859 2001 885 causa
2015 859 2076 885 suit.
2149 858 2231 883 Plaut.
2249 856 2326 883 Most.
2336 864 2380 890 ¹2„-

1420 893 1477 925 Qu
1491 892 1568 919 hastis
1581 894 1662 920 trium
1693 904 1836 921 munorum
1861 894 1935 920 causa
1950 894 2059 920 subeunt
2073 893 2119 920 sub
2133 893 2207 919 falas·
2262 892 2317 919 Cic.
2330 892 2345 919 d

1420 931 1453 969 ²2⁶
1479 938 1501 954 c.
1515 934 1532 969 8.
1553 929 1623 956 Nam
1637 930 1763 957 militares
1783 930 1893 964 quidem
1905 930 1986 956 etiam
2004 929 2037 956 ab
2050 930 2083 956 iis
2104 929 2287 964 percipiuntur
2306 928 2344 954 sae

1419 965 1586 991 simulatione
1617 966 1751 992 amicitiae
1778 966 1900 992 coluntur
1914 985 1922 998 ,
1956 971 1982 992 et
2009 965 2183 992 obseruantur
2211 965 2286 990 causa
2307 964 2336 990 T
2383 993 2384 996 Ἴ

1419 1000 1500 1026 Ouid.
1517 1001 1603 1027 Trist.
1620 1012 1647 1036 4,
1665 1011 1702 1034 ιο,
1717 1011 1751 1035 99
1775 1002 1858 1028 Causa
1875 1009 1947 1027 meae
1961 1000 2061 1027 cunetis
2074 1001 2189 1026 nimium
2205 1007 2310 1034 quoque
2324 1008 2358 1026 no
2371 1014 2384 1030 ⁷.-
2404 998 2420 1025 ’π
2442 1028 2444 1030 ,

1419 1045 1477 1062 nac.
1520 1049 1524 1054 ·
1551 1037 1605 1063 Cic.
1621 1040 1674 1064 Att.
1688 1043 1710 1070 8,
1724 1046 1746 1064 11
1772 1038 1799 1064 Si
1817 1047 1858 1064 me
1880 1037 1961 1063 vellet
1981 1036 2026 1063 sua
2039 1045 2083 1063 aut
2098 1035 2223 1071 Reipubl.
2236 1036 2309 1062 causa
2323 1035 2385 1062 Luc:
2413 1028 2436 1058 '4'
2467 1060 2469 1065 ,

1502 1107 1506 1112 .
1595 1074 1723 1108 leianus
1743 1074 1770 1099 in
1790 1073 1806 1099 l.
1823 1074 1890 1100 Eum
1903 1073 1958 1108 qui.
1978 1071 2077 1109 §.Sed
2090 1078 2115 1099 et
2128 1071 2156 1098 fi.
2183 1072 2215 1098 D.
2230 1071 2382 1098 Commod·
2424 1078 2435 1105 ’ᾔ

1420 1116 1486 1134 vero
1500 1108 1554 1142 ipse
1565 1128 1572 1140 ,
1587 1110 1636 1148 ‘cui
1650 1110 1737 1136 voluit
1749 1109 1894 1141 commitit,
1914 1117 1999 1143 aeque
2013 1108 2082 1134 mihi
2098 1108 2202 1142 culpam
2216 1106 2369 1141 praestabit,
2382 1121 2384 1124 ·
2416 1107 2428 1143 -.
2440 1123 2442 1131 ·
2463 1104 2466 1105 ⁷

1420 1145 1494 1170 causa
1506 1152 1614 1178 accepit.
1686 1146 1813 1172 Timoris
1826 1146 1895 1172 inter
1908 1145 1994 1171 causas
2008 1144 2106 1170 dicitur
2119 1146 2166 1170 else
2181 1144 2334 1178 quippiam,
2351 1152 2382 1172 υι,
2418 1133 2443 1176 ..1

1422 1187 1493 1206 TER.
1566 1181 1620 1207 Cic.
1634 1180 1665 1206 de
1677 1182 1742 1207 Fato
1757 1190 1783 1207 ιι
1804 1190 1824 1207 c.
1840 1184 1855 1207 6
1879 1181 1906 1207 Si
1919 1181 1997 1215 quis,
2013 1179 2096 1207 Verbi
2110 1181 2201 1212 caula,
2221 1180 2324 1205 oriente
2336 1179 2389 1208 (ἰαί
2415 1190 2424 1201 1=

1421 1222 1495 1256 natus
1509 1215 1561 1248 est,
1583 1216 1604 1242 is
1619 1216 1646 1242 in
1662 1217 1728 1243 mari
1742 1225 1796 1242 non
1809 1217 1950 1243 morietur.
1994 1219 2012 1242 i.
2036 1217 2147 1251 Exempli
2159 1218 2254 1252 gratia.
2309 1212 2373 1248 Viae
2414 1208 2427 1232 ’1

1421 1251 1580 1291 Ouid-Met.
1596 1261 1618 1284 2,
1633 1261 1666 1284 33.
1739 1253 1798 1278 Liu.
1812 1262 1851 1286 31,
1871 1261 1898 1279 12
1925 1252 2070 1279 Piacularia
2105 1266 2150 1271 —-—
2186 1250 2247 1278 fieri
2265 1249 2340 1277 causa
2420 1268 2425 1281 a

1420 1287 1468 1313 dae
1482 1287 1644 1314 Violationis
1658 1288 1714 1314 eius
1727 1289 1829 1322 templi.
1902 1288 1998 1322 Virgil.
2011 1288 2066 1314 Ecl.
2080 1296 2105 1321 1,
2126 1294 2160 1321 27
2187 1287 2218 1313 Et
2237 1294 2304 1321 quae
2321 1284 2372 1313 tan'
2386 1301 2388 1307 ν
2410 1291 2435 1310 ¹sl

1420 1323 1533 1349 Romam
1546 1323 1597 1350 tibi
1610 1325 1684 1350 causa
1697 1323 1824 1352 videndiZ
1879 1325 1962 1351 Causa
1975 1324 2088 1358 virginis
2104 1323 2157 1349 feci
2172 1323 2239 1350 Ter.
2253 1323 2318 1348 Eun.
2334 1329 2353 1355 ι,
2367 1320 2390 1351 5¹,
2408 1314 2435 1341 (Ψ

1417 1362 1437 1385 ι’.
1450 1361 1477 1384 in
1490 1360 1557 1385 iliius·
1569 1363 1687 1396 gratiam.
1761 1361 1817 1386 Cic.
1833 1360 1865 1386 de
1877 1361 1936 1387 Fin.
1953 1369 1973 1392 ι,
1986 1362 2015 1386 16
2038 1359 2193 1393 Voluptates
2207 1351 2375 1385 omittantur':
2384 1372 2393 1381 υ
2404 1349 2427 1380 11

1418 1404 1478 1421 rum
1492 1395 1666 1430 Voluptatum
1681 1395 1907 1430 adipiscendarum
1922 1397 1995 1422 causa
2009 1396 2114 1422 Lucret.
2127 1404 2155 1428 4,
2165 1400 2216 1428 840
2235 1393 2336 1420 Haudi

1419 1436 1493 1457 tuere
1508 1432 1606 1458 Vtcndi
1627 1433 1740 1458 crescere
1755 1433 1837 1459 causa.
1907 1432 2012 1459 Lucrct.
2028 1438 2051 1464 3,
2064 1434 2110 1461 868
2136 1432 2213 1464 Qiae
2231 1429 2321 1456 damus

1419 1475 1515 1492 eorum
1531 1468 1648 1502 praemia
1663 1469 1747 1494 causa.
1987 1477 2005 1501 4
2042 1468 2158 1502 Epithem
2170 1477 2179 1491 :
2213 1465 2312 1492 Abdita
2318 1485 2331 1498 ,¹

1419 1509 1537 1530 DlTVM.
1610 1503 1791 1536 Adiuuantes,
1810 1504 1957 1536 Aeternac,
1977 1502 2182 1535 Anteccdentes,
2207 1501 2345 1536 Amcgrerr

1419 1538 1496 1579 ronis
1508 1539 1586 1574 finit,
1608 1539 1640 1565 de
1653 1540 1717 1566 Fato
1734 1549 1766 1573 24
1784 1546 1808 1566 et
1820 1548 1861 1573 34.
1904 1539 1984 1566 Verba
1992 1539 2120 1574 pofin'mus
2138 1547 2164 1564 n.
2180 1546 2204 1564 2.
2261 1537 2316 1565 Cic.
2331 1535 2348 1564 P

1419 1576 1570 1601 Conhciens
1584 1576 1659 1602 causa
1673 1576 1725 1602 alia
1739 1575 1775 1601 est
1789 1575 1916 1602 Absoluta
1932 1581 1958 1602 et
1973 1574 2092 1610 perscffia
2112 1583 2158 1609 per
2171 1574 2214 1606 se,
2234 1573 2286 1600 alia
2298 1572 2333 1599 ali

1419 1611 1522 1638 inuans.
1595 1611 1677 1651 Ouid.
1691 1611 1769 1646 Epist.
1783 1620 1821 1644 21,
1836 1620 1859 1644 13
1881 1612 2005 1646 Languor
2018 1611 2090 1637 enim
2110 1609 2189 1637 caufis
2204 1618 2258 1635 non
2273 1610 2339 1644 App

1419 1645 1522 1686 haeret..
1576 1648 1633 1673 c1c.
1648 1647 1680 1673 de
1692 1648 1766 1674 Orat.
1781 1656 1799 1680 1,
1815 1650 1847 1678 86
1872 1648 1953 1680 Quod
1967 1647 2076 1682 quidem
2089 1646 2174 1672 Certis
2194 1645 2226 1671 dc
2246 1645 2326 1672 caulis

1418 1691 1471 1716 quc
1490 1682 1567 1722 aliter
1590 1683 1765 1709 existimatur.
1837 1683 1978 1709 Conlimili
2001 1683 2076 1709 causa
2099 1681 2206 1708 moueri
2226 1681 2332 1708 Lucret.

1418 1718 1564 1744 Continens
1581 1718 1708 1751 morbos,
1732 1729 1756 1745 υ.
1770 1718 1794 1744 h.
1809 1727 1834 1744 υ.
1906 1719 1988 1745 Ouid.
2004 1719 2068 1745 Fast.
2083 1720 2109 1751 6,
2130 1727 2140 1744 1
2171 1717 2224 1744 Hic
2244 1726 2335 1752 quoqu

1418 1752 1630 1779 habetdubiasin
1639 1754 1849 1780 nominecausas.
1885 1754 2036 1788 Euidentes,
2045 1754 2123 1780 v.h.v.
2160 1753 2344 1780 ExternaeCic

1418 1796 1461 1822 24.
1481 1788 1596 1828 Fallaces
1606 1788 1734 1814 Claud.in
1742 1787 1938 1820 Ruffin.1,238.
1956 1788 2326 1827 leian.inl.1§.Merito.D.
2342 1792 2351 1811 Ι
2379 1800 2399 1808 m
2420 1807 2422 1809 .

1411 1824 1518 1863 -Merito
1534 1823 1577 1850 has
1591 1825 1676 1850 causas
1696 1822 1845 1857 deponendi
1865 1824 1996 1856 separauit
2012 1826 2136 1858 Praetor,
2157 1833 2224 1860 quae
2244 1814 2423 1852 continent*
2446 1820 2450 1828 '

1418 1865 1514 1885 turcam
1530 1860 1633 1885 causam
1649 1858 1819 1894 depositionis
1834 1866 1866 1884 ex
1879 1858 2022 1885 necestitate
2036 1860 2245 1893 descendentem,
2258 1869 2313 1887 non
2325 1868 2357 1886 ex
2369 1854 2428 1887 vohi

1418 1900 1471 1920 tate
1486 1895 1704 1928 proticiscentem.
1775 1894 1830 1920 Cic.
1845 1894 1898 1919 Att.
1907 1901 1934 1927 7,
1947 1901 1964 1928 7
1985 1894 2067 1927 Quod
2081 1894 2174 1921 scribis
2187 1896 2216 1922 in
2228 1895 2324 1922 vrbem
2337 1893 2425 1924 introii
2446 1921 2447 1924 ,

1420 1938 1531 1961 vereor,
1551 1930 1615 1963 quid
1630 1930 1660 1956 lit
1674 1940 1682 1960 ς
1708 1938 1769 1955 narn
1784 1929 1812 1954 id
1825 1928 1874 1954 nisi
1889 1929 1972 1956 Grani
1988 1929 2020 1956 de
2034 1930 2110 1956 causa
2127 1938 2182 1956 non
2200 1928 2321 1957 fecissets
2381 1929 2424 1958 Cat
2446 1954 2449 1957 .

1420 1965 1526 1998 prorsus
1539 1965 1626 1999 grauis
1640 1964 1772 1998 Quinctil.
1786 1973 1807 1996 1,
1822 1972 1848 1995 2,
1862 1972 1883 1995 3.
1954 1964 2045 1991 Tacit.
2057 1965 2124 1991 Hist.
2140 1974 2160 1998 1,
2174 1968 2204 1997 63
2225 1966 2327 1992 Furore
2341 1971 2366 1993 et
2379 1964 2422 1993 ral:

1419 2006 1446 2026 et
1461 2000 1540 2027 caulis
1556 2001 1683 2033 Incertis,
1703 2008 1790 2035 eoque
1802 1997 2000 2025 difficilioribus
2019 2001 2152 2028 remediis.
2222 2001 2328 2036 Inepta,
2344 2001 2398 2028 vid.
2415 2007 2422 2027 1

1420 2042 1532 2064 ΕΡΤνε.
1604 2036 1701 2063 Lucan.
1720 2043 1754 2070 7,
1774 2037 1808 2069 67
1836 2034 1946 2061 Addidit
1965 2036 2098 2063 inualidae
2118 2035 2201 2062 robur
2221 2036 2343 2063 facundia
2363 2037 2421 2063 caui
2437 2020 2443 2053 l

1419 2071 1490 2098 Iusta
1508 2072 1582 2099 causa
1599 2072 1674 2098 nulla
1693 2072 1819 2106 cuiquam
1839 2070 1888 2096 effe
1905 2071 1988 2104 potest
2010 2078 2102 2097 contra
2124 2071 2236 2105 patriam
2256 2080 2328 2098 arma
2341 2072 2421 2105 capiet
2438 2071 2440 2075 ’

1419 2109 1479 2136 Cic.
1491 2107 1605 2142 Philipp.
1621 2117 1643 2140 2,
1658 2116 1683 2141 53
1703 2117 1725 2134 c.
1743 2116 1780 2133 22.
1832 2106 1908 2132 Iustis
1922 2105 1955 2132 de
1967 2105 2046 2132 causis
2059 2106 2174 2133 rationes
2188 2105 2293 2132 deferre
2305 2106 2378 2133 Idem
2391 2105 2421 2132 Fe

1420 2149 1444 2175 ς,
1457 2152 1500 2168 20-
1570 2145 1666 2170 Latens
1684 2149 1709 2169 et
1722 2142 1825 2169 occulta
1837 2142 1958 2168 Scribon.
1973 2150 2024 2168 101.
2094 2140 2177 2168 Ouid.
2187 2141 2266 2174 Epist.
2278 2149 2317 2173 21,
2328 2148 2383 2174 194.
2392 2149 2419 2169 ε,

1420 2177 1552 2207 lacrymae
1572 2179 1647 2204 eausa
1665 2179 1740 2211 saepe
1760 2178 1858 2203 latente
1878 2178 1982 2203 cadunt.
2055 2177 2152 2209 Lenis,
2178 2175 2232 2202 vid.
2250 2182 2348 2202 LEVis.
2409 2173 2419 2190 ⁵*

1421 2211 1537 2251 vislimae
1550 2217 1575 2237 et
1590 2212 1779 2239 infirmiffimae
1793 2213 1897 2244 causae,
1918 2212 1971 2238 vid.
1987 2218 2157 2238 INFIRMVS.
2227 2211 2310 2238 Leuis
2327 2219 2373 2237 cau
2414 2202 2419 2228 Ὗ

1421 2247 1490 2282 pulit
1505 2256 1546 2273 me
1561 2247 1629 2273 Ter.
1644 2248 1709 2273 Hec.
1725 2255 1748 2279 3,
1762 2255 1790 2280 4,
1805 2255 1840 2273 12.
1912 2247 2057 2273 Lucratiua
2076 2255 2107 2272 ex
2122 2247 2196 2273 causa
2213 2252 2239 2273 te
2251 2254 2357 2281 partum
2376 2260 2380 2269 ι

1421 2292 1476 2308 non
1488 2283 1592 2315 videri,
1615 2286 1632 2308 i.
1647 2284 1737 2314 titulo,
1755 2290 1784 2308 vt
1800 2284 1865 2308 alias
1878 2283 2019 2318 loquuntur.
2061 2282 2258 2317 Tryphoninus
2276 2283 2295 2309 1.
2313 2283 2342 2309 in
2360 2294 2367 2305 ο

2334 2319 2377 2345 In

1424 2355 1453 2380 in
1471 2354 1552 2380 armis
1572 2355 1646 2386 sunt,
1670 2362 1756 2388 neque
1776 2353 1808 2379 de
1822 2354 1917 2387 Magna
1937 2354 2011 2379 causa
2030 2354 2086 2380 Cic.
2100 2355 2172 2380 Fam.
2184 2358 2208 2386 8,
2223 2361 2256 2387 ις.
2328 2355 2366 2381 M

1422 2390 1543 2417 Scribon.
1560 2399 1609 2416 101.
1679 2389 1780 2416 Melior
1794 2390 1868 2415 causa
1881 2389 2028 2416 mandantis
2042 2389 2101 2415 fieri
2115 2389 2200 2423 potest
2214 2389 2317 2416 Paullus
2330 2390 2359 2416 in
2376 2393 2386 2418 l.

1423 2432 1525 2460 genter.
1549 2424 1572 2462 ᾗ.
1588 2425 1688 2452 Melior
1700 2431 1796 2452 autem.
1817 2425 1849 2452 D.
1865 2424 1983 2451 Mandat.
1998 2424 2042 2451 vei
2056 2429 2139 2451 contr.
2195 2425 2389 2456 Memorabili-

1423 2461 1466 2487 sed
1481 2469 1578 2488 euentu
1592 2462 1706 2494 misero,
1729 2471 1755 2488 v.
1768 2462 1793 2487 h.
1808 2471 1833 2487 υ.
1842 2461 1891 2497 sub
1906 2467 2032 2488 MEMOR.
2104 2459 2279 2488 Mutabilibus
2293 2460 2385 2488 cautis
2402 2486 2419 2498 ,

2064 2495 2208 2523 Naturales
2224 2495 2333 2531 Qrin&
2354 2490 2414 2523 Pio·

1423 2534 1530 2560 Nocens
1542 2532 1623 2572 Ouid.
1639 2534 1703 2560 Met.
1716 2541 1743 2568 7,
1760 2535 1815 2565 326.
1878 2533 1909 2558 In
1928 2532 2042 2559 obscuro
2055 2532 2153 2567 positae
2166 2531 2254 2565 causae·
2270 2531 2336 2558 Cels.
2351 2538 2362 2558 1
2375 2540 2394 2566 p
2412 2550 2415 2553 ,

1423 2571 1488 2595 alias
1498 2568 1619 2595 Abdttae.
1692 2569 1801 2596 Occulta
1813 2568 1931 2595 Scribon.
1945 2577 1995 2595 101.
2068 2567 2193 2595 Occultae
2205 2575 2290 2595 retum
2301 2566 2361 2594 Stat.
2367 2565 2422 2594 Tha

1423 2607 1449 2636 6,
1462 2612 1518 2637 933.
1589 2604 1700 2632 Paruula
1721 2605 1824 2632 Lucret-
1838 2613 1867 2638 4,
1880 2613 1935 2638 ¹94-
1994 2605 2132 2637 Peracuta,
2156 2603 2210 2630 vid.
2224 2597 2422 2639 P31ss‹1't,Ae.v.·rV

1423 2641 1468 2667 Pia
1482 2641 1556 2667 cansa
1570 2641 1657 2675 coegit
1670 2640 1752 2668 Ouid.
1765 2641 1830 2667 Met.
1846 2643 1871 2672 6,
1885 2642 1948 2673 496.
2020 2639 2144 2666 Plurimis
2159 2637 2346 2675 iustissimisque
2356 2632 2421 2674 dc'cae·

1834 2676 1974 2708 Pudenda,
1995 2677 2053 2702 Non
2070 2673 2169 2709 honesta
2189 2673 2367 2710 Ouid..Epist.‘
2388 2691 2402 2707 0

1423 2712 1498 2739 Idem
1513 2713 1576 2739 Met.
1590 2720 1614 2744 3,
1628 2714 1680 2738 260
1703 2711 1780 2739 Tum
1801 2721 1866 2739 vero
1879 2711 2017 2748 postquam
2030 2711 2120 2738 solitas
2139 2710 2238 2738 acceffit
2255 2709 2288 2738 ad
2298 2707 2373 2747 itm),

1424 2757 1530 2780 recens,
1550 2748 1634 2782 plenis
1647 2753 1802 2774 tumuerunt
1820 2754 1925 2783 guttura
1937 2748 2022 2774 venis.
2092 2747 2185 2774 Tacit.
2198 2747 2266 2773 Ann.
2281 2753 2316 2779 ις,
2327 2747 2344 2773 6
2394 2756 2420 2789 ὰ·

1423 2784 1491 2810 serat
1506 2784 1607 2818 Repens
1620 2784 1711 2816 causa,
1729 2783 1801 2818 quod
1815 2783 1953 2816 Vestinus,
1974 2791 2020 2809 etc.
2092 2783 2150 2809 Cic.
2164 2784 2217 2809 Att.
2232 2783 2276 2814 16,
2290 2789 2307 2817 7
2388 2777 2391 2783 ’
2430 2791 2431 2810 1

1426 2820 1467 2846 nis
1489 2818 1535 2846 has
1555 2820 1685 2854 Speciosas
1707 2820 1794 2846 causas
1819 2819 1913 2852 habes,
1939 2818 2018 2845 instas
2036 2818 2096 2845 illas
2113 2818 2222 2853 quidem
2240 2823 2266 2844 et
2283 2827 2319 2845 ιιι
2331 2829 2343 2848 ·:¹
2431 2823 2434 2825 '

2378 141 2443 200 813γ

1425 2891 1518 2918 Causa.
2238 2888 2259 2927 q
2281 2897 2295 2923 ς
2325 2867 2419 2918 'IRA

1417 2927 1547 2989 {armatae
1560 2937 1568 2952 .·
1606 2926 1700 2961 Accipe
1717 2925 1828 2961 quaesiti
1849 2927 1951 2953 causam
1971 2925 2054 2953 Ouid.
2074 2926 2140 2953 Met.
2160 2934 2194 2958 4,
2212 2932 2271 2960 793.
2347 2939 2368 2947 ι·
2416 2948 2418 2950 ,

1435 2971 1479 2990 are
1498 2963 1572 2989 Idem
1590 2962 1668 2997 Epist.
1683 2961 1769 2988 Sabin.
1791 2970 1820 2994 2,
1840 2964 1885 2995 64.
1956 2961 2081 2989 Adiicere
2101 2961 2140 2988 Id.
2159 2961 2225 2988 Fast.
2238 2969 2265 2993 1,
2291 2965 2342 2994 189.
2409 2982 2419 2991 ..

1425 2998 1503 3026 Acad.
1518 3007 1538 3031 1,
1554 3006 1582 3024 ιο
1607 2999 1718 3026 Causam
1735 3003 1823 3024 autem
1841 2995 2024 3032 probabilem,
2042 3003 2072 3023 tu
2086 2996 2197 3032 quidem
2211 2996 2314 3028 Affer53
2329 3003 2344 3024 a
2361 3007 2362 3015 ¹
2406 3004 2415 3013 *l

2262 3032 2336 3060 Idem
2361 3044 2378 3062 μ
2410 3048 2413 3057 ,-

1425 3079 1448 3103 2,
1461 3078 1488 3103 53
1510 3079 1532 3095 c.
1547 3079 1580 3096 22
1603 3071 1690 3104 Quam
1709 3069 1810 3096 causam
1827 3067 2010 3096 dementissimi
2031 3067 2071 3095 sui
2089 3067 2194 3094 consilii
2207 3073 2234 3095 et
2249 3067 2314 3095 facti
2332 3063 2365 3096 ςᾱῗ

1424 3107 1456 3132 Et
1468 3106 1500 3132 de
1514 3106 1607 3132 Diuin.
1621 3114 1652 3139 2,
1672 3107 1689 3132 6
1715 3105 1752 3132 Ae
1765 3104 1835 3131 mihi
1853 3103 1962 3140 quidem
1978 3103 2148 3139 explicandae
2167 3103 2368 3139 philosophia-

1425 3141 1522 3168 Attulit
1536 3142 1607 3168 casus
1620 3141 1707 3176 grauis
1722 3140 1846 3167 ciuitatis.
1909 3140 2021 3175 Aperire
2033 3141 2119 3166 causas
2133 3140 2251 3174 Propert.
2262 3148 2291 3173 4,
2304 3136 2344 3172 115*
2361 3153 2365 3157 >

1424 3176 1543 3204 tribucre
1564 3178 1664 3215 causam
1684 3176 1856 3209 calamitatis,
1880 3175 1934 3203 vid.
1951 3181 2133 3203 ATTRIBVO.
2204 3177 2309 3210 Augei-e
2332 3174 2334 3179 ’
2362 3179 2366 3181 “

1425 3222 1574 3245 crymarum
1589 3212 1719 3247 Qinctil.
1727 3221 1845 3248 prooem.
1854 3213 1880 3243 6,
1890 3219 1916 3246 7.
1969 3212 2135 3246 Cognoscere
2147 3212 2233 3238 causas
2245 3214 2354 3243 rerum?

1424 3248 1534 3282 discite,
1555 3257 1572 3275 0
1584 3249 1675 3276 miseri
1693 3249 1759 3275 Pers.
1774 3248 1824 3275 Sat.
1839 3256 1861 3280 3,
1876 3249 1920 3274 66.
1989 3247 2087 3282 Virgil.
2101 3247 2200 3282 Georg.
2213 3255 2236 3279 2,
2249 3254 2304 3281 490
2320 3243 2368 3274 F*
2413 3269 2415 3271 .
2430 3271 2431 3274 ,

1425 3285 1512 3319 potuit
1536 3293 1626 3312 rerum
1649 3285 1805 3319 cognoscere
1826 3284 1914 3309 causas
1935 3283 2072 3310 nmo-ales.
2149 3283 2205 3310 Cic.
2224 3282 2257 3309 dc
2275 3281 2337 3309 Diu·
2360 3294 2368 3304 v
2402 3302 2411 3312 „
2429 3277 2437 3310 i

1425 3322 1517 3354 Quum
1534 3326 1621 3347 autem
1634 3320 1775 3355 proprium
1788 3318 1818 3346 fit
1833 3318 2005 3352 Academiae,
2024 3317 2156 3346 iudicium
2175 3319 2251 3344 suum
2268 3317 2324 3344 null
2342 3313 2365 3344 sss*

1425 3364 1539 3392 ponere,
1559 3365 1590 3382 ea
1601 3356 1732 3391 probare,
1750 3363 1817 3390 quae
1831 3354 1966 3381 simillima
1979 3355 2038 3381 veri
2050 3353 2206 3387 videantur,
2225 3353 2369 3387 conferre

1683 3392 1835 3426 Congerere
1848 3390 1877 3417 in
1892 3390 2019 3425 aliquem.
2055 3389 2198 3416 Coniicere
2215 3389 2244 3416 in
2262 3381 2358 3425 aliqui*

1425 3429 1466 3456 his
1477 3428 1569 3454 verbis.
1640 3427 1696 3454 Cic.
1711 3425 1823 3461 Philipp.
1844 3435 1874 3457 2,
1893 3434 1919 3459 53
1944 3435 1966 3452 c.
1979 3434 2012 3453 22
2042 3425 2115 3452 Tibi
2132 3432 2203 3452 certe
2222 3422 2386 3452 confitenti
2408 3436 2416 3456 ς

1425 3464 1528 3490 causam
1547 3461 1755 3498 perniciosiffitui
1771 3461 1836 3488 belli
1853 3462 1882 3488 in
1901 3462 2010 3497 persona
2028 3466 2073 3488 tua
2091 3460 2251 3488 constitisse:
2276 3467 2318 3488 tuo
2354 3474 2363 3491 ¹.
2377 3481 2396 3497 ,ἦ
2409 3457 2421 3480 Ἳ

1425 3499 1522 3535 causam
1539 3499 1599 3526 bello
1617 3498 1712 3526 datam.
1787 3497 1954 3524 Contrahere
1974 3496 2024 3524 fibi
2043 3497 2145 3524 causam
2165 3497 2275 3529 mortis,
2301 3496 2335 3522 υ·
2350 3496 2351 3499 ’
2366 3500 2369 3503 ’

1426 3541 1448 3561 Τ
1457 3541 1477 3561 R
1487 3541 1508 3561 Α
1517 3541 1537 3561 Η
1547 3541 1576 3561 o.
1632 3559 1634 3561 ,
1646 3533 1728 3561 Dedit
1739 3534 1826 3560 causas
1843 3533 1875 3560 ad
1896 3532 1999 3567 culpam
2013 3532 2129 3560 Bacchus
2143 3532 2242 3566 Virgil.
2251 3532 2307 3559 Geo
2336 3530 2339 3535 “

1589 2891 1710 2918 Valentes
1729 2890 1811 2917 Ouid.
1826 2890 1911 2917 Trist.
1927 2899 1946 2923 1,
1961 2895 1984 2924 8,
1998 2899 2040 2923 29.

1849 3605 1939 3632 Deefl‘e
1957 3604 2059 3631 causam
2077 3601 2150 3628 Idem
2170 3602 2223 3630 Offi
2237 3611 2269 3636 2,
2282 3595 2339 3643 {Sis

2002 3639 2098 3666 Dicere
2116 3639 2201 3664 causas
2214 3638 2344 3698 alicam&

2272 3706 2318 3735 Phi
2331 3697 2335 3706 ’

1424 3606 1505 3632 triam
1520 3604 1654 3632 inferendi
1667 3603 1779 3632 Dedisti.

1424 3641 1499 3667 ciunt
1513 3642 1604 3668 causae
1616 3639 1698 3668 Ouid.
1713 3641 1804 3667 Amor.
1819 3648 1840 3673 1,
1854 3645 1878 3673 8,
1893 3648 1933 3673 93.

1425 3677 1551 3703 Rationes
1571 3675 1691 3709 adferre,
1709 3685 1757 3703 cur
1776 3676 1815 3702 ita
1832 3676 1858 3702 se
1877 3684 1918 3701 res
1936 3673 2030 3702 habeat
2047 3672 2152 3699 Lucret.
2166 3675 2193 3706 6,
2208 3681 2254 3707 55>

1424 3712 1572 3745 Troianis,
1590 3711 1624 3739 sic
1637 3711 1685 3738 ista
1699 3712 1775 3746 Reip.
1798 3712 1872 3738 causa
1886 3709 1965 3741 belli,
1983 3707 2076 3743 pestis,
2095 3708 2181 3735 exsilii
2203 3709 2260 3742 Cic.

1431 3783 1490 3811 Vid.
1504 3793 1560 3810 mox
1575 3783 1679 3810 Facere.
1734 3783 1789 3810 Effe
1801 3779 2002 3808 {adunaturam
2014 3778 2096 3805 alicui
2109 3778 2263 3812 Ouid.Met.
2275 3787 2298 3814 3,

1427 3827 1488 3853 gere
1508 3819 1611 3846 eausam
1630 3818 1736 3845 timoris
1753 3817 1812 3849 Sen.
1827 3814 1940 3848 Thyest.
1954 3822 2015 3848 434.
2086 3815 2208 3842 Eximere
2233 3814 2302 3842 hor‘

1425 3854 1516 3881 Tacit.
1532 3855 1599 3880 Ann.
1615 3862 1639 3886 3,
1655 3855 1701 3888 46.
1770 3850 1900 3885 Expedit-e
1917 3850 2019 3876 causam
2038 3850 2129 3876 morbi
2142 3850 2237 3885 Virgil.
2251 3850 2321 3883 Gepi-

1424 3890 1482 3916 Cic.
1496 3891 1567 3916 Fam.
1583 3897 1612 3922 ς,
1630 3897 1657 3916 iz
1675 3889 1706 3915 In
1736 3895 1795 3919 uo,
1808 3891 1834 3912 et
1853 3885 1898 3912 illa
1913 3885 2013 3920 poteris
2032 3886 2072 3912 vti
2089 3886 2211 3912 ciuilium
2228 3890 2313 3916 comm
