2474 4182
43 138 113 178 ¹09
466 119 502 159 f.
560 118 596 158 D
648 117 665 158 1
1532 120 1571 160 A
1632 119 1670 159 D
1732 119 1748 159 1
2121 138 2180 167 ..Θ

43 217 119 246 Hane
130 215 234 242 Scaurus
247 210 405 243 demolitus,
424 211 593 238 Acceffioncm
607 205 728 235 adiunxit
741 206 858 234 aedibus.
896 206 936 234 Ad
951 207 1083 235 summum
1133 206 1188 232 Att.
1202 208 1226 236 8,
1240 203 1321 246 3'Ille
1334 204 1437 232 Galliae
1451 206 1587 235 vlterioris
1606 209 1763 242 adiunctor,
1778 208 1807 236 de
1821 210 1947 246 Pompeio,
1961 215 2005 247 qui
2017 221 2067 238 eam
2081 213 2180 250 Caesari

31 251 185 287 dmperium
203 248 283 277 etiam
302 247 479 274 Acci‘biiatcm
498 254 603 273 naturae
622 243 766 277 adiungere
787 243 842 269 Cic.
865 242 897 269 ad
917 245 955 277 Q
967 244 1009 271 Fr,
1027 253 1044 275 ι,
1060 252 1080 269 1.
1131 240 1284 267 adt'unsrrn.
1452 277 1468 281 ..

44 288 83 317 Id.
96 291 183 313 contra
197 284 255 310 Rull
280 293 299 315 1,
313 298 332 316 4
388 285 470 318 Agros
488 281 586 317 populo
598 280 676 306 Rom.
689 278 812 305 adiunxit
826 278 940 306 victoria
963 277 1079 306 Seruilii.
1168 283 1189 302 Α
1201 283 1218 302 D
1227 283 1236 301 1
1248 283 1267 301 V
1279 282 1296 301 R
1306 281 1345 302 GI
1358 283 1377 301 V
1388 283 1412 302 M
1422 296 1435 316 ,ἱ
1450 285 1480 316 ii.
1509 287 1534 303 n.
1564 278 1708 316 [λοιδορία]
1743 278 1875 314 Arcffmt
1895 290 1924 307 ex
1937 282 2019 308 Plaut·
2034 284 2105 309 Men·
2120 291 2142 317 ς,
2156 293 2183 316 2,

44 323 167 352 Animum
186 320 294 354 aliquo,
317 325 361 345 aut
377 319 409 345 ad
422 317 529 353 aliquod
548 315 678 347 studium,
710 314 773 341 idem
794 315 859 351 quod
870 315 1007 349 Appellere
1025 313 1079 340 ani-
1131 319 1167 350 21,
1186 328 1198 351 Ἶ-
1218 328 1227 332 -
1248 328 1258 350 .·
1280 319 1336 351 nee,
1351 312 1405 346 pol,
1420 311 1475 353 nrm
1489 322 1604 347 mquam
1617 317 1713 342 arcessit
1726 322 1827 350 patrem
1864 316 1904 344 Ad
1916 317 1951 350 se,
1965 318 2012 343 nm
2029 319 2093 353 quid
2109 329 2181 346 com-

30 352 123 386 lmum.
175 355 244 382 Ter.
266 356 329 381 Hec.
342 363 376 387 4,
389 363 422 388 4,
435 355 470 380 61.
492 358 516 379 et
529 351 608 378 Andr.
625 360 649 383 1,
664 359 673 376 1
683 369 691 382 ,
708 358 751 383 29.
804 351 859 377 Cic.
873 351 925 378 Off.
948 359 974 382 2,
989 356 1016 383 ¹7
1029 354 1078 387 (κς
1097 346 1110 373 5
1130 347 1196 372 muli
1211 346 1328 381 adiurgu
1342 347 1378 373 est
1392 352 1475 374 caula.
1533 349 1580 376 Sed
1591 351 1683 386 legitur
1697 350 1778 385 recle,
1792 358 1836 380 aut
1851 353 1943 388 iurgii,
1983 354 2073 381 Nihil.)
2087 359 2181 382 mmm

30 383 132 426 l(Qium
144 390 227 425 igitur
242 390 283 417 hic
299 390 369 417 loeus
384 389 450 416 nihil
464 388 557 414 habeat
570 386 761 418 dubitationis,
777 387 843 421 quin
857 386 977 413 homines
994 383 1077 418 pluri·
1129 382 1230 408 verbum

40 436 114 456 mum
127 426 282 453 hominibus
301 432 325 452 et
339 425 434 461 prosint
447 425 473 450 et
484 422 582 450 obsint:
606 422 745 457 proprium
760 421 811 448 hoc
829 422 913 449 statuo
927 421 974 447 effe
992 419 1077 458 Virta:
1165 425 1187 444 Α
1198 425 1215 443 1)
1226 425 1233 443 1
1245 425 1265 443 V
1275 423 1324 444 RG
1334 424 1369 450 Ο,
1398 422 1451 444 ἐκ.
1486 415 1671 454 [ἔπιλωὲορὲω]
1713 422 1789 447 Valde
1809 422 1957 460 obiurgare,
1996 424 2044 450 uod
2060 425 2180 452 laudatur

29 448 74 497 leis
89 463 230 490 conciliare
245 463 346 489 animos
360 460 513 491 hominum,
534 457 604 485 etad
617 458 677 484 vsus
691 458 750 484 suos
764 457 914 493 adiungere.
959 454 1077 487 Adiungi
1129 462 1158 478 ex
1173 453 1256 479 Plaut.
1272 453 1369 493 Amph.
1384 462 1410 485 2,
1429 462 1453 485 2,
1463 461 1507 493 73.
1546 454 1579 480 At
1594 454 1646 488 pol,
1663 456 1728 488 quin
1742 464 1811 483 certa
1831 468 1872 484 res
1893 459 1929 485 est
1951 468 1965 485 a
1985 460 2090 495 iurgare
2113 461 2180 488 hanc

29 498 73 526 lad
85 498 271 525 amilon-itatem
293 498 392 523 senatus
443 495 497 521 Cic.
511 495 582 521 Fam.
595 503 614 526 1,
623 501 640 526 9
664 496 682 519 i.
696 503 748 520 eam
755 494 835 531 sequi,
872 493 926 520 Cic.
938 498 986 525 pro
1000 490 1074 516 Rosc.
1129 497 1196 528 quae
1216 498 1259 515 me
1278 488 1360 516 hodie
1374 489 1560 517 aduenientem
1579 489 1690 517 domum
1707 491 1825 518 nolucrit
1843 494 1960 522 salutare.
2001 497 2091 523 Omnes
2107 496 2180 524 hodie

28 535 129 562 iAmer.
140 536 179 561 116
186 544 206 561 c.
214 544 249 568 40
266 531 399 560 Auxilium
407 529 455 557 fibi
468 531 493 556 se
506 535 579 564 putat
592 529 745 562 adiunxiffe,
764 530 812 565 qui
832 537 889 556 cum
907 525 991 565 altero
1005 534 1075 551 com-
1089 529 1118 548 10
1129 524 1286 564 Adiurgare.

27 563 196 601 imunicauit.
242 568 298 595 Sibi
308 566 422 601 aliquem
435 565 566 592 Beneficio
584 566 652 592 Ter.
667 565 739 592 Adel.
762 575 782 598 1,
802 574 821 598 1,
833 572 878 598 47.
932 561 1074 601 C1c3Fam.
1163 568 1185 587 A
1197 568 1214 586 D
1225 568 1263 602 1ν
1274 567 1291 586 R
1302 567 1338 592 0,
1354 564 1406 588 Ere.
1428 596 1432 600 ι
1447 559 1576 602 [ebt-ogdo,
1609 561 1736 595 ἒξορκιζσω]
1777 562 1879 601 Proprie
1898 565 1998 592 videtur
2019 567 2052 593 ad
2065 568 2180 599 alterum,

28 615 64 639 413
95 614 129 639 29
149 611 214 632 extr.
232 604 317 638 Ipsum
331 602 487 636 Capitonem
501 601 681 637 gratissimum,
703 599 921 637 officiofissimum,
940 602 1074 637 optimum
1126 598 1146 621 i.
1160 597 1234 635 alter-1
1250 599 1341 635 iurare.
1380 596 1461 623 Ouid.
1479 596 1557 636 hpist.
1573 605 1616 628 20,
1637 604 1680 630 159
1702 596 1823 622 Promifit
1839 604 1911 631 pater
1927 599 2005 627 hane:
2028 602 2090 629 haee
2105 603 2179 631 adiu-

28 626 130 669 ³vi’rum
159 641 191 668 ad
203 646 271 666 tuam
284 637 492 664 neeeffitudinem
505 643 552 664 tuo
564 638 667 664 summo
683 637 815 664 Beneficio
833 633 991 661 adiunxeris.
1014 633 1071 659 Cic.
1125 638 1313 658 rauitamanti.
1351 631 1446 658 Deinde
1460 630 1493 665 21st
1508 641 1596 659 iurare
1612 631 1644 658 ad
1651 633 1763 667 aliquem,
1777 632 1871 671 i.-apud
1879 634 2116 670 aliqui-mceutfflsm
2126 659 2132 670 ‚
2149 646 2181 666 v,

27 664 91 714 ipro
104 661 259 707 Marem-42
282 682 304 700 ς,
323 682 357 700 20
377 674 484 700 praetor
503 673 675 700 offensionem
693 673 760 699 vitat
777 668 963 704 aequabilitate
984 668 1072 695 decer·
1122 668 1198 701 Virg.
1208 668 1363 698 Aen.12‚816
1371 666 1474 694 Adiuro
1482 668 1650 702 Stygiicaput
1660 667 1826 702 implacabile
1843 669 1934 695 sontis.
1984 673 2014 697 Et
2022 674 2118 700 Catull.
2133 677 2179 709 66,

26 707 135 745 luendi,
149 709 360 738 Beneuolentiam
373 709 494 744 adiungit
505 708 614 736 lenitate
625 708 750 736 audiendi
754 728 764 742 ,
775 710 792 733 i.
806 705 928 731 Conciliat
934 703 994 738 fibi.
1013 704 1070 730 Cic.
1086 709 1112 736 15
1123 712 1160 736 40
1169 703 1272 730 Adiuro
1280 709 1359 737 teque
1369 709 1590 738 tuumquecaput.
1614 705 1682 729 Hinc
1691 706 1778 730 lurore
1785 703 1949 730 vehementius
1957 713 1979 730 et
1987 716 2098 742 graums.
2108 711 2178 738 Ter,

27 738 113 777 lFam.
126 756 145 779 ι,
160 751 172 776 8
192 744 232 772 Ad
251 753 344 772 eorum
364 745 474 772 Causam
493 754 536 771 me
552 745 732 780 adiungercm.
768 740 822 768 Cic.
837 740 890 766 Att.
902 748 929 773 9,
942 749 970 766 12
992 739 1072 766 Nihil
1125 738 1277 774 And.4,2,11
1285 740 1334 765 Per
1344 747 1434 765 omnes
1444 739 1597 766 tibiadiuro
1605 739 1815 773 deos,nunquam
1824 749 1882 766 cam
1890 748 1933 766 me
1942 740 2179 773 delerturu1n.Cic,

25 784 67 812 ,di
103 790 145 809 um
159 780 281 813 faciebat,
294 789 374 815 quare
387 781 443 807 eius
460 781 538 815 fugae
552 781 687 808 Comitem
699 788 739 807 me
751 776 930 810 adiungerem.
967 775 1006 802 Id.
1021 784 1071 811 pro
1127 776 1182 802 Att.
1195 784 1221 808 2,
1235 783 1269 802 20
1288 775 1429 809 Pompeius
1445 773 1574 807 affirmat,
1591 784 1644 801 non
1658 776 1705 801 else
1721 775 1887 810 periculum:
1909 776 2027 809 adiurat,
2049 782 2066 803 i.
2080 781 2180 816 injilpgp

26 820 63 846 gs,
95 818 144 844 osc.
153 818 185 848 86
205 816 315 843 Crimen
326 816 533 852 etsuspicionem
542 817 668 852 potiusad
676 812 794 852 praedam
802 811 984 846 adiungerent,
992 821 1073 846 quam
1127 815 1204 839 iurat.
1243 810 1317 837 Idem
1332 810 1444 845 Philipp.
1462 819 1492 843 2,
1507 819 1523 844 9
1545 810 1728 846 Adiurasque,
1751 810 1779 836 id
1800 817 1826 837 te
1848 811 1936 838 inuito
1955 821 1997 838 me
2011 822 2064 838 non
2080 816 2127 841 elle
2141 817 2179 843 fa.

24 847 71 882 fad
81 852 232 888 egestatem,
251 855 269 878 i.
279 852 432 889 suspiciones
450 863 542 880 mouere
554 861 642 881 contra
655 852 750 878 diuites.
788 848 844 875 Cic.
858 857 906 882 pro
921 847 1025 874 Cluent.
1040 856 1073 880 30
1127 847 1242 874 aurum.
1281 846 1372 873 Iustin.
1386 855 1431 880 24,
1446 855 1462 873 2
1484 848 1546 880 Qio
1561 846 1690 881 perduelo
1711 847 1739 872 in
1754 846 1940 874 sanffissimum
1958 848 2030 874 louis
2052 850 2181 884 templum

23 893 26 910 1
36 889 153 917 Alteram
166 893 267 923 partem
281 889 370 915 causae
383 888 416 915 fic
428 898 549 923 agemus,
563 895 592 916 vt
609 897 655 915 vos
671 885 823 912 doceamus:
845 883 954 910 alteram
974 883 1023 916 fic,
1043 889 1072 910 vt
1081 892 1116 910 20
1127 883 1288 910 veterrimae
1295 882 1473 909 Macedonum
1487 882 1627 918 religionis
1637 903 1644 914 ,
1659 882 1822 908 Ptolemaeus
1837 883 1928 910 sumtis
1945 883 1971 909 in
1986 893 2077 911 manus
2092 886 2180 913 altari-

25 926 150 954 1010111111.
186 925 218 950 In
230 923 325 956 altera,
340 924 485 959 Diligentia
499 925 583 951 vestra
596 922 670 950 nobis
682 919 848 953 adiungenda
863 919 899 946 est
912 930 917 945 :
938 919 966 945 in
978 919 1071 952 altera,
1127 919 1191 951 bus,
1206 919 1361 953 contingens
1375 919 1430 954 ipsa
1447 919 1516 945 sacra
1527 925 1553 945 et
1568 918 1718 953 puluinaria
1732 919 1869 951 Deorum,
1885 919 2012 946 inauditis
2025 920 2182 956 vltimisque

33 959 98 988 fide·
110 959 290 994 imploranda,
310 963 328 986 i.
346 960 503 987 concilianda
520 962 630 987 attentio.
666 956 722 982 Cic.
736 956 806 982 Fam.
821 963 850 988 5,
870 964 894 987 13
916 954 986 981 Mihi
1006 964 1073 981 vero
1128 954 1354 982 exsecrationibus
1369 955 1490 987 adiurat,
1512 955 1538 980 se
1555 954 1651 981 lincera
1666 953 1718 980 fide
1739 954 1942 981 matrimonium
1964 955 2063 982 sororis
2083 964 2182 991 petere.

24 1001 136 1025 mantum
154 995 280 1027 Decoris‚
298 1001 401 1023 tantum
419 997 561 1031 Dignitatis
578 991 725 1021 adiimxeris
737 1011 746 1024 ‚
769 996 799 1017 vt
815 990 930 1017 eundem
948 997 975 1017 te
994 990 1073 1017 facile
1128 989 1149 1027 q
1170 1000 1186 1018 2
1208 991 1354 1022 Adiurare,
1375 988 1408 1023 cst
1427 990 1600 1017 iusim-andum
1619 993 1730 1026 exigere,
1750 991 1792 1016 vel
1809 990 1920 1027 Atligere
1940 991 1974 1016 ad
1993 993 2182 1025 iusim-andron,

24 1030 172 1066 *agnoscam
184 1031 259 1058 fuisse
272 1031 301 1058 in
315 1031 392 1058 laude
404 1040 477 1065 mea,
497 1032 542 1067 qui
553 1029 634 1056 fueris
647 1028 676 1054 in
690 1027 780 1054 salute.
819 1026 875 1053 Cic.
891 1025 923 1052 de
937 1026 1030 1053 Diuin.
1045 1035 1073 1059 2,
1128 1027 1189 1054 Liu.
1204 1036 1247 1061 43,
1263 1029 1291 1054 16
1312 1027 1455 1058 Censores,
1470 1031 1498 1052 vt
1513 1035 1569 1053 eam
1583 1035 1640 1052 rem
1652 1025 1824 1059 adiuuarent,
1842 1026 1880 1052 ita
1899 1027 1927 1053 in
1943 1027 2072 1053 concione
2093 1029 2181 1055 edixe-

23 1075 72 1100 1113
93 1076 115 1094 c.
129 1075 156 1100 55
176 1067 370 1094 A116loritateni
384 1068 490 1103 quidem
503 1065 600 1093 nullam
618 1063 759 1095 debemus,
778 1071 826 1089 nec
845 1061 924 1088 fldem
938 1071 1071 1088 commen·
1082 1071 1114 1097 25
1127 1068 1209 1090 runt:
1238 1063 1324 1097 legem
1349 1062 1438 1090 censui
1461 1062 1589 1088 censendo
1617 1061 1736 1088 dicturos
1763 1062 1825 1094 else,
1853 1067 1882 1088 vt
1912 1069 2013 1096 praeter
2040 1073 2183 1091 commune

34 1102 105 1130 titiis
116 1103 195 1130 rebus
210 1103 362 1137 adiungere.
399 1105 431 1130 Et
441 1103 485 1130 Ac.
501 1111 511 1128 1
531 1110 552 1127 c.
567 1109 589 1127 11
611 1099 779 1134 Adiungebat
794 1107 849 1124 non
865 1098 990 1125 omnibus
1010 1097 1072 1124 vifis
1127 1099 1249 1125 omnium
1263 1099 1365 1127 ciuium
1377 1098 1563 1126 iusiurandum
1579 1097 1641 1124 haec
1655 1097 1823 1124 adiurarent:
1844 1098 1893 1125 Tu
1906 1098 1997 1125 minor
2010 1100 2083 1125 annis
2098 1101 2141 1126 sex
2155 1107 2183 1127 et

21 1136 136 1170 fidem.
171 1139 229 1166 Cic.
242 1148 290 1173 pro
307 1140 375 1173 Lege
388 1137 477 1165 Manil.
487 1144 524 1171 47
541 1145 561 1164 c.
572 1138 601 1162 16
622 1136 684 1162 Fuit
696 1134 819 1171 profecto
832 1133 992 1169 quibusdam
1004 1135 1072 1160 sum·
1127 1134 1302 1169 quadraginta
1318 1143 1343 1161 es
1358 1141 1403 1161 etc.
1436 1135 1530 1170 Nempe
1538 1134 1654 1169 formula
1664 1134 1780 1169 fimatur
1791 1133 1920 1169 adigentis
1934 1136 2119 1166 iusiurandum,
2132 1146 2182 1163 non

22 1173 86 1200 *mis
106 1174 174 1202 viris
212 1174 322 1202 uaedam
347 1175 378 1202 ad
397 1172 596 1207 amplitudinem
619 1178 644 1198 et
663 1171 793 1206 gloriam,
812 1175 838 1196 et
857 1170 888 1196 ad
905 1179 946 1197 res
964 1178 1072 1205 magnas
1126 1171 1221 1196 dantis.
1260 1170 1384 1207 Obscurus
1398 1168 1431 1205 est
1444 1178 1487 1198 ant
1495 1169 1571 1207 forte
1583 1169 1711 1209 mendosius
1723 1169 1779 1195 Cic.
1796 1170 1834 1203 Q
1847 1169 1923 1196 fratr.
1938 1178 1961 1202 3,
1976 1178 1989 1203 5
2011 1171 2137 1198 Crebrius
2152 1177 2183 1199 vt

34 1208 102 1237 bene
115 1219 194 1247 geren
212 1219 238 1238 as
251 1210 379 1238 diuinitus
393 1208 513 1235 adiune'ta
522 1209 647 1236 Fortuna.
683 1208 758 1241 Virg.
773 1207 882 1241 Aen.7,
901 1214 929 1239 55
1128 1212 1188 1235 ante
1204 1205 1236 1233 ad
1253 1211 1279 1233 te
1298 1206 1403 1242 scripsi,
1424 1207 1526 1233 Romae
1545 1205 1602 1233 est:
1622 1211 1646 1231 et
1666 1214 1714 1240 qui
1735 1205 1827 1231 onmia
1847 1204 1986 1238 adiuraut,
2008 1206 2106 1233 debere
2127 1207 2182 1235 tibi

21 1249 22 1258 ¹
267 1261 276 1267 -
327 1261 336 1266 -
371 1244 434 1280 petit
448 1249 506 1271 ante
517 1243 584 1270 alios
595 1242 787 1278 pulcherrimus
807 1250 898 1268 omnes
1082 1252 1115 1277 30
1127 1242 1204 1270 valde
1212 1242 1374 1270 renuntiant.
1397 1244 1455 1270 Alii
1463 1244 1558 1279 legunt,
1567 1241 1681 1269 Adnuat.
1706 1242 1807 1267 FrJun.
1817 1246 1842 1267 et
1851 1241 1959 1275 quidem
1967 1243 2058 1269 onmia
2066 1243 2181 1270 adiurat.

149 1274 160 1280 -
230 1280 356 1312 Turnus,
374 1281 429 1307 auis
442 1280 576 1314 atauisque
589 1286 696 1314 potens,
716 1287 795 1314 quem
808 1278 882 1312 regia
895 1277 1012 1304 coniunx
1163 1285 1230 1305 ADI
1241 1285 1289 1305 VR
1299 1286 1320 1305 Α
1329 1286 1350 1306 Τ
1360 1286 1381 1305 v
1390 1286 1403 1306 s
1411 1299 1420 1311 ,
1437 1287 1467 1311 a,
1483 1287 1536 1305 um.
1582 1276 1738 1313 Exorzvfinc),
1759 1284 1802 1303 aut
1822 1277 2029 1313 obstet-ationihus
2043 1286 2181 1313 permotus.

19 1326 21 1349 1
75 1322 78 1325 '
231 1315 345 1350 Adiungi
358 1316 490 1343 Generum
501 1316 571 1342 miro
584 1313 741 1351 properabat
768 1322 867 1340 artiore.
1128 1315 1276 1341 Daemones
1295 1315 1347 1341 Dei
1366 1315 1476 1342 nomine
1496 1314 1613 1341 adiurati
1636 1313 1669 1339 de
1690 1312 1849 1348 corporibus
1872 1313 2000 1340 excedunt
2022 1314 2138 1341 Laclant.
2154 1324 2182 1348 2,

35 1348 164 1377 Inimicos
197 1350 276 1378 alicui
313 1351 384 1378 caes.
418 1352 481 1378 Bell.
507 1351 588 1379 Ciuil.
612 1361 638 1384 1,
656 1360 682 1384 4.
755 1350 811 1377 Cic.
843 1359 894 1385 pro
927 1348 1006 1377 Arch.
1039 1356 1073 1375 22
1128 1358 1164 1384 15,
1178 1359 1199 1383 3.
1236 1350 1305 1377 Adai.
1320 1358 1344 1383 5,
1359 1359 1397 1383 10,
1410 1356 1433 1381 8.
1469 1351 1561 1384 Qmm
1575 1350 1661 1382 sciret,
1676 1349 1827 1376 adiuratum
1841 1349 1889 1375 esse
1903 1349 1931 1375 in
1944 1351 2033 1376 senatu
2041 1351 2181 1384 'sachunu

34 1386 146 1421 Magnus
179 1387 270 1414 Honos
299 1387 392 1422 Populi
423 1383 500 1414 Rom.
523 1387 599 1414 rebus
632 1385 793 1421 adiungitur.
886 1385 1004 1420 Adiungi
1019 1417 1021 1419 ¹
1036 1384 1074 1410 di·
1128 1392 1166 1419 vt,
1180 1395 1263 1421 quum
1277 1387 1350 1413 mori
1364 1386 1495 1421 coepiffct,
1510 1395 1565 1412 non
1578 1385 1679 1412 liberos
1689 1386 1759 1417 suos,
1772 1385 1814 1411 sed
1827 1385 1961 1419 optimum
1979 1385 2094 1421 aliquem
2108 1387 2181 1422 prin-

34 1429 124 1449 cuntur
153 1431 194 1449 res
222 1426 249 1449 in
280 1423 531 1450 Medicamentorum
558 1421 724 1458 compositione
755 1421 875 1449 Scribon.
903 1422 959 1453 236.
1016 1421 1072 1447 Cic.
1087 1430 1116 1457 35
1127 1422 1214 1457 cipem
1227 1422 1325 1450 fiaceret
1337 1423 1444 1457 Vopisc.
1459 1422 1576 1448 Florian.
1591 1432 1611 1448 c.
1629 1430 1648 1448 1.
1686 1422 1759 1456 Conj.
1775 1421 1812 1447 Id.
1828 1421 1857 1447 in
1871 1421 1972 1448 Tacito
1988 1431 2008 1448 c.
2024 1424 2047 1449 6.

35 1465 86 1491 pro
98 1458 202 1485 Cluent.
216 1463 229 1489 8
250 1460 283 1485 Vt
297 1459 391 1494 aliquis
403 1460 488 1486 Metus
500 1458 635 1486 adiunctus
648 1458 678 1485 fit
693 1458 726 1484 ad
739 1459 859 1493 gratiam.
897 1458 953 1484 Cic.
963 1458 991 1484 in
998 1457 1074 1484 Orat.
1165 1466 1187 1485 A
1196 1465 1215 1486 D
1226 1465 1264 1484 tv
1273 1464 1354 1485 RAT
1363 1464 1382 1484 O
1392 1465 1427 1491 R,
1442 1457 1506 1484 oris.
1533 1458 1589 1491 Qi
1602 1457 1634 1484 ad
1642 1457 1811 1485 Adiuratoris
1826 1458 1964 1484 contemlit
1977 1467 2117 1486 murmura
2130 1459 2181 1485 ser-

36 1501 86 1528 174
124 1490 337 1528 Qiflsocratem
355 1495 469 1521 maxime
486 1496 631 1527 mirantur,
649 1494 699 1520 hoc
719 1494 747 1520 in
760 1494 815 1520 eius
830 1494 938 1520 summis
952 1492 1075 1520 laudibus
1128 1503 1191 1530 pens
1206 1494 1301 1521 Alcim.
1313 1494 1363 1520 Au.
1378 1502 1404 1526 2,
1417 1502 1467 1526 313.
1793 1524 1797 1526 μ
1814 1528 1818 1532 -
1920 1527 1924 1532 Ι

16 1544 18 1562 2
35 1529 141 1563 ferunt,
162 1529 233 1564 quod
246 1530 332 1556 verbis
344 1530 434 1556 solutis
448 1531 580 1557 Numeros
599 1530 699 1565 primus
717 1529 878 1556 adiunxerit.
950 1530 1007 1556 Cic.
1024 1538 1073 1563 pro
1165 1538 1186 1558 Α
1197 1537 1214 1558 D
1226 1538 1263 1557 1V
1272 1537 1292 1557 R
1301 1537 1323 1558 A
1332 1537 1354 1557 Τ
1364 1537 1383 1557 O
1393 1537 1411 1557 R
1422 1538 1431 1556 Ι
1440 1537 1461 1556 ν
1470 1537 1483 1557 S
1492 1549 1500 1562 ,
1520 1538 1550 1562 a,
1570 1538 1624 1556 um.
1664 1528 1837 1555 Adiuratona
1857 1534 1946 1554 cautio
1961 1528 2028 1554 Cod.
2044 1537 2072 1556 12
2093 1528 2134 1555 tit.
2147 1537 2181 1556 22

35 1564 105 1598 Lege
116 1565 207 1591 Manil.
224 1574 254 1597 50
274 1566 350 1591 Nunc
363 1575 444 1599 quum
455 1566 487 1592 ad
499 1567 611 1593 summas
627 1566 755 1592 vtilitates
772 1566 838 1593 haec.
850 1574 957 1601 quoque
969 1567 1074 1600 Oppor-
1129 1566 1177 1597 l.8.
1217 1569 1246 1592 it.
1256 1572 1275 1592 t.
1285 1567 1319 1592 26
1340 1565 1385 1601 l.4
1406 1564 1453 1603 §.2
1475 1572 1567 1598 ett.30
1585 1565 1632 1598 1.3.
1643 1561 1697 1601 §.3.
1733 1565 1802 1599 ‚Qme
1810 1565 1883 1601 vulgo
1891 1565 2145 1592 iurator-immam„

34 1600 131 1626 tunitas
144 1599 316 1634 adiungatur,
331 1606 358 1626 vt
372 1602 401 1626 in
416 1600 457 1627 his
471 1601 531 1636 iplis
544 1602 610 1628 locis
623 1601 701 1634 adsit,
720 1607 749 1628 vt
762 1602 857 1628 habeat
869 1602 1016 1628 exercitum
1025 1621 1032 1633 ,
1045 1606 1115 1637 vt40
1166 1609 1214 1629 AD
1225 1610 1262 1630 [ν
1272 1609 1290 1629 R
1300 1609 1322 1629 A
1331 1608 1352 1628 T
1362 1609 1372 1628 1
1382 1609 1401 1629 Ο
1410 1622 1418 1634 ,
1436 1602 1505 1628 onis.
1542 1601 1669 1628 Instantia
1688 1600 1869 1634 Byrrhaenae,
1897 1609 1964 1635 quae
1979 1610 2039 1627 cum
2054 1601 2182 1627 adiurati-

19 1633 66 1671 ¹ab
80 1634 128 1667 iis,
148 1635 194 1669 qui
209 1634 320 1668 habent,
340 1637 458 1670 accipere
477 1637 564 1664 statim
582 1637 671 1672 possit,
692 1638 758 1672 quid
776 1637 943 1672 expee‘mmus
957 1638 966 1664 3
988 1638 1073 1664 Orna-
1128 1647 1180 1665 one
1194 1639 1255 1664 suae
1269 1637 1358 1664 salutis
1373 1637 1484 1672 ingratis
1497 1636 1610 1672 cogebat
1624 1637 1715 1669 effari,
1729 1636 1841 1671 perfecit
1861 1642 1890 1662 vt
1901 1636 1981 1662 vellet
1994 1637 2071 1671 Apul.
2087 1637 2152 1664 Met.
2165 1644 2183 1664 2

32 1676 119 1696 menta
138 1671 255 1697 oratoria
274 1671 379 1698 dicendi
397 1672 429 1699 ad
448 1673 605 1708 elegantiam
624 1673 770 1700 verborum
789 1674 947 1700 Latinorum
966 1673 1022 1700 Cic.
1045 1673 1074 1699 in
1127 1683 1153 1709 p.
1168 1683 1202 1708 34
1224 1675 1292 1701 Pric.
1309 1675 1402 1710 Nempe
1416 1674 1564 1708 Byrrhaena
1578 1680 1624 1710 prr
1633 1673 1705 1709 suam
1721 1672 1801 1708 spfizm
1809 1673 1917 1709 lelutem
1930 1672 2072 1701 adiurabat-

32 1705 114 1732 Bruto
128 1708 192 1746 261.ι
223 1707 391 1734 Prouinciam
405 1709 461 1736 Cic.
476 1718 525 1744 pro
539 1710 608 1744 Lege
621 1709 715 1736 Manil.
724 1717 760 1743 35.
793 1709 1019 1744 Qiinquagefimo
1028 1708 1073 1735 die
1164 1717 1213 1737 AD
1223 1717 1232 1736 1
1242 1717 1262 1736 v
1272 1717 1290 1736 R
1299 1717 1321 1736 Α
1329 1717 1354 1736 Μ
1364 1717 1380 1736 Ε
1391 1717 1412 1736 Ν
1421 1717 1442 1736 Τ
1453 1717 1473 1736 V
1483 1717 1524 1742 M,
1544 1710 1562 1736 i.
1600 1709 1704 1744 Vulgat.
1720 1707 1796 1736 Tob.
1812 1717 1840 1742 9,
1855 1715 1877 1742 5.

31 1747 114 1768 totam
136 1741 168 1769 ad
185 1743 327 1777 imperium
346 1744 437 1778 populi
457 1746 571 1772 Romani
590 1745 714 1772 Ciliciam
735 1745 865 1772 adiunxit.
906 1745 954 1773 Sed
965 1745 1028 1771 Diu.
1043 1746 1072 1771 in
1163 1753 1336 1778 ADIVTO,
1373 1744 1428 1772 vid.
1448 1752 1498 1772 AD
1508 1753 1518 1772 1
1528 1753 1548 1772 V
1559 1752 1617 1773 vo.

14 1794 15 1801 .
32 1777 108 1804 Caec.
123 1786 144 1803 c.
159 1787 178 1811 4
197 1778 384 1806 Marcellorum
396 1781 501 1807 nomini
518 1787 575 1808 tota
590 1781 730 1808 Prouincia
749 1781 874 1808 adiuneia
888 1781 939 1814 est,
961 1784 979 1807 i.
995 1784 1022 1807 in
1035 1790 1071 1807 eo·
1081 1787 1116 1814 45
1164 1788 1214 1809 AD
1224 1779 1263 1808 1v⁰
1273 1789 1294 1807 V
1304 1788 1323 1808 o
1333 1800 1341 1813 ,
1358 1782 1422 1812 frui,
1440 1784 1532 1812 utum,
1549 1785 1602 1806 are.
1624 1781 1637 1813 [
1645 1780 1757 1813 βοηθέοι,
1771 1780 1940 1816 cuononi-rw,
1955 1779 2052 1816 α’ρήγω,
2072 1780 2184 1818 συνεργοί·

0 1827 14 1835 w
30 1822 85 1841 rum
95 1817 236 1848 patrocinio
250 1813 291 1848 cst.
329 1815 368 1842 Se.
384 1816 439 1843 Cic.
456 1818 527 1843 Fam.
544 1826 569 1849 1,
585 1822 597 1847 8
615 1818 660 1843 Me
675 1817 708 1843 ad
727 1817 783 1843 eius
799 1818 924 1844 Rationes
944 1817 1072 1851 adiungo,
1127 1816 1218 1852 ξομαι,
1235 1815 1339 1850 α’μύνω]
1382 1816 1468 1849 Opem
1488 1815 1574 1845 serre,
1596 1814 1738 1846 auxiliari,
1758 1815 1906 1842 subleuare.
1948 1817 2016 1843 Ter.
2035 1816 2143 1843 Phorm.
2157 1825 2184 1849 3,

32 1858 111 1884 quem
125 1855 153 1876 tu
168 1849 195 1875 in
209 1851 273 1877 meis
286 1850 435 1878 rationibus
450 1852 503 1879 tibi
520 1853 567 1879 esse
583 1852 780 1887 adiungendum
800 1853 904 1888 putasti.
940 1854 972 1879 In
985 1853 1072 1879 Soeie-
1127 1861 1149 1884 3,
1162 1862 1180 1885 4
1201 1852 1258 1884 Qli
1272 1860 1315 1878 me
1328 1850 1427 1876 dudum
1437 1869 1445 1881 ,
1459 1855 1488 1875 vt
1511 1848 1585 1880 dixi,
1605 1849 1740 1875 adiuuerit
1759 1851 1888 1877 comiter?
1916 1851 1972 1876 Cic.
1988 1852 2042 1878 Att.
2058 1859 2084 1885 7,
2101 1860 2110 1877 1
2130 1851 2184 1878 Ad-

11 1902 13 1906 ι
30 1891 112 1912 tatem
125 1885 217 1913 vrbem
232 1886 347 1921 aliquam
361 1888 420 1915 Liu.
435 1896 474 1923 37.
496 1888 554 1915 Sibi
566 1889 683 1921 socium,
698 1888 763 1924 quod
774 1895 797 1914 et
810 1889 918 1915 Socium
930 1888 1072 1913 adsciscere
1127 1888 1194 1912 iuuo
1214 1892 1248 1912 te.
1286 1885 1356 1911 Ter.
1373 1883 1479 1910 Phorm.
1501 1892 1523 1915 1,
1545 1892 1578 1917 4,
1599 1889 1629 1914 28
1660 1885 1751 1911 Fortes
1771 1886 1879 1912 fortuna
1900 1885 2017 1912 adiuuat.
2057 1887 2113 1913 Cic.
2131 1895 2184 1921 pro

31 1919 143 1948 dicimus.
170 1922 227 1948 Cic.
240 1921 272 1948 de
287 1923 344 1949 Fin.
360 1932 387 1955 3,
407 1931 423 1956 9
446 1930 471 1950 et
493 1933 542 1958 pro
562 1924 678 1956 Qiintio
693 1932 722 1949 12
741 1932 762 1948 c.
776 1931 798 1954 3.
841 1922 899 1948 Sibi
919 1923 1020 1947 socium
1039 1921 1071 1946 ad
1129 1921 1245 1952 Quintio
1259 1928 1290 1954 75
1311 1921 1347 1946 Vt
1360 1928 1451 1946 omnes
1464 1919 1629 1953 intelligant,
1641 1929 1695 1945 non
1708 1920 1740 1946 ad
1754 1920 1930 1947 obtinendum
1943 1922 2125 1953 mendacium,
2139 1921 2185 1954 sed¹

11 1953 13 1961 ¹
31 1956 128 1983 malam
145 1965 201 1984 rem
214 1958 296 1985 Plaut.
314 1958 383 1985 Asm.
397 1967 428 1990 2,
444 1967 474 1990 2,
490 1967 532 1985 22.
566 1958 687 1992 Singulos
706 1956 828 1983 adiunxit
848 1956 881 1982 ad
902 1956 1001 1990 singula
1016 1956 1072 1982 Cic.
1086 1964 1116 1989 50
1129 1956 1161 1982 ad
1177 1965 1270 1982 verum
1291 1955 1474 1988 probandum,
1495 1954 1683 1980 aucloritatem
1704 1955 1840 1980 adiuuare.
1879 1955 1953 1980 Idem
1975 1965 2024 1989 pro
2039 1956 2139 1982 Archia
2153 1957 2185 1982 16

30 1991 63 2020 de
74 1992 194 2020 Vniuers.
215 2001 255 2028 37.
290 1993 400 2019 Tauros
420 2000 508 2019 aratro
528 1992 626 2019 Tibul.
641 2002 666 2024 1,
686 2001 724 2024 10,
737 2000 764 2026 7.
806 1991 953 2025 Veeligalia
973 1991 1074 2024 populo
1128 2000 1150 2015 c.
1164 1998 1182 2023 7
1209 1990 1269 2027 Qn-
1286 1989 1408 2022 profe&o
1429 1988 1447 2013 fi
1466 1987 1536 2013 nihil
1556 1988 1588 2013 ad
1606 1989 1818 2023 percipiendam,
1840 1989 2034 2025 colendamque
2053 1991 2187 2018 virtutem

0 2046 2 2049 ,
31 2028 153 2055 Romano
166 2029 222 2055 Cic,
236 2034 327 2054 contra
341 2027 411 2054 Rull.
427 2037 488 2060 1‚13.
524 2028 614 2054 Vitem
628 2028 693 2062 palis
707 2027 809 2054 Tibul..
819 2036 843 2056 1,
858 2031 888 2056 Β,
909 2033 944 2055 33.
982 2026 1072 2061 Vitem
1126 2024 1212 2048 literis
1228 2023 1573 2057 adiuuarentur,nunquam
1589 2024 1614 2049 se
1628 2024 1659 2050 ad
1674 2032 1764 2051 earum
1778 2024 1894 2051 studium
1909 2026 2084 2052 contuiiss'ent.
2106 2026 2185 2055 Idem

29 2064 110 2091 vlmis
126 2065 201 2098 Virg.
217 2064 313 2098 Georg.
329 2073 349 2096 1,
364 2072 387 2090 2.
424 2064 480 2090 Cic.
496 2063 528 2089 de
541 2063 597 2089 Fin.
611 2071 637 2092 2,
650 2071 685 2092 42
707 2061 762 2091 Qui
779 2059 812 2096 ad
834 2058 960 2083 virtutem
979 2057 1072 2096 adiun-
1128 2057 1181 2084 Off.
1194 2066 1217 2089 3,
1233 2065 1260 2090 55
1281 2059 1310 2083 In
1326 2057 1443 2085 filiarum
1463 2059 1640 2086 collocatione
1658 2060 1756 2086 amicos
1777 2060 1912 2087 adiuuant.
1950 2062 2019 2088 Ter.
2029 2062 2110 2089 Andr.
2120 2072 2142 2095 3,
2158 2071 2184 2096 3,

32 2105 96 2133 gunt
109 2098 151 2125 vel
166 2099 347 2134 voluptatem,
362 2107 440 2132 quam
453 2106 529 2123 vnam
544 2097 628 2121 virtus
641 2094 749 2120 minimi
763 2093 836 2132 facit,
849 2092 892 2118 vel
907 2093 1072 2118 Vacuitatem
1128 2101 1157 2118 10
1179 2094 1214 2120 Vt
1229 2102 1271 2119 me
1285 2093 1394 2122 adiuues
1409 2095 1437 2120 in
1450 2094 1498 2121 hac
1512 2104 1541 2121 re
1555 2096 1612 2121 Cic.
1629 2096 1701 2122 Fam.
1716 2104 1742 2128 2,
1758 2106 1769 2129 5
1792 2096 1857 2123 Non
1871 2098 1943 2123 enim
1965 2097 2034 2124 mihi
2054 2104 2109 2124 tam
2123 2108 2185 2127 mea

9 2138 10 2143 ¹
33 2133 143 2161 doloris.
181 2135 236 2161 Cic.
251 2135 283 2160 de
295 2134 352 2159 Fin.
366 2141 389 2164 3,
409 2151 415 2157 .
437 2151 443 2157 .
465 2151 472 2158 .
501 2131 587 2165 Atque
602 2135 631 2156 vt
644 2138 658 2155 e
673 2135 765 2155 natura
778 2132 869 2161 viuat,
889 2128 1008 2155 onrem
1028 2127 1071 2155 ad·
1086 2134 1114 2160 55
1126 2128 1194 2156 salus
1209 2138 1268 2156 cara
1284 2129 1353 2162 fuit,
1369 2130 1398 2156 in
1411 2139 1462 2166 qua
1476 2131 1618 2165 praecipue
1633 2132 1689 2158 sum
1704 2132 1809 2158 adiutus
1824 2132 1856 2159 ab
1872 2133 1935 2165 illo,
1952 2143 2046 2168 quam,
2061 2141 2108 2160 etc.
2132 2136 2183 2161 En-

31 2169 157 2203 iungere,
176 2173 202 2194 et
215 2167 283 2194 velle
301 2176 333 2193 ex
347 2175 376 2193 ea
389 2166 486 2193 liberos
501 2173 650 2201 procreare.
1126 2164 1187 2191 nius
1202 2174 1243 2200 ap.
1256 2165 1313 2191 Cic.
1328 2166 1361 2192 de
1374 2166 1432 2193 Sen.
1448 2175 1457 2193 1
1479 2167 1504 2194 O
1518 2167 1603 2200 Tite,
1618 2167 1703 2203 siquid
1718 2177 1768 2203 ego
1783 2168 1894 2195 adiuero
1910 2170 1961 2202 (al.
1976 2170 2089 2203 adiuro)
2103 2174 2121 2196 i.
2138 2170 2184 2197 ad·

65 2210 114 2231 An
125 2209 222 2230 [VNG
232 2210 248 2230 Ε
258 2209 374 2235 NDVS,
400 2202 462 2229 Vide
474 2203 582 2237 exempla
589 2201 636 2236 Jirb
653 2200 800 2235 Diligentia
812 2206 835 2227 et
852 2201 877 2227 se
890 2199 921 2226 ad
935 2200 1070 2228 Rationes.
1125 2203 1218 2228 iuuero.
1264 2201 1464 2229 Plaut.Poenul.
1479 2213 1508 2237 4,
1523 2211 1548 2236 2,
1565 2206 1599 2229 60
1620 2203 1648 2230 Si
1663 2204 1729 2239 quid
1745 2213 1773 2231 tu
1787 2205 1913 2237 adiutus,
1935 2209 1953 2231 i.
1969 2207 1996 2233 Si
2009 2209 2035 2231 in
2049 2215 2075 2232 re
2088 2207 2124 2233 ali
2142 2215 2183 2239 ua,

8 2255 9 2258 =
66 2246 116 2266 AD
126 2247 164 2266 iv
174 2247 194 2265 N
204 2246 279 2266 CTV
289 2246 317 2270 s,
342 2238 434 2265 Partic.
457 2238 513 2264 Cic.
526 2238 557 2264 de
572 2238 635 2264 Nat.
649 2237 729 2263 Deor.
744 2246 776 2269 z,
793 2244 832 2269 135
855 2237 952 2271 Aspera
971 2237 1070 2264 arteria
1125 2238 1180 2270 vel,
1194 2247 1221 2264 re
1235 2238 1327 2273 aliqua.
1364 2239 1421 2265 Cic.
1436 2239 1513 2266 Verr.
1530 2248 1550 2271 1,
1565 2244 1592 2272 83
1612 2240 1667 2266 Iam
1689 2240 1759 2267 nihil
1781 2248 1807 2267 te
1822 2241 1953 2268 iudicium
1968 2242 2086 2268 Neronis
2107 2215 2183 2269 agiu-

6 2279 9 2303 )
31 2274 127 2304 ostium
140 2274 218 2301 habet
233 2274 385 2301 adiun&um
397 2274 502 2309 linguae
517 2273 658 2300 radicibus.
694 2274 762 2300 Hor.
777 2273 833 2298 Art.
848 2274 921 2299 Po‘e't.
937 2277 981 2307 178
1001 2272 1071 2299 Sem·
1125 2279 1179 2300 vat.
1216 2273 1286 2301 Ter.
1301 2275 1366 2300 Hec.
1381 2283 1405 2308 3,
1420 2283 1443 2308 5,
1460 2283 1488 2301 io
1511 2275 1568 2309 Qi
1589 2275 1622 2302 fic
1636 2277 1711 2309 sunt,
1731 2275 1802 2303 haud
1821 2277 1935 2303 multum
1952 2276 2092 2304 haeredem
2108 2278 2184 2304 adiu-

31 2319 80 2346 per
93 2311 121 2338 in
134 2310 264 2338 adiuanis
277 2319 397 2345 aeuoque
409 2309 576 2337 morabimur
589 2310 664 2344 aptis.
700 2308 849 2335 Adiun6‘me
862 2317 939 2340 aues,
959 2312 978 2334 i.
991 2308 1111 2336 Adia-60
1126 2314 1206 2342 vant,
1228 2319 1278 2336 non
1296 2312 1400 2340 multum
1419 2314 1441 2337 ei
1461 2312 1620 2347 relinquunt,
1640 2312 1704 2339 vnde
1724 2312 1802 2340 ditior
1814 2313 1875 2349 fiat.
1925 2313 2060 2339 Adiuuare
2079 2314 2185 2340 auxilio

7 2363 8 2378 ³
34 2352 114 2384 gatae.
137 2346 217 2374 Ouid.
232 2348 290 2373 Am.
305 2355 332 2379 1,
346 2355 372 2379 1,
389 2349 424 2373 26
443 2346 498 2372 Cic.
520 2354 568 2380 pro
587 2345 691 2372 Cluent.
706 2354 736 2377 3ο
755 2355 777 2372 c.
795 2353 823 2371 10
842 2344 994 2370 Aceruatim
1017 2345 1071 2371 iam
1126 2345 1188 2372 Liu.
1202 2354 1247 2379 29,
1269 2365 1275 2373 .
1297 2366 1303 2373 .
1326 2367 1333 2374 .
1365 2347 1406 2374 Slc
1419 2346 1555 2373 Adiuuare
1563 2347 1674 2375 eonfilio
1689 2348 1757 2375 Ter.
1772 2349 1868 2375 Heaut.
1884 2356 1914 2382 5,
1929 2358 1961 2382 2,
1980 2358 2024 2382 29.
2045 2350 2134 2384 Opera
2153 2358 2185 2376 ae

6 2386 8 2407 Ι
34 2382 150 2417 reliqua,
165 2382 281 2415 Iudices,
294 2382 394 2415 dicam,
408 2388 437 2409 vt
450 2381 482 2408 ad
496 2390 534 2414 ea,
545 2390 611 2416 quae
624 2381 752 2416 propiora
765 2381 844 2407 huius
861 2380 968 2420 causae,
988 2386 1015 2406 et
1028 2379 1072 2406 ad·
1126 2390 1157 2408 re
1171 2380 1209 2408 Id.
1225 2381 1305 2409 Phor.
1319 2390 1342 2416 5,
1357 2391 1380 2416 3,
1395 2390 1417 2415 3.
1456 2383 1568 2409 Auxilio
1582 2383 1664 2410 Plaut.
1679 2383 1748 2411 Rud.
1758 2384 1787 2417 1,
1804 2394 1840 2418 4,
1855 2394 1895 2418 39.
1916 2385 2032 2411 Auxiliis
2051 2392 2078 2412 et
2097 2385 2185 2420 copiin

36 2418 167 2446 inutiliora
179 2419 246 2451 sunt,
259 2419 420 2453 perueniam.
443 2418 559 2446 Ventum
572 2417 605 2444 ad
618 2425 708 2444 veram
720 2423 747 2444 et
760 2415 979 2443 adiunctiffimam
993 2424 1072 2451 quae·
1127 2418 1185 2444 Cic.
1200 2418 1272 2444 Fam.
1288 2427 1297 2445 1
1307 2438 1315 2451 ,
1333 2426 1360 2453 7.
1397 2417 1484 2446 Fa&is
1498 2419 1536 2446 Id.
1552 2419 1609 2446 Cas.
1622 2428 1655 2453 2,
1674 2429 1708 2454 4,
1729 2428 1754 2455 7.
1779 2419 1885 2454 Qiibus
1899 2420 1977 2448 rebus
1999 2421 2185 2455 indiguerunt,

6 2461 8 2487 ς
35 2453 146 2482 stionem
158 2454 285 2489 Arnob.7
302 2463 328 2489 p.
341 2463 400 2488 243.
1127 2453 1232 2480 adiuuit
1246 2454 1315 2489 Nep.
1330 2461 1371 2487 25,
1385 2462 1412 2488 9,
1424 2463 1446 2487 3.
1575 2453 1595 2493 fl
1618 2464 1634 2482 2
1656 2457 1686 2483 In
1700 2456 1829 2482 Medicina
1837 2456 1963 2492 frequens
1976 2455 2017 2490 est.
2043 2466 2066 2483 υ.
2073 2466 2100 2494 g.
2114 2457 2183 2484 Scri-

34 2492 35 2495 ’
71 2497 166 2517 Anlv
175 2498 278 2518 Ncrv
288 2497 328 2523 M,
347 2490 474 2517 Substant.
502 2489 603 2517 Gellius
617 2489 670 2516 dici
679 2495 770 2525 putat,
789 2487 862 2524 quod
876 2487 972 2514 Graeci
985 2498 1073 2520 συνημ-
1083 2491 1115 2523 63
1126 2488 1191 2516 bon.
1204 2490 1299 2524 Comp.
1316 2495 1360 2524 198
1392 2490 1510 2518 Adiuuat
1530 2496 1556 2517 et
1575 2492 1678 2518 nitrum
1691 2498 1765 2518 aceto
1779 2492 1894 2518 dilutum
1913 2498 1940 2520 et
1951 2492 2051 2519 datum.
2083 2494 2115 2520 It.
2131 2498 2183 2523 188.

35 2526 118 2558 μένον,
128 2525 224 2560 diluam
242 2526 339 2553 dicunt.
373 2526 405 2553 Id
424 2526 577 2553 adiunctum
589 2534 655 2552 vero
669 2525 720 2551 tale
737 2525 788 2557 est,
807 2525 834 2550 Si
854 2524 927 2550 Plato
946 2522 1074 2556 ambulat,
1128 2525 1246 2552 Adiuuat
1257 2525 1326 2553 bene
1340 2524 1378 2552 Id.
1392 2531 1444 2559 189.
1465 2528 1554 2560 Qnam
1568 2527 1715 2562 plurimum
1730 2527 1857 2562 bene187.
1897 2529 1938 2555 Sic
1949 2535 1972 2554 et
1981 2528 2078 2564 paffiua
2091 2528 2185 2565 sor-ma

35 2561 109 2588 Plato
121 2570 255 2589 mouetur:
274 2562 292 2589 si
306 2562 362 2589 dies
374 2562 427 2595 est,
445 2562 488 2589 Sol
502 2562 537 2588 est
551 2563 628 2596 super
641 2568 731 2588 terraS.
767 2560 832 2600 vid..
843 2559 924 2600 Noet.
938 2559 1017 2586 Attic.
1033 2562 1072 2600 16,
1120 2561 1236 2598 saepius,
1257 2567 1286 2588 vt
1308 2564 1431 2596 178-196.
1449 2568 1501 2595 198.
1516 2571 1576 2589 200.
1621 2563 1669 2590 Vbi
1683 2565 1757 2590 etiam
1770 2562 1923 2597 covfiruitur
1941 2574 1994 2591 curn
2008 2564 2123 2601 praepos:
2139 2573 2185 2598 ex,
2213 2570 2218 2576 “

4 2598 7 2635 J
37 2601 62 2626 8.
98 2597 155 2623 Cic.
168 2597 267 2632 Topie.
282 2606 309 2630 53
328 2607 349 2624 c.
363 2600 392 2624 16
415 2599 640 2632 Consequentium
653 2597 726 2624 locus
742 2596 775 2623 ab
791 2595 922 2623 adiundhs
941 2595 1019 2630 longe
1033 2595 1073 2622 di·
1126 2603 1157 2625 ‚vt
1171 2602 1210 2630 185
1226 2597 1358 2624 Adiuuari
1372 2597 1469 2625 debent
1483 2607 1514 2625 ex
1526 2599 1593 2626 vino
1607 2608 1683 2626 mero
1697 2605 1777 2634 atque
1789 2599 1916 2634 plurinw.
1954 2601 1995 2627 Sic
2008 2603 2060 2627 206
2073 2600 2184 2635 Sangui-

4 2664 5 2669 *
39 2632 128 2659 versus
143 2631 188 2658 est.
215 2633 294 2667 &Nam
305 2632 429 2660 adiunc'ta
439 2641 494 2659 non
507 2634 606 2668 semper
622 2633 764 2665 eueniunt,
784 2631 970 2666 consequentia
983 2637 1073 2658 autem
1128 2633 1169 2659 nis
1183 2633 1335 2667 eruptiones
1350 2642 1364 2660 e
1376 2633 1485 2661 naribus
1498 2634 1606 2662 adiuuat
1625 2635 1813 2670 (emplastrum
1825 2635 1931 2667 viride)
1956 2636 1989 2663 It.
2004 2635 2071 2663 ibid.
2099 2636 2184 2663 Adiu-

39 2667 149 2701 semper.
185 2664 340 2703 Add.'’1'op.
355 2677 386 2701 50
406 2677 428 2694 c.
447 2676 480 2694 11.
505 2669 578 2695 Idem
597 2668 628 2695 de
641 2670 742 2696 Inuent.
758 2678 792 2701 2,
805 2677 834 2702 41
856 2667 959 2694 Deinde
981 2667 1113 2704 viden-70
1126 2674 1171 2695 vat
1183 2669 1327 2702 coeliacos,
1346 2670 1519 2703 torminosos,
1531 2671 1620 2697 ventri
1633 2677 1691 2697 toto
1703 2670 1905 2698 circumdatum.
2049 2669 2069 2709 q
2092 2681 2104 2705 3
2128 2674 2185 2700 Iam

39 2702 101 2738 dum
115 2702 159 2735 est,
167 2703 233 2737 quid
244 2703 397 2730 adiunftum
412 2703 443 2730 fit
457 2705 582 2739 negotio;
603 2704 652 2731 hoc
665 2705 701 2731 est
713 2704 779 2740 quid
791 2704 885 2736 maius,
896 2702 961 2738 quid
973 2703 1072 2735 minus,
1127 2706 1194 2732 alias
1206 2705 1336 2741 formulas
1353 2707 1484 2733 literarum
1505 2706 1593 2732 ordine
1611 2706 1732 2734 dabimus.
1772 2706 1908 2734 Adiuuare
1922 2708 1998 2734 Artes
2019 2707 2101 2735 Ouid.
2115 2709 2183 2735 Met.

3 2736 5 2762 ε’
37 2737 104 2801 quid
115 2746 198 2773 aeque
211 2747 335 2774 magnum
348 2739 392 2773 fit,
412 2739 477 2774 quid
491 2740 589 2774 limile,
608 2749 640 2768 ex
657 2740 754 2776 quibus
773 2739 926 2767 comes-‘iura
944 2739 1073 2774 quaedam
1128 2749 1164 2773 13,
1179 2743 1237 2771 866.
1275 2741 1342 2768 Plin.
1350 2750 1392 2775 23,
1407 2751 1417 2768 1
1439 2741 1650 2768 Concotffionem
1664 2743 1753 2769 minus
1768 2739 1913 2770 adiuuants
1941 2743 1998 2770 Cic.
2012 2744 2084 2770 Fam.
2100 2753 2138 2777 ro,
2152 2753 2183 2770 10

3 2780 5 2788 ⁴
56 2773 150 2800 ucitur.
186 2774 239 2801 vid.
262 2782 493 2803 CONNExVM.
1127 2776 1246 2803 Subueni
1263 2777 1378 2812 patriae,
1399 2777 1532 2812 opitulare
1551 2778 1680 2813 collegae,
1700 2779 1822 2806 omnium
1842 2779 1962 2814 gentium
1980 2780 2134 2807 consensum
2155 2786 2183 2806 et

74 2816 318 2844 AD1VNC'1'10,
337 2811 406 2840 onis.
433 2811 584 2847 [πρόθεσις]
621 2812 677 2840 Cic.
698 2812 730 2840 de
744 2812 802 2839 Fin.
816 2820 849 2844 2,
870 2831 877 2838 .
898 2831 904 2839 .
928 2831 935 2838 .
970 2812 1001 2838 111
1014 2810 1073 2847 qui·
1127 2808 1552 2848 incredibilem⁴conspirationem
1564 2814 1671 2841 adiuua.
1710 2814 1858 2841 Confilium
1877 2816 1934 2842 Sen.
1950 2815 2043 2842 Medea
2058 2823 2084 2851 7.
2122 2815 2180 2843 Cic.

38 2843 88 2872 bus
103 2844 174 2872 nulla
194 2846 230 2873 est
249 2847 356 2874 virtutis
376 2847 528 2881 adiunctio,
549 2851 566 2875 i.
580 2848 696 2884 Accqffio.
731 2849 793 2875 Sine
808 2847 980 2874 adiunctione
992 2853 1073 2875 mate·
1083 2858 1115 2886 73
1129 2849 1183 2876 Att.
1197 2856 1224 2884 7,
1238 2857 1268 2883 14
1289 2850 1334 2876 Me
1347 2849 1411 2875 Pom
1431 2849 1487 2876 eius
1495 2850 1612 2884 Capuam
1625 2850 1718 2877 venire
1729 2851 1833 2884 voluit,
1853 2856 1879 2878 et
1892 2851 2020 2878 adiuuare
2038 2850 2180 2878 delectum.

36 2881 94 2908 riae
105 2881 212 2921 Arnob.
227 2891 237 2909 1
258 2892 282 2917 p.
298 2888 338 2914 28.
382 2884 420 2918 Q
433 2884 489 2911 Cic.
504 2884 536 2910 de
550 2885 627 2911 Petit.
647 2885 726 2911 Cons.
742 2893 771 2920 17
792 2893 814 2910 c.
832 2885 848 2909 6
868 2882 972 2910 Tribus
992 2883 1072 2910 rebus
1128 2884 1204 2912 Idem
1221 2884 1258 2911 ib.
1274 2893 1312 2918 12,
1320 2893 1356 2919 42
1376 2858 1429 2911 Seni)
1439 2885 1564 2912 ferendus
1578 2886 1630 2913 tibi
1646 2887 1674 2916 in
1684 2886 1735 2913 hoc
1746 2896 1819 2913 meus
1837 2896 1922 2914 error.
1936 2886 2075 2914 ferendus?
2095 2887 2181 2914 immo

35 2915 158 2944 hommes
171 2918 285 2946 maxime
299 2919 330 2946 ad
344 2918 557 2947 beneuolentiam
572 2920 718 2953 ducuntur,
733 2919 882 2952 beneficio,
905 2920 964 2954 spe,
980 2919 1073 2946 adiun-
1128 2930 1195 2948 vero
1210 2921 1290 2947 etiam
1304 2920 1479 2948 adiuuandus.
1517 2922 1662 2949 Facultates
1676 2923 1787 2949 alicuius
1801 2922 1866 2949 Plin.
1875 2922 1954 2956 Epist.
1969 2928 1992 2954 8,
2006 2925 2032 2954 6,
2046 2930 2064 2956 7
2084 2922 2114 2948 de
2129 2932 2182 2948 mu·

37 2952 216 2982 &ionemimi
225 2955 268 2982 vel
276 2955 420 2982 voluntate.
456 2956 708 2984 vid.AD1VNG1-:RE
724 2957 860 2983 Animum.
897 2955 1074 2991 Cle.Att.7,2
1128 2966 1193 2984 nere.
1231 2958 1355 2984 Formam
1369 2966 1431 2984 cura
1446 2957 1528 2984 Ouid.
1536 2958 1642 2991 Met.2,
1657 2966 1715 2993 752.
1752 2958 1919 2984 Histrionem
1938 2957 2051 2983 multum
2070 2957 2182 2984 adiuuat

38 2989 140 3029 Etenim
153 2989 172 3016 fi
183 2989 247 3018 haec
264 3000 319 3018 non
332 2991 368 3018 est
376 3012 385 3025 ,
401 2991 472 3019 nulla
486 2992 569 3027 potest
582 2992 687 3019 homini
700 2994 748 3020 effe
766 2991 799 3019 ad
811 2991 947 3018 hominem
963 2998 1074 3020 naturae
1128 2992 1255 3028 palaestra
1268 2993 1324 3020 Cic.
1337 2993 1385 3020 Or.
1393 3002 1432 3027 14.
1468 2994 1577 3028 Ignem,
1596 2998 1614 3021 ι’.
1628 2997 1709 3030 magis
1724 2997 1832 3020 excitare
1847 3000 1871 3019 et
1889 2993 2044 3030 inflammare
2061 2993 2122 3019 Liu.
2136 3001 2180 3027 34.

39 3023 188 3052 adiunctio:
208 3035 260 3062 qua
271 3027 385 3060 sublata,
399 3028 470 3055 vitae
486 3029 595 3056 societas
609 3029 722 3058 tollitur.
760 3030 798 3055 De
809 3033 940 3063 parentum
952 3037 1033 3054 amore
1046 3031 1073 3054 in
1083 3037 1115 3063 80
1128 3028 1210 3056 Ouid.
1224 3029 1290 3055 Met.
1306 3037 1351 3061 1ο,
1371 3031 1425 3062 640
1462 3046 1471 3051 -
1492 3047 1502 3052 -
1523 3046 1533 3052 -
1554 3029 1739 3064 Cythereaque
1758 3038 1928 3064 comprecor,
1946 3028 2010 3055 ausis
2048 3028 2121 3055 Adfit
2140 3029 2181 3057 ait

33 3059 95 3100 fif&
107 3061 222 3096 loquitur.
334 3061 356 3102 ff
376 3072 393 3090 2
414 3064 470 3091 Cic.
484 3064 515 3091 de
529 3066 632 3092 Inuent.
647 3074 672 3098 2,
684 3073 725 3100 ¹7¹
746 3065 832 3098 Atque
846 3063 926 3090 etiam
937 3063 988 3090 hoc
1002 3063 1073 3091 mihi
1128 3065 1240 3097 nostris,
1253 3070 1279 3091 et
1292 3073 1359 3100 quos
1373 3064 1446 3091 dedit
1460 3065 1570 3092 adiuuet
1584 3067 1665 3100 ignes.
1702 3066 1832 3092 Insaniam
1847 3065 1969 3096 alterius,
1983 3064 2066 3091 Plaut.
2081 3064 2178 3099 Amph.

40 3094 134 3136 videor
146 3096 253 3130 videre,
265 3099 314 3125 else
329 3099 453 3135 quasdam
467 3110 526 3127 cum
542 3101 713 3128 adiunc‘lione
727 3098 931 3132 neceffitudines,
948 3099 1074 3135 quasdam
1128 3109 1155 3134 2,
1168 3110 1194 3134 2,
1207 3102 1262 3128 166.
1300 3100 1436 3128 Adiuuare
1448 3110 1540 3128 manus
1554 3110 1634 3134 voce,
1654 3104 1671 3127 i.
1686 3101 1843 3128 acclamando
1856 3101 1996 3127 laborantes
2015 3100 2097 3127 Ouid.
2111 3100 2180 3128 Fast.

0 3165 1 3172 ἵ
38 3130 166 3166 (implices
176 3138 205 3158 et
217 3132 352 3164 absolutas.
387 3135 459 3163 Nam
477 3137 555 3164 aliter
573 3137 661 3164 dicere
681 3137 810 3168 solemus,
833 3134 928 3169 Neceffi·
941 3133 976 3170 qli
989 3135 1074 3170 Casili·
1128 3146 1158 3170 4,
1172 3145 1228 3170 302.
1266 3136 1324 3164 Cic.
1338 3136 1371 3164 de
1383 3137 1459 3164 Orat.
1481 3146 1512 3170 2,
1531 3145 1574 3170 103
1596 3139 1687 3172 Qum
1706 3138 1736 3164 C.
1752 3137 1852 3164 Marius
1872 3144 2024 3162 moerorem
2047 3136 2180 3164 orationis

0 3175 1 3182 ¹
38 3167 157 3207 nmftsfi
171 3167 255 3194 dedere
268 3171 402 3203 Annibali,
415 3171 462 3206 721st
474 3174 563 3200 malint
592 3182 643 3199 ame
651 3175 751 3209 perire:
771 3171 847 3197 aliter
859 3177 960 3205 autem,
977 3171 1075 3206 Nec-effi}
1129 3181 1205 3199 meae
1215 3173 1336 3208 praesens
1348 3182 1376 3200 ac
1391 3173 1482 3200 sedens
1494 3173 1608 3200 multum
1626 3173 1747 3206 lacrymis
1766 3172 1817 3198 suis
1836 3171 1983 3198 adiuuaret.
2018 3172 2181 3207 Nequitiam

37 3200 73 3236 1511
85 3203 215 3237 Gzstlinum
228 3207 311 3243 ucm're
323 3207 490 3235 inAmu’halis
497 3215 556 3245 pote
579 3216 650 3235 atem.
671 3208 729 3235 Illic
745 3208 774 3234 in
787 3207 919 3242 superiore
934 3207 1072 3234 adiunctio
1087 3218 1116 3248 85·
1129 3209 1274 3244 praeceptis
1292 3208 1408 3243 Qnffll.
1428 3218 1460 3241 2,
1481 3217 1515 3242 15,
1530 3217 1570 3241 32.
1613 3209 1706 3236 Salices
1726 3207 1913 3243 aquationibus
1930 3207 2026 3234 Pallad.
2047 3208 2125 3235 Febr.
2140 3216 2179 3243 17.

37 3237 74 3265 est
88 3237 163 3280 hasscs
185 3241 242 3280 ,Nis'
256 3241 344 3281 malint
351 3242 421 3278 fame
429 3247 526 3280 perire.-
547 3244 565 3272 fi
579 3245 651 3271 enim
667 3244 695 3271 id
708 3243 816 3276 malint,
836 3252 889 3270 non
909 3244 945 3270 est
965 3245 1072 3271 necesse.
1129 3244 1197 3272 Cels.
1213 3254 1238 3278 2,
1254 3254 1282 3271 10
1303 3244 1352 3272 Sed
1366 3244 1385 3273 fi
1396 3245 1500 3271 nullum
1513 3251 1602 3271 tamen
1614 3250 1721 3280 apparet
1741 3243 1813 3270 aliud
1826 3243 1973 3276 auxilium,
1992 3244 2180 3279 periturusque

38 3274 98 3302 Hoc
111 3275 222 3302 inferius
237 3284 291 3302 non
307 3283 387 3310 item,
403 3286 541 3314 propterea
554 3280 626 3316 quod
640 3280 693 3307 fiue
707 3279 791 3307 velint
805 3278 973 3306 Casilinenses
989 3281 1015 3307 se
1030 3279 1074 3306 de·
1129 3281 1161 3308 fit
1172 3281 1220 3316 qui
1232 3280 1346 3313 laborat,
1360 3280 1409 3308 nisi
1420 3281 1561 3308 temeraria
1575 3289 1682 3316 quoque
1700 3279 1745 3306 via
1758 3279 1841 3306 fuerit
1855 3279 1968 3307 adiutus.
1995 3280 2180 3312 Voluntatem,

38 3309 115 3351 dere,
136 3310 189 3338 fiue
204 3311 302 3352 famem
317 3315 418 3348 per-peti
436 3321 513 3350 atque
528 3317 565 3343 ita
579 3317 682 3352 perire,
708 3315 804 3343 necesse
818 3314 854 3341 est
868 3315 1010 3343 Casilinum
1030 3325 1074 3343 ve·
1130 3318 1252 3352 Augere,
1270 3322 1316 3343 aut
1329 3316 1480 3344 Subleuare.
1518 3317 1575 3344 Cic.
1589 3316 1622 3343 de
1635 3315 1744 3343 Amicit.
1786 3315 1924 3348 Comiter,
1951 3315 2066 3350 Lepide,
2088 3315 2179 3343 Muni-

37 3354 97 3373 mre
116 3347 145 3374 in
162 3347 300 3374 Annibalis
322 3349 481 3383 potestatem.
530 3354 607 3389 Vulgo
627 3359 717 3379 vocant
739 3350 919 3379 Neceffitatem
941 3352 1074 3379 conditio·
1130 3353 1187 3380 fiee.
1215 3352 1273 3380 Vid.
1281 3353 1339 3389 suis
1353 3354 1423 3379 locis.
1459 3352 1567 3380 Adiuuo
1584 3362 1643 3379 cum
1652 3350 1799 3377 Infinitiuo.
1815 3351 1966 3385 Ρ1111.11,24
1985 3350 2019 3378 ad
2031 3351 2076 3378 fin.
2114 3350 2179 3378 Pha-

38 3381 133 3409 nalem.
275 3381 295 3422 ff
317 3393 329 3417 3
355 3384 498 3412 Adiunffio
511 3386 599 3423 forma
611 3387 725 3425 loquendi
738 3386 791 3422 flue
811 3391 953 3421 exornatio,
972 3398 1032 3424 quae
1044 3395 1115 3426 vt90
1130 3388 1329 3424 langiatantum
1343 3389 1373 3415 in
1385 3388 1441 3424 ipso
1455 3390 1531 3424 specu
1544 3388 1669 3414 incubant
1682 3395 1805 3421 magnum
1816 3396 1973 3413 numerum:
1991 3387 2038 3422 qui
2050 3392 2079 3413 vt
2094 3395 2178 3414 emer-

39 3418 124 3444 maelius
137 3418 305 3456 intelligatur,
325 3429 443 3461 cognatae
461 3424 534 3449 etiam
545 3423 645 3459 formae
661 3422 817 3460 apponendae
825 3422 887 3459 fimt
901 3432 933 3450 ex
948 3424 1025 3451 Auel.
1041 3423 1074 3451 ad
1129 3426 1209 3458 serit,
1221 3430 1334 3452 matrem
1346 3425 1493 3457 consumit,
1507 3425 1581 3459 saepe
1593 3430 1618 3450 et
1632 3428 1746 3457 patrem:
1768 3422 1876 3450 adiuuat
1893 3424 1965 3450 enim
1984 3422 2129 3454 incubare,
2148 3431 2178 3448 ex
2219 3424 2224 3431 “

39 3452 105 3480 Hel·-
118 3463 152 3487 4,
166 3463 197 3490 37
213 3465 234 3481 c·
249 3463 291 3490 27.
329 3455 480 3484 Disiunffio
501 3457 554 3491 est,
569 3469 631 3487 cum
650 3469 760 3492 eorum,
784 3458 817 3485 de
837 3457 931 3493 quibus
949 3460 1074 3493 dicimus,
1131 3459 1213 3494 Arzst.
1239 3459 1380 3496 συνεπωοὲζει
1400 3461 1433 3494 τζῆ
1450 3461 1550 3492 θηλείᾳ.
1693 3455 1714 3497 fl
1734 3467 1753 3492 4
1775 3457 1839 3492 Paffi
1859 3459 1916 3486 Cic.
1937 3458 1970 3486 de
1986 3458 2023 3485 N.
2039 3458 2070 3484 D.
2085 3467 2116 3490 2,
2132 3466 2179 3491 134.

41 3495 86 3516 aut
97 3496 254 3526 vtmmque,
267 3497 313 3518 aut
326 3492 536 3528 vnumquodque
554 3500 626 3522 certo
643 3495 811 3523 concluditur
822 3494 905 3522 verbo
913 3515 922 3529 ,
934 3495 981 3522 fic:
996 3498 1075 3532 Popu-
1131 3498 1208 3531 Qiae
1220 3496 1356 3523 confec‘lio
1369 3496 1450 3523 etiam
1466 3505 1481 3523 a
1494 3496 1582 3530 lingua
1599 3493 1721 3521 adiuuari
1741 3494 1856 3521 videtur.
1933 3496 1964 3521 Et
1975 3493 2008 3520 de
2021 3494 2069 3520 Or.
2083 3500 2110 3526 1,
2131 3495 2179 3520 126

41 3523 80 3550 lus
92 3525 159 3563 Rom.
174 3527 335 3554 Numantiam
347 3528 452 3562 delusit,
473 3529 652 3566 Karthaginem
659 3529 777 3567 sustulit,
797 3530 939 3558 Corinthum
957 3532 1074 3565 disiecit,
1130 3534 1162 3560 In
1176 3532 1289 3560 dicendo
1301 3541 1356 3559 non
1369 3532 1482 3559 multum
1495 3541 1509 3558 a
1521 3529 1646 3564 magistro
1659 3529 1792 3557 adiuuari.
1831 3531 1991 3566 Impcrfhnal.
2007 3530 2088 3555 Plaut.
2103 3529 2180 3564 Capt.

42 3559 166 3596 fregellas
178 3565 267 3589 euertit
285 3578 330 3585 —
360 3565 442 3597 Item,
464 3566 564 3592 Formae
577 3565 691 3602 dig-nitas
703 3573 747 3594 aut
760 3565 843 3593 morbo
860 3565 1010 3604 deflorefhit,
1030 3574 1074 3595 aut
1087 3580 1118 3607 93
1132 3577 1156 3602 2,
1173 3577 1193 3601 1,
1209 3574 1223 3599 8
1243 3570 1274 3596 In
1287 3578 1316 3595 re
1330 3568 1399 3595 mala
1411 3568 1501 3594 animo
1515 3566 1532 3592 si
1545 3565 1618 3592 bono
1631 3572 1715 3599 vtare,
1733 3565 1850 3593 adiuuat.
1890 3565 1954 3599 Paſj:
1962 3564 2062 3591 Sallust.
2072 3564 2104 3591 de
2110 3565 2178 3600 Rep.

42 3593 334 3637 vetustate—exstinguitur
349 3614 403 3620 —
442 3600 608 3628 Coniunffio
627 3601 680 3634 est,
699 3611 759 3629 cum
777 3602 975 3636 interpositione
995 3603 1075 3631 verbi
1131 3604 1228 3632 Ordin.
1246 3604 1280 3631 ad
1294 3605 1448 3636 Caesarem,
1468 3603 1538 3629 Nam
1554 3601 1607 3628 fiue
1621 3600 1684 3635 hae,
1702 3603 1746 3629 seu
1767 3602 1880 3630 meliore
1900 3601 1952 3628 alia
1972 3601 2017 3627 via
2036 3609 2145 3636 perges,
2163 3609 2179 3629 a

44 3634 71 3656 et
89 3630 231 3665 superiores
251 3635 380 3662 orationis
401 3643 485 3671 partes
503 3636 779 3672 comprehenduntur,
803 3643 829 3664 et
849 3637 1005 3674 inferiores,
1025 3639 1076 3666 hoc
1132 3649 1176 3668 me
1189 3640 1299 3676 quidem
1311 3649 1360 3675 pro
1372 3639 1449 3666 viri-li
1461 3644 1532 3673 parte
1546 3636 1647 3665 dielum
1660 3644 1687 3665 et
1699 3638 1819 3665 adiutum
1835 3637 1924 3664 fuerit.

46 3665 138 3693 modo:
161 3668 258 3696 Formae
269 3670 384 3708 dignitas
395 3679 440 3699 aut
456 3673 537 3700 morbo
552 3673 699 3710 dgflorescit,
712 3679 755 3699 aus
766 3670 894 3706 oemstate.
929 3675 1077 3703 Adiunelio
1170 3677 1270 3704 Anu?
1279 3684 1300 3703 T
1310 3683 1369 3709 vs,
1389 3675 1482 3701 Partic.
1504 3673 1721 3710 [βεβοηθημένος]
1746 3674 1815 3701 .Cic.
1823 3674 1897 3701 Orat.
1910 3681 1937 3698 12
1954 3671 2180 3708 Philosophorum

48 3698 167 3740 (ἥμεναι
178 3703 297 3738 verbum,
305 3716 359 3742 quo
366 3716 407 3734 res
418 3708 669 3744 comprehenditur,
683 3717 739 3735 non
751 3709 956 3745 interponimus,
973 3712 1018 3739 sed
1031 3717 1078 3739 aut
1134 3711 1358 3747 disputationibus
1377 3716 1404 3737 et
1420 3709 1564 3744 exagitatus
1584 3710 1700 3737 maxime
1720 3716 1812 3737 orator
1826 3709 1878 3741 est,
1899 3714 1925 3734 et
1944 3707 2058 3735 adiutus.
2096 3708 2179 3735 Ouid.
2218 3720 2221 3722 ·

46 3743 234 3779 prmmm,aut
245 3741 404 3775 postremum
417 3744 584 3772 collocamus.
621 3745 739 3772 Primum
757 3743 808 3771 hoe
823 3744 911 3780 ρεᾶοι
929 3747 1213 3784 DeflorescitmoEpist.
1228 3758 1253 3782 1,
1272 3757 1304 3783 43
1342 3763 1352 3768 —
1376 3763 1386 3768 -
1406 3762 1416 3768 ·
1443 3745 1546 3772 adiutus
1568 3744 1601 3772 ab
1620 3755 1684 3773 vno·
1722 3746 1806 3772 Amor
1827 3744 1862 3771 est
1881 3743 1988 3770 adiutus
2007 3744 2068 3771 fatis
2088 3743 2178 3771 Sabin·

38 3769 145 3810 formae
155 3773 268 3810 dignitas
285 3783 328 3805 aut
345 3779 427 3806 morbo
445 3788 489 3807 aut
509 3778 638 3815 vetustate.
674 3780 839 3807 Postremum
857 3780 903 3809 fic:
922 3784 978 3810 Aut
993 3783 1077 3811 morbo
1134 3785 1154 3812 E
1174 3784 1214 3811 ist.
1222 3793 1246 3818 3,
1261 3792 1298 3811 21.
1334 3781 1432 3809 Adiuta
1446 3781 1517 3808 vires
1532 3780 1604 3809 hasta
1617 3782 1663 3809 Sil.
1673 3781 1730 3809 Ital.
1745 3784 1771 3813 6,
1786 3789 1846 3814 249.
1884 3778 2013 3806 Adiutum
2026 3781 2084 3806 nim
2095 3780 2180 3806 telum

4 3843 6 3845 ,
45 3811 90 3832 ‘²⁸¹²
105 3806 222 3841 vefflflflst'
234 3809 332 3852 Ῐοΐηζσε
345 3813 374 3840 di
399 3817 459 3842 zitas
473 3815 618 3853 deflorescit.
662 3815 750 3844 Eodem
764 3815 839 3853 forte
850 3820 959 3853 pertinet
971 3819 1028 3846 Cic.
1045 3817 1078 3846 de
1134 3794 1173 3847 Id).
1189 3828 1211 3854 5,
1225 3821 1283 3854 326.
1322 3817 1420 3845 Adiuta
1438 3817 1474 3843 est
1492 3818 1597 3845 nouitas
1617 3819 1727 3844 numine
1749 3815 1836 3843 nostra
1857 3814 1902 3841 dei
1915 3815 1997 3842 Ouid.
2014 3815 2046 3842 de
2058 3816 2143 3842 Ponto
2159 3824 2181 3847 1,

45 3841 120 3873 05³1·
134 3851 157 3875 3,
172 3846 223 3871 206
254 3846 284 3873 Et
297 3856 325 3874 111
336 3857 366 3876 ea
383 3858 426 3877 em
440 3851 523 3879 verba
536 3852 649 3888 impetus
669 3858 696 3879 et
709 3851 861 3886 concursu),
881 3859 908 3881 et
921 3853 1078 3888 Adiune'tio,
1135 3865 1170 3890 13,
1185 3865 1229 3889 24.
1267 3853 1355 3882 Nerui
1368 3853 1459 3888 aliquo
1473 3854 1612 3881 conamine
1625 3854 1711 3880 adiuti
1728 3851 1810 3879 Ouid.
1825 3852 1890 3877 Met.
1906 3859 1940 3884 15,
1953 3860 2014 3885 224.
2043 3851 2101 3878 Val.
2110 3851 2181 3878 Flac.

43 3882 70 3919 et
90 3878 237 3918 progressio.
269 3885 408 3924 Authserte
424 3887 502 3914 Iasius
519 3894 603 3923 patet,
621 3886 700 3926 eslque
719 3890 858 3926 generatim
876 3897 918 3923 ea,
934 3899 1005 3928 quam
1025 3890 1078 3918 Ad·
1133 3897 1163 3925 2,
1176 3897 1221 3926 523
1241 3890 1334 3918 Ventis
1347 3889 1579 3923 adiuta‘vetustas,
1592 3889 1622 3916 de
1634 3893 1716 3918 ruina.
1760 3886 1817 3914 Vid.
1831 3887 1964 3914 hichurm.
1978 3895 2000 3914 et
2007 3887 2135 3914 Drakenb.
2149 3885 2183 3912 ad

42 3912 186 3941 rectionem
199 3922 271 3944 vocae
282 3919 411 3962 Qimftil.
423 3930 451 3956 9,
465 3932 488 3957 3,
500 3929 540 3954 28,
1087 3927 1182 3969 [σίδη.
1197 3935 1226 3965 7,
1238 3933 1294 3962 354.
1329 3924 1443 3954 Adiutus
1464 3924 1497 3954 ad
1516 3932 1543 3954 te
1555 3925 1676 3960 Scribon.
1696 3924 1743 3960 Ep.
1759 3922 1797 3953 Id.
1813 3923 1908 3962 Comp.
1924 3932 1969 3956 ao.
1986 3923 2183 3958 (Medicamen-

77 3956 336 3988 AMVNCTOR,
354 3964 425 3990 om,
444 3967 481 3986 ιιι.
507 3959 666 3996 [κριθὴ-ηε]
703 3961 755 3997 Qui
767 3958 866 3997 aliquid
877 3959 1001 4001 adiungis.
1019 3962 1077 3991 Cic.
1102 3982 1130 3986 -.-
1172 3974 1174 3976 ·
1436 3960 1463 3990 Ο
1497 3970 1516 3992 2
2112 3961 2182 3989 tum)
