2474 4182
21 431 22 447 ἶ
66 441 181 478 firuotus
194 439 236 474 est.

22 1083 23 1106 ξ
68 1081 187 1107 animum
213 1080 265 1106 tine
286 1080 378 1107 furore
397 1087 475 1116 atque
496 1081 609 1107 amentia
627 1090 682 1107 non
701 1080 794 1107 linunt.

52 2056 120 2079 ,non
133 2047 260 2074 constitit.

470 137 737 179 CON

72 235 164 257 norata
183 228 265 255 virtus
284 225 345 253 suit.
402 227 449 255 Sed
468 227 512 254 hoc
528 225 602 262 forte
620 223 717 260 quidam
735 224 826 250 malint
844 234 859 251 α
879 225 970 251 consto
990 224 1109 251 deriuari.

73 267 173 293 Dicitur
194 265 256 288 enim
275 263 375 289 constat
395 263 466 289 fides.
539 262 595 287 Cic.
616 268 665 294 pro
678 260 798 286 Marcell.
819 269 847 292 23
875 270 897 287 c.
916 268 932 295 7
960 261 1110 294 Doleoque,

73 308 152 336 quum
167 298 289 332 Respubl.
307 299 465 325 immortalis
484 297 531 324 esse
545 295 652 326 debeat,
669 303 726 320 eam
747 296 775 321 in
788 296 864 322 vnius
880 296 1000 323 mortalis
1021 297 1110 322 anima

71 333 214 362 consistere.
288 335 359 361 Caes.
375 334 438 360 Bell.
454 333 520 360 Gall.
532 340 555 364 3,
569 340 598 364 14
622 331 718 356 Omnis
736 332 845 358 Gallicis
866 332 978 359 nauibus
1000 332 1060 366 Spes
1080 331 1110 356 in

72 370 137 397 velis
151 371 372 405 armamentisque
386 368 545 396 consistebat.
618 365 690 391 Idem
704 367 767 393 Bell.
780 368 862 394 Ciuil.
877 377 899 403 3,
913 377 942 401 ¹4
962 368 1000 394 lta
1013 367 1110 401 exiguo

71 412 189 440 tempore
204 414 300 440 magno
317 406 375 432 casu
389 405 470 431 totius
491 400 618 429 exercitus
634 402 705 428 Salus
724 404 849 430 constitit.
871 407 889 430 i.
903 410 971 430 totus
989 406 1112 429 exercitus

307 441 362 468 Cic.
381 449 428 474 pro
445 439 548 466 Cluent.
563 444 597 470 79
622 438 721 464 Similis
741 439 769 464 in
784 439 888 471 Bulbo,
910 439 938 465 in
959 439 1056 469 Gutta,
1080 437 1110 471 in

68 476 130 503 aliis
143 476 278 504 nonnullis
291 476 409 510 Suspicio
422 472 588 504 consistebat,
614 476 631 498 i.
650 472 789 506 conjhmter
802 474 965 501 conumiebat.
1036 472 1111 499 Idem

71 512 142 539 Fam.
165 521 210 546 11,
233 521 262 544 13
290 512 354 538 Sane
368 519 444 546 quam
464 509 520 534 sum
535 508 653 542 gauisus,
674 509 701 535 in
724 509 773 536 hoc
786 511 857 537 enim
874 509 1023 535 Victoriam
1045 514 1109 542 puto

71 545 217 574 consistere.
289 546 430 574 Rhetorica
447 544 475 569 iu
496 543 555 570 actu
576 544 708 577 Qiine‘til.
723 555 748 578 2,
772 552 805 576 18.

71 592 112 610 122
133 585 164 610 ln
177 583 226 610 hoc
246 583 328 617 igitur
340 587 412 608 tanto
429 585 534 614 tamque
552 580 681 607 immenso
701 590 809 616 campo,
830 590 890 608 cum
909 580 986 606 liceat
1004 585 1107 605 oratori

72 620 162 654 vagari
176 619 273 651 libere,
292 625 369 652 atque
382 615 532 650 Vbicunque
546 615 709 650 constiterit,
729 618 867 644 consistere
881 617 910 643 in
923 617 978 643 suo.
1034 614 1108 641 Idem

70 662 96 686 2,
110 663 162 680 200
188 655 218 681 In
231 653 376 688 possessione
390 651 485 677 iudicii
497 660 525 678 ac
541 652 701 678 defensionis
715 653 774 679 stiae
788 653 935 680 consistere.
972 650 1082 685 Qiinsz't.
1091 658 1110 681 1,

72 697 118 724 5,7
132 691 203 716 Intra
216 699 255 722 ea,
263 697 328 724 quae
340 687 522 721 profitentium
537 689 762 715 commentariolis
775 689 878 723 vulgata
890 689 951 715 sunt
964 686 1111 713 consistere.

72 725 140 752 Hor.
169 726 249 752 Serm.
276 732 296 755 1,
323 731 343 755 ι,
365 731 409 757 107
434 724 475 749 Est
489 724 584 749 modus
600 724 627 750 iu
641 724 734 755 rebus,
760 725 818 751 sunt
830 724 895 750 certi
910 723 1024 757 denique
1037 721 1112 753 fines,

71 762 147 794 Quos
170 762 238 788 vltra
259 759 376 793 citraque
399 760 492 794 nequit
507 759 645 786 consistere
663 759 775 786 reftum.
804 761 873 786 velut
884 768 983 785 examen
997 761 1023 783 in
1038 758 1112 784 libro.

70 797 126 823 Cic.
142 796 174 823 de
189 797 244 823 Fin.
259 802 287 828 4,
303 803 314 827 3
334 795 448 821 Videsne
462 795 546 830 igitur
561 797 693 821 Zenonem
709 802 783 821 tuum
803 805 862 822 cum
882 794 1005 821 Aristone
1024 793 1113 820 verbis

69 831 218 864 consistere,
236 839 265 857 re
279 830 397 856 diffidere
413 833 421 857 ἴ
493 831 530 857 Id.
540 832 609 857 Fam.
619 838 646 865 7,
660 838 687 864 ¹7
708 832 788 864 Qiod
802 832 854 858 iam
868 830 968 856 videris
983 835 1054 855 certa
1067 828 1114 855 ali-

70 875 122 901 qua
134 867 162 892 in
177 866 303 891 sententia
315 866 463 892 constitisse.
541 867 661 893 Pisonem
675 867 747 892 nulla
762 867 789 893 in
804 876 833 894 re
846 865 983 894 consistere
997 873 1113 899 vnquam

70 903 126 928 sum
140 901 218 936 passus
239 901 294 927 Cic.
308 902 360 927 Att.
377 911 397 934 1,
413 904 449 928 16.
469 904 487 928 i.
503 905 554 928 eius
567 902 665 935 coustlia
680 905 822 929 inter-uerti.

69 937 135 964 stitit
153 937 232 963 Ouid.
254 938 318 962 Met.
334 939 366 969 6,
381 942 441 972 627.
459 945 489 963 vt
502 947 549 964 non
564 939 670 973 amplius
677 937 789 978 fureret.
859 939 951 965 Mente
965 945 1019 962 non
1035 936 1116 962 confl-

68 973 149 1004 stere,
169 971 217 1006 est,
229 972 322 1008 jurore
342 981 364 998 ct
385 973 499 1000 vecordia
514 977 636 1009 percitum
648 973 691 1007 este
705 984 713 998 .·
749 976 794 1009 qui
807 976 869 1000 enim
877 972 974 1009 fursofi
983 972 1060 1008 siant,
1078 974 1115 998 ia-

68 1005 170 1035 &antur
195 1015 218 1035 et
237 1011 385 1044 agitamur,
412 1018 486 1046 neque
509 1011 549 1036 uel
565 1017 663 1045 corpore
682 1010 723 1035 ve!
736 1013 817 1036 animo
834 1006 1116 1045 corzquiessbcr⁴epoJfi171t.

68 1044 124 1071 Cic.
154 1045 228 1071 Verr.
254 1053 274 1076 1,
298 1052 313 1078 7
334 1054 354 1070 c.
368 1053 379 1076 3
401 1046 552 1080 Religiones
585 1060 631 1066 -—-
667 1045 782 1072 violatae
817 1060 864 1065 —
899 1043 1045 1071 Confistere
1058 1042 1115 1068 eius

70 148 164 190 1¹85

66 1115 124 1143 Nec
140 1125 204 1143 vero
218 1123 243 1142 te
259 1125 372 1151 vnquam
386 1126 471 1151 neque
485 1117 656 1151 vigilantem,
675 1126 762 1152 neque
776 1118 804 1144 in
818 1116 916 1143 somnis
931 1115 1009 1142 credo
1027 1118 1115 1153 mente

67 1154 136 1187 potl'e
157 1152 303 1178 consr‘ere.
342 1152 410 1178 Hinc.
422 1160 446 1178 et
458 1156 527 1179 iocus
542 1153 582 1178 ille
596 1153 680 1179 Plauti
694 1154 772 1180 Poen,
787 1163 806 1185 1,
821 1161 843 1185 2,
858 1160 895 1184 133
918 1157 973 1177 AG.
994 1151 1113 1176 Suntmi-

67 1191 97 1214 hi
112 1196 182 1214 intus
196 1188 271 1214 attrei
284 1188 371 1214 nescio
386 1188 458 1222 quod
472 1188 635 1223 lymphatici.
672 1196 706 1215 Μ.
722 1188 826 1216 deserto
840 1187 870 1214 ad
884 1195 942 1218 me,
967 1185 1030 1212 faxo
1044 1190 1114 1211 actu-

66 1227 124 1250 tum
142 1224 286 1251 constiterit
301 1222 498 1258 lymphaticum.
535 1225 701 1261 Significas}
714 1234 801 1252 numos
812 1223 898 1251 habere
907 1243 914 1254 ‚
940 1223 984 1258 qui
997 1223 1063 1247 exire
1076 1230 1116 1257 ge·-

61 1258 146 1294 stiant
156 1280 162 1291 ,
184 1270 226 1286 »ιι-ο
238 1264 362 1294 consistere
377 1267 481 1295 queant,
494 1259 542 1294 fid
562 1261 710 1296 symphatici
715 1261 772 1295 sint
790 1267 862 1294 atque
877 1257 975 1294 fizriofi
989 1267 996 1281 :
1026 1257 1116 1293 firuus
1131 1267 1163 1291 30
1178 1257 1377 1285 consobrinum
1402 1260 1518 1294 appellat.

63 1298 196 1331 pollicetur
210 1297 369 1325 medicinam,
386 1294 460 1331 fi‘que
473 1294 619 1329 eff‘effurum
628 1316 636 1329 ,
651 1295 712 1330 vtfi
725 1296 792 1332 adse
804 1294 951 1330 de’ferantur
967 1294 1115 1328 lymphatici

68 1341 153 1360 numu
173 1330 320 1366 consiliant,
339 1334 464 1367 quietique
474 1332 611 1358 reddantur
617 1333 709 1368 sanato
716 1331 809 1368 furore
821 1337 844 1356 et
857 1329 1007 1365 lymphatico
1022 1329 1112 1355 morbo.

69 1368 124 1394 Cic.
138 1377 187 1402 pro
199 1368 286 1394 Domo
299 1375 340 1399 139
359 1368 512 1394 Praesertim
531 1376 615 1402 quum
634 1368 681 1394 iste
697 1369 831 1402 impurus,
849 1372 894 1391 etc.
924 1371 1012 1399 ageret
1039 1364 1113 1391 illam

69 1412 127 1431 rem
141 1411 176 1431 ita
188 1404 283 1438 raptim
297 1410 323 1429 et
335 1402 503 1436 turbulente,
523 1410 550 1430 vt
564 1411 649 1438 neque
662 1411 750 1436 mens,
767 1410 854 1436 neque
867 1409 935 1432 VOX,
956 1409 1041 1435 neque
1061 1401 1112 1426 lin-

70 1448 120 1475 gua
135 1440 289 1466 contisteret.

70 1483 157 1502 tuerat
182 1475 253 1502 enim
274 1474 374 1501 referre
393 1479 521 1509 gratiam)
540 1480 569 1501 vt
580 1482 665 1507 neque
679 1480 783 1507 mente,
802 1481 889 1507 neque
903 1473 1008 1507 lingua,
1028 1480 1114 1506 neque

67 1519 190 1538 oratione
204 1510 360 1537 consisteret.
430 1511 485 1536 Cic.
499 1511 531 1536 de
545 1509 645 1536 Sene&
658 1516 695 1544 74
709 1519 729 1535 c.
742 1519 776 1536 20
797 1511 913 1536 Mortem
933 1510 1015 1543 igitur
1028 1507 1115 1534 omni-

68 1545 115 1572 bus
130 1548 201 1573 horis
215 1546 409 1581 impendentem
422 1545 533 1576 timens,
550 1545 610 1580 quis
624 1546 770 1581 tranquillo
793 1546 866 1580 possit
885 1545 975 1571 animo
997 1543 1115 1570 consiste-

67 1590 97 1608 re
111 1583 119 1608 3
191 1583 232 1610 Sic
255 1581 380 1608 Constitit
401 1580 542 1607 confilium
569 1581 625 1607 Cic.
643 1582 696 1607 Att.
712 1587 735 1614 8,
751 1590 782 1608 11.
855 1580 901 1608 scd
915 1580 1060 1607 Consistere
1073 1588 1116 1614 pe-

67 1617 141 1644 &ore
154 1619 246 1652 nequit
259 1616 411 1649 consilium,
426 1624 476 1652 pro
489 1619 520 1643 In
534 1616 642 1651 pe&ore
662 1617 730 1644 Ter.
746 1617 822 1644 Adel.
835 1628 863 1651 4,
877 1627 904 1651 4,
919 1626 946 1651 4.

868 1689 931 1715 Sunt
944 1695 967 1713 et
979 1689 1043 1713 aliae
1053 1687 1114 1722 for-

63 1726 142 1752 mutae
154 1725 334 1759 metaphoricae
346 1731 375 1750 vt
388 1723 453 1750 Plin.
469 1733 509 1758 14,
524 1727 541 1751 6
561 1724 589 1750 de
602 1728 686 1756 uinis,
715 1725 897 1751 Baeterrarum
917 1724 985 1750 intra
1014 1722 1114 1749 Gallias

64 1760 179 1787 consistit
194 1759 355 1786 Auctoritas.
376 1763 394 1785 i.
407 1759 530 1794 nohileejli
544 1764 630 1787 vinum
650 1760 728 1792 illud,
741 1760 790 1796 fid
812 1759 879 1795 apud
901 1759 984 1785 Gallos
1006 1765 1112 1785 tantum.

65 1797 148 1822 Plaut.
164 1795 233 1822 Asin.
246 1805 268 1828 3,
285 1804 303 1827 1,
319 1804 348 1830 ¹7
370 1796 425 1821 Vbi
439 1797 562 1830 quiesco,
579 1796 667 1822 omnis
680 1796 799 1823 familiae
813 1797 889 1822 causa
908 1794 1024 1821 consistit
1045 1795 1111 1827 tibi,
1128 1807 1163 1833 45

66 1834 131 1858 nihtl
139 1832 254 1868 proce-sit
267 1831 333 1858 κᾶε
346 1832 496 1867 ι’νί]’.1ηυ[ι’11.
568 1833 695 1866 Legatum
708 1832 839 1864 consistit,
853 1839 900 1867 pro
919 1833 990 1857 Valet
1011 1831 1114 1857 Africa-

64 1877 113 1895 nus
126 1869 154 1894 in
168 1868 185 1894 l.
206 1868 311 1894 seruum
328 1867 379 1893 filii
393 1868 425 1893 D.
438 1867 470 1893 de
484 1867 534 1902 leg.
547 1869 653 1903 primo,
674 1868 786 1894 Seruum
801 1867 853 1894 filii
865 1867 904 1894 sui
918 1867 1049 1893 castrensis
1068 1875 1112 1901 pe-

65 1904 131 1931 culii
146 1905 230 1939 legare
243 1911 316 1938 pater
329 1905 420 1938 potest.
492 1905 523 1930 Et
538 1905 556 1930 si
569 1905 635 1930 viuo
649 1911 722 1938 patre
735 1911 857 1931 mortuus
871 1903 900 1930 sit
915 1903 997 1936 filius,
1005 1909 1031 1929 et
1044 1901 1114 1937 apud

64 1946 167 2003 patrem
201 1938 335 1974 peculium
366 1939 504 1972 remansit,
525 1939 640 1966 consistit
653 1940 778 1973 legatum.
849 1940 890 1967 Sic
904 1939 932 1965 de
947 1939 1113 1974 Vsucapione

84 1976 200 2011 apinian.
221 1977 250 2001 in
271 1975 288 2002 l.
309 1975 426 2010 denique
453 1976 485 2001 D.
501 1984 533 2001 cx
546 1975 642 2011 quibus
658 1975 737 2002 causis
750 1975 880 2007 maiores,
897 1975 982 2001 Placet
995 1975 1111 2002 interru-
1125 1988 1158 2015 50
1176 1976 1315 2010 copulatos
1327 1976 1502 2003 matrimonio
1519 1975 1547 2002 in
1561 1975 1686 2010 potestate
1699 1975 1805 2002 habent.

64 2019 136 2046 ptam
150 2011 326 2046 possessionem
341 2011 507 2045 postliminio
522 2020 577 2037 non
591 2011 694 2038 restitui
709 2023 714 2037 2
749 2012 813 2047 quia
822 2011 884 2039 haec
898 2011 950 2037 sine
963 2010 1112 2046 poss'effione

315 2048 356 2074 Sic
369 2047 564 2081 Obligationes,
572 2056 638 2082 quae
645 2056 700 2074 non
713 2048 830 2083 propriis
842 2047 945 2074 viribus
959 2047 1110 2079 consistunt,

65 2092 152 2118 neque
165 2082 256 2109 officio
269 2082 382 2115 iudicis,
397 2091 482 2118 neque
496 2085 625 2118 praetoris
638 2084 754 2118 imperio
765 2083 965 2116 confirmantur,
979 2083 1114 2117 Papinian.

67 2119 97 2146 iu
119 2119 136 2145 l.
160 2118 337 2153 obligationes
351 2119 382 2144 D.
397 2118 430 2145 de
447 2118 544 2146 action.
559 2125 585 2146 et
597 2118 707 2153 obligat.
779 2120 862 2145 Vsura
892 2119 1022 2151 consistit,
1041 2127 1113 2154 quum

67 2164 116 2181 non
130 2155 247 2189 procedit
267 2155 324 2180 Cic.
340 2155 393 2181 Att.
406 2158 433 2186 6,
448 2154 466 2181 1‘.

67 2191 111 2217 liis
123 2198 147 2216 et
154 2193 250 2226 pugnis
262 2191 413 2216 translatum
426 2188 459 2222 cst
471 2190 506 2216 ad
515 2189 600 2221 bellum
614 2188 677 2216 illud
691 2196 714 2215 ει
727 2192 907 2215 contentionem
913 2190 983 2225 fori.
1040 2187 1113 2214 Vide-

65 2233 108 2252 tur
120 2229 170 2252 iam
186 2226 290 2252 Plautus
304 2229 342 2251 ita
358 2224 471 2259 accepiffi
492 2226 570 2252 Curc.
584 2234 613 2258 4,
624 2232 651 2256 2,
667 2227 696 2252 16
717 2224 760 2251 ubi
772 2227 800 2250 in
814 2226 912 2251 lenones
920 2227 1038 2260 periuros
1049 2223 1112 2250 dici-

65 2267 123 2287 tur:
146 2261 201 2287 Nec
219 2260 358 2287 vobiscum
371 2262 511 2295 quisquam
529 2260 557 2286 in
579 2259 643 2286 foro
664 2261 738 2295 frugi
761 2260 900 2287 consistere
921 2260 999 2287 audet
1013 2271 1019 2286 ι
1055 2260 1112 2294 Qni

65 2295 198 2330 constitit,
225 2296 329 2331 culpant
353 2305 414 2323 eum
435 2303 481 2323 etc.
555 2296 628 2321 Forte
648 2297 696 2323 huc
715 2296 814 2332 referas
834 2299 908 2323 ctiam
921 2297 978 2323 Cic.
992 2297 1067 2323 Orat.
1080 2305 1112 2328 30

64 2332 215 2359 Cautidicus
239 2332 341 2358 subtilis
354 2339 380 2358 et
397 2332 517 2367 elegans,
537 2337 563 2358 et
583 2331 632 2366 qui
657 2332 687 2358 in
712 2331 860 2359 forensibus
882 2332 961 2358 causis
982 2332 1114 2367 praeclare
1130 2340 1165 2364 60
1178 2341 1199 2357 c.
1214 2339 1240 2364 7.

878 903 919 928 Ira
933 900 1046 927 infracta
1054 909 1115 926 con·
1124 913 1160 931 20
1177 900 1319 927 Sororinus
1334 909 1338 924 :

1172 1190 1319 1222 prognati:
1355 1187 1486 1214 Pan-ucles
1524 1196 1581 1214 vcro
1615 1198 1642 1214 ex
1659 1195 1751 1223 patruo
1767 1191 1890 1224 prognati
1904 1199 1911 1213 .-

362 1439 417 1465 Cic.
430 1440 468 1473 Q
479 1441 598 1470 Frat.2,3
628 1439 660 1465 Et
679 1444 765 1464 tantus
786 1438 886 1464 clamor
907 1446 921 1463 a
935 1437 1030 1463 nostris
1044 1436 1113 1470 (pla-
1128 1446 1157 1473 35
1179 1437 1283 1462 sobrini
1297 1437 1479 1464 consobrinae.

1002 1615 1113 1650 Qiindt.
1122 1628 1160 1653 40
1178 1616 1353 1643 consobrinos
1377 1616 1565 1649 consobrinas,
1586 1617 1657 1652 quasi
1681 1618 1878 1644 consororinos.

21 1674 22 1683 ,
66 1652 136 1679 Deci.
150 1662 200 1686 349
221 1654 362 1684 Sermone,
386 1654 417 1678 Vt
430 1661 462 1678 ne
477 1653 542 1679 illud
556 1652 665 1688 quidem
679 1652 764 1679 adhuc
776 1654 895 1680 inueniri
909 1653 1114 1687 potuerit,quae

21 1687 22 1691 ’
65 1689 138 1715 caul'a
155 1689 253 1715 faceret
267 1689 427 1715 dementiam
436 1707 444 1720 ‚
463 1687 512 1714 vbi
526 1689 638 1715 Animus
651 1689 808 1716 consisteret.

1577 141 1856 182 CON

1174 223 1356 252 consistorium
1371 226 1517 260 appellatur
1540 228 1658 257 Tertull.
1675 230 1706 258 dc
1720 232 1825 257 Resurr.
1840 240 1861 257 c.
1878 240 1920 258 20.

1174 259 1494 295 libidinumpublicarum
1517 264 1555 290 Id.
1568 265 1600 290 ad
1616 268 1666 291 Vx.
1681 277 1701 293 c.
1717 270 1741 293 6.
1764 271 1782 293 i.
1795 269 1910 302 lupanar.

1210 301 1226 320 C
1238 301 1257 320 Ο
1268 303 1289 334 N
1298 304 1310 322 S
1321 304 1328 322 1
1340 304 1384 336 s-‘P
1394 304 1413 323 O
1423 304 1441 323 R
1454 304 1463 322 1
1474 305 1495 324 A
1508 305 1526 322 Ν
1539 307 1547 324 1
1571 302 1680 327 comites
1709 304 1771 338 sunt
1801 302 1938 336 consiliarii
1950 312 1958 326 .·
1988 304 2041 329 vid.
2064 307 2117 333 ICt.
2132 315 2154 333 et
2169 311 2219 335 Iac.

1176 330 1293 370 Gothojr.
1308 333 1377 366 DiJc.
1393 331 1460 365 ΗΜ.
1475 333 1508 359 ad
1523 334 1551 360 L.
1567 337 1696 370 Qiisquis
1730 339 1759 364 C.
1775 338 1806 364 ad
1819 339 1907 365 L.Iul.
1921 338 2064 365 Maiestatis
2078 351 2101 375 p.
2117 351 2176 374 ςοει
2187 353 2219 376 >¹¹-

2115 170 2117 174 2
2139 154 2220 199 1186

2027 237 2219 266 Confistorium

1135 375 1149 401 ς
1174 366 1384 400 Despicientibus
1400 368 1593 396 consistorianis
1614 373 1745 400 Ammiani.
1763 382 1796 406 ις,
1811 382 1831 406 ς.
1852 375 1893 400 ubi
1901 374 1951 400 vid.
1966 375 2046 409 Vales-

1212 408 1228 428 c
1239 408 1258 427 ο
1270 410 1291 428 N
1301 410 1313 428 s
1323 410 1343 429 T
1354 410 1392 429 1T
1403 411 1411 429 1
1422 410 1441 430 o
1452 424 1460 436 ,
1483 408 1548 430 onis.
1567 406 1585 431 f.
1624 408 1761 440 Gell.16,5
1783 412 1812 435 ln
1826 418 1858 436 co
1871 410 1942 442 loeo,
1957 410 2004 444 qui
2018 410 2220 439 dominumeius

1175 436 1270 463 domus
1292 438 1432 479 salutatum
1455 447 1598 472 venerant,
1619 444 1771 477 priusquam
1797 444 2017 477 admitterentur,
2036 446 2220 473 consistebant:

1174 478 1200 512 et
1215 481 1299 512 neque
1314 483 1342 500 m
1356 475 1400 501 via
1413 475 1529 508 stabant,
1549 485 1634 510 neque
1648 478 1716 504 intra
1730 479 1805 506 aedes
1818 488 1902 508 crant.
1958 480 1998 507 Ab
2013 481 2058 507 illa
2073 490 2136 515 ergo
2148 491 2218 515 gram·

1175 508 1215 534 dis
1231 507 1285 533 loct
1298 510 1471 541 constitione,
1489 517 1514 537 et
1529 513 1598 545 quasi
1612 514 1724 547 quadam
1737 514 1911 542 stabulatione
1923 537 1931 548 ‚
1955 515 2079 550 Vestibula
2092 518 2222 551 appellata

874 545 929 571 Cic.
951 544 982 570 de
997 545 1071 570 Orat.
1086 551 1109 582 3,
1127 560 1156 579 ,ο
1175 544 1250 575 sunt,
1267 550 1312 571 etc.
1350 546 1427 580 Apud
1442 547 1610 573 Mam-obium
1628 550 1654 580 6,
1669 553 1681 577 8
1699 551 1792 585 legitur
1805 552 1967 578 Coniistioue
1983 561 1987 575 :
2024 553 2070 587 fid
2082 555 2152 580 male.

1213 585 1383 613 CONSITIO,
1406 587 1613 615 CONStTVRA,
1633 590 1810 618 cousrrvs,
1831 588 1882 613 utel.
1903 595 2056 615 coNsERo.

1209 621 1402 655 CO.NS¹VA›
1429 618 1484 644 vid.
1515 624 1593 645 ors.

1209 653 1404 691 (ΜΝ-8013111
1419 658 1440 677 Ν
1453 659 1512 693 Vs,
1534 654 1551 680 i.
1572 664 1607 680 m.
1629 653 1761 688 [οἷνιφιὸς]
1798 657 1961 684 Consobrini
1974 658 2116 691 dicuntur,
2136 658 2224 694 quiex

1175 685 1275 713 duabus
1290 686 1426 712 sororibus
1441 688 1507 714 editi
1531 690 1604 721 sunt,
1625 690 1696 725 quali
1722 692 1915 724 consororini,
1932 695 1963 719 dc
1985 694 2081 728 quibus
2104 695 2224 729 exempla

1131 736 1156 763 ¹3
1176 722 1260 748 multa
1273 723 1332 748 sunt
1347 722 1374 748 in
1386 722 1503 757 antiquis
1516 725 1669 752 auctoribus
1678 747 1686 757 ‚
1707 733 1732 752 et
1746 728 1861 753 maxime
1875 729 1902 753 in
1916 730 2043 762 Afranio,
2063 736 2088 756 et
2101 731 2168 757 iuris
2180 739 2223 757 vc-

1175 757 1315 798 tulliffimis
1333 758 1514 794 scriptoribus.
1590 763 1656 788 Haec
1676 763 1782 788 Nonius
1798 771 1842 795 19,
1857 772 1873 796 9
1894 768 1911 789 i.
1931 768 1958 790 in
1972 766 2023 800 ipso
2035 766 2089 800 fine
2106 768 2223 802 opusculi.

1178 794 1320 833 Cic-Fam.
1335 802 1358 826 2,
1376 802 1403 826 19
1423 794 1494 821 Nam
1520 795 1591 828 quod
1613 797 1645 822 ad
1666 806 1708 823 me
1732 798 1828 825 Curius
1842 799 2013 826 consobrinus
2026 809 2103 833 tuus,
2125 810 2151 827 vt
2166 803 2224 834 scis,
2261 818 2263 821 .

1178 829 1246 855 mihi
1260 830 1375 855 maxime
1389 830 1552 856 necessarius.
1660 832 1728 859 Ter.
1744 835 1808 860 Hec.
1824 843 1850 866 3,
1865 843 1890 867 5,
1904 844 1920 867 9
1942 836 2014 862 Cedo
2028 837 2093 870 quid
2112 837 2224 872 reliquit

1179 865 1277 891 Phania
1290 865 1463 892 consobrinus
1477 865 1564 892 noster
1577 866 1586 891 ἒ
1701 869 1747 893 Vbi
1762 870 1878 896 Donatus
1893 882 1897 896 z
1936 871 2133 905 Consobrinus,
2152 873 2223 907 quasi

1375 901 1484 928 Sobrini
1498 901 1571 927 enim
1585 902 1642 927 sunt
1656 910 1687 927 ex
1699 902 1799 929 duabus
1820 906 1954 932 sororibus
1969 915 1974 931 τ
2010 908 2172 934 consobrini
2193 917 2224 935 ex

1177 936 1260 962 fratre
1275 943 1300 962 et
1315 938 1422 969 sorore,
1442 946 1470 963 ac
1497 937 1705 972 propinquitatis
1728 939 1910 973 frequentatae
1941 943 2089 969 Terentius
2124 951 2224 971 monet.

1179 971 1344 1004 Idemstatim
1353 972 1425 1007 post,
1463 974 1555 1006 Qium
1569 973 1601 999 de
1614 973 1695 1000 fratre
1707 981 1782 1000 natus
1797 974 1832 1000 est
1846 976 1926 1008 alter,
1962 984 1987 1003 et
2001 979 2066 1004 alter
2079 987 2110 1005 ex
2126 980 2166 1005 sor
2176 989 2224 1010 re,

1180 1008 1365 1034 Consobrini:
1403 1018 1485 1043 quum
1499 1018 1530 1034 ex
1551 1009 1696 1041 fratribus,
1717 1010 1848 1036 Pati-ucles
1869 1010 2001 1038 dicuntur.
2095 1015 2151 1040 Cic.
2172 1015 2224 1042 Off,

1182 1051 1202 1074 1,
1216 1050 1248 1076 34
1270 1043 1420 1078 Sequuntur
1443 1044 1556 1070 fratrum
1579 1045 1797 1078 coniunctiones,
1815 1045 1871 1080 post
1883 1047 2118 1081 consobrinorum,
2142 1050 2226 1077 sobri-

869 1081 899 1106 Ec
915 1080 1029 1113 Philipp.
1042 1087 1067 1108 2,
1082 1080 1113 1107 68
1129 1089 1160 1115 25
1178 1087 1345 1113 notumque,
1362 1080 1410 1119 qui
1423 1089 1506 1114 quum
1521 1080 1574 1106 iam
1589 1080 1670 1106 domo
1686 1090 1737 1108 vna
1753 1090 1810 1116 capi
1824 1090 1878 1107 non
1890 1083 2009 1116 possunt,
2028 1084 2055 1108 in
2070 1084 2165 1110 alienas
2181 1088 2226 1112 tto.

1179 1123 1247 1146 mos,
1262 1121 1386 1150 tanquam
1401 1123 1430 1141 111
1445 1116 1572 1145 colonia,
1586 1123 1690 1142 exeunt.
1788 1116 1951 1144 Consobrini
1965 1127 1980 1144 a
1997 1120 2162 1145 Patrucitbus
2186 1129 2228 1148 roc

1178 1150 1319 1183 differunt,
1339 1151 1405 1187 qnod
1417 1151 1581 1178 Consobrini
1591 1155 1695 1187 proprie
1709 1151 1827 1179 dicuntur
1847 1162 1876 1178 ex
1897 1155 2016 1180 auunculo
2035 1160 2078 1179 aut
2096 1162 2230 1182 mater-:wa

1949 1189 2063 1215 Amitini
2091 1199 2120 1215 ex
2143 1201 2228 1218 αηιηῖ,

1821 1224 1947 1257 Brocchi,
1965 1225 2093 1251 auunculi
2118 1226 2231 1260 Ligarii,

1591 1259 1638 1286 Sed
1661 1260 1720 1286 haec
1740 1259 1887 1293 differentia
1902 1262 2043 1296 plerumque
2054 1261 2231 1297 confimdtrur,

1179 1303 1208 1320 ac
1220 1295 1371 1330 generaliter
1392 1295 1555 1321 Consobrini
1569 1301 1618 1330 pro
1636 1295 1783 1331 quibuslibet
1798 1296 1915 1332 fratrum
1938 1303 1980 1322 aut
1995 1302 2110 1332 sororum
2134 1299 2232 1331 liberis,

1173 1329 1242 1364 ficut
1255 1330 1322 1365 opud
1335 1332 1442 1357 Graecos
1455 1330 1552 1363 οἰνεψιοί,
1567 1331 1729 1366 usurpantur.
1837 1332 1943 1359 Paullus
1957 1333 1986 1358 in
1999 1334 2016 1359 l.
2026 1332 2230 1360 Iurisconsultus

1182 1364 1205 1402 §.
1221 1367 1315 1392 eodem
1330 1366 1411 1401 gradu
1426 1367 1457 1393 D.
1472 1366 1505 1392 de
1521 1367 1663 1401 gradibus,
1687 1366 1787 1393 Eodem
1795 1368 1877 1401 gradu
1890 1369 1949 1394 sunt
1961 1374 1986 1395 et
1999 1368 2056 1400 1111,
2074 1369 2122 1403 qui
2136 1379 2230 1396 vocan-

1181 1407 1224 1427 tur
1238 1401 1332 1428 fratres
1347 1403 1479 1436 patrueles
1495 1411 1503 1427 ·.
1538 1403 1604 1429 item
1618 1404 1721 1429 sorores
1735 1404 1880 1437 patrueles,
1900 1405 2005 1431 amitini
2019 1405 2155 1438 amitinae,
2169 1415 2230 1432 con-

1551 1439 1588 1464 Hi
1602 1444 1691 1465 autem
1706 1440 1779 1471 sunt,
1791 1440 1837 1473 qui
1851 1448 1882 1465 ex
1897 1440 2024 1467 fratribus
2038 1441 2079 1468 vcl
2095 1442 2236 1468 sororibus

1178 1473 1319 1499 nascuntur
1332 1484 1337 1499 ε
1373 1482 1440 1507 quos
1454 1473 1563 1508 quidam
1578 1475 1616 1500 ita
1630 1474 1817 1507 distinxerunt,
1838 1480 1866 1501 vt
1879 1483 1923 1501 eos
1939 1476 2057 1510 quidem,
2071 1476 2118 1510 qui
2131 1486 2162 1503 ex
2176 1478 2230 1504 sra—

1178 1508 1264 1534 tribus
1280 1509 1337 1534 nati
1351 1508 1423 1539 sunt,
1444 1510 1539 1535 fratres
1553 1510 1684 1545 patrueles
1700 1521 1705 1536 :
1741 1511 1806 1536 item
1820 1519 1873 1542 eas,
1888 1520 1954 1544 quae
1967 1520 1999 1537 ex
2014 1511 2142 1538 fratribus
2155 1520 2231 1540 natae

1178 1545 1255 1577 sunt,
1275 1545 1378 1571 sorores
1392 1544 1522 1579 patrueles
1537 1554 1543 1569 ι
1579 1554 1611 1571 ex
1625 1546 1708 1572 fratre
1722 1551 1811 1572 autem
1825 1551 1851 1572 et
1867 1547 1972 1578 sorore,
1998 1547 2125 1573 amitinos
2143 1549 2231 1575 aniti-

1179 1589 1244 1606 nas:
1282 1589 1327 1606 eos
1341 1589 1406 1607 vero
1421 1587 1446 1607 et
1466 1589 1524 1613 eas,
1546 1582 1594 1616 qui
1615 1590 1716 1616 quaeue
1737 1590 1769 1607 ex
1792 1581 1929 1608 sororibus
1951 1583 2007 1609 nati
2029 1589 2139 1610 nataeue
2161 1586 2232 1617 sunt,

1185 1222 1254 1248 Vnde
1267 1223 1324 1249 Cic.
1340 1232 1389 1257 pro
1401 1223 1490 1257 Ligar.
1506 1232 1528 1249 11
1543 1232 1563 1249 c.
1578 1232 1596 1256 4
1632 1224 1733 1250 Filium
1756 1224 1794 1250 T.

1950 1618 1998 1645 Sed
2030 1619 2151 1654 plerique
2182 1620 2232 1647 hos

1177 1661 1270 1679 omncs
1284 1652 1458 1679 consobrinos
1472 1659 1583 1686 vocant,
1602 1653 1675 1679 sicuti
1690 1652 1846 1680 Trebatius.
1920 1655 1987 1680 Haec
2003 1655 2114 1681 Paullus.

1213 1694 1230 1714 C
1240 1696 1258 1715 O
1268 1695 1290 1714 N
1301 1696 1313 1715 S
1323 1695 1366 1716 ΟΒ
1376 1696 1395 1715 R
1405 1696 1413 1714 1
1424 1696 1533 1721 NA‚ae.
1552 1689 1572 1714 f.
1594 1688 1718 1722 [α’νεψιοὶ]
1745 1691 1847 1716 Praeter
1861 1687 1931 1715 dista
1947 1690 2016 1716 modo
2030 1700 2041 1716 e
2055 1691 2141 1717 Paullo
2158 1692 2229 1724 Icto,

1178 1724 1234 1750 Cic.
1252 1734 1301 1760 pro
1316 1726 1409 1758 Quint.
1417 1726 1446 1751 16
1459 1734 1506 1758 e.4
1524 1725 1631 1758 Q1intii
1645 1725 1832 1752 consobrinam
1844 1725 1924 1752 habet
1935 1726 1963 1752 in
1976 1727 2151 1753 matrimonio
2160 1728 2233 1754 Nae-

1176 1760 1244 1786 vius.
1280 1760 1354 1787 Adde
1367 1761 1436 1795 Nep.
1451 1768 1490 1793 25,
1505 1768 1529 1786 2.
1643 1766 1645 1768 '

1215 1801 1232 1822 C
1244 1802 1264 1823 0
1272 1804 1293 1823 N
1303 1803 1315 1822 S
1325 1794 1344 1824 ὁ
1352 1803 1368 1823 C
1378 1804 1394 1823 E
1405 1803 1423 1823 R
1432 1816 1440 1829 ‚
1459 1798 1508 1823 eri.
1529 1805 1564 1821 m.
1590 1794 1789 1832 [ὅμοπένθερας]
1816 1796 1894 1822 Socer
1907 1799 1982 1823 vnius
1994 1800 2124 1834 coniugum
2132 1807 2185 1824 cum
2193 1807 2231 1825 re-

1171 1828 1263 1868 sfeflu
1275 1833 1308 1858 ad
1319 1832 1445 1859 Socerum
1456 1833 1562 1859 alterius
1570 1852 1578 1864 ,
1593 1832 1619 1868 s.
1628 1832 1774 1859 Consoceri
1782 1832 1910 1865 dicuntur,
1918 1842 2019 1868 quorum
2026 1835 2182 1870 alter-smum
2195 1835 2232 1861 al-

1179 1870 1258 1893 terius
1265 1867 1338 1904 filiae
1350 1871 1468 1894 maritum
1482 1868 1559 1894 dedit.
1669 1868 1797 1902 leianus
1812 1868 1840 1894 in
1854 1868 1871 1894 l.
1885 1878 1945 1894 cuin
1959 1868 2003 1895 hic
2015 1869 2095 1896 status
2109 1868 2230 1907 §.oratio

1177 1912 1232 1929 non
1245 1904 1331 1930 solum
1346 1904 1376 1932 1).
1392 1904 1423 1930 de
1439 1904 1528 1930 donat.
1541 1904 1611 1929 inter
1622 1902 1673 1930 vir.
1688 1909 1713 1930 et
1727 1912 1804 1931 vxor.
1825 1904 1913 1930 Donat
1927 1905 2000 1931 socer
2012 1905 2101 1936 nurui,
2115 1906 2157 1932 vel
2171 1914 2233 1932 con-

1177 1944 1234 1971 tra,
1252 1940 1294 1966 vel
1312 1949 1392 1974 gener
1406 1941 1513 1972 socero,
1530 1939 1572 1966 vel
1585 1940 1660 1966 socer
1673 1948 1788 1974 genero,
1807 1940 1849 1966 vel
1864 1941 1989 1967 consocer
2002 1943 2161 1974 consocern,
2183 1941 2231 1976 qui

1632 2008 1638 2014 .
1876 1977 1944 2003 Adri.
1959 1976 1996 2003 ib.
2010 1977 2027 2003 l.
2043 1975 2070 2009 32
2084 1975 2108 2014 §.
2122 1986 2157 2003 20
2166 1984 2188 2003 et
2196 1985 2231 2004 21.

1178 2012 1285 2038 Sueton.
1294 2012 1323 2039 in
1330 2012 1423 2039 Claud.
1432 2022 1453 2038 c.
1463 2020 1494 2045 29
1519 2012 1635 2046 Appium
1651 2011 1785 2044 Syllanum
1799 2012 1970 2038 consocerum
1983 2013 2059 2038 suum
2072 2013 2184 2039 crimine
2193 2013 2232 2040 in-

1180 2053 1270 2081 certo,
1285 2057 1332 2074 nec
1346 2048 1405 2074 data
1424 2047 1592 2080 defensione,
1610 2047 1719 2074 occidit.

1213 2091 1230 2111 C
1240 2091 1259 2110 Ο
1268 2090 1290 2109 Ν
1301 2092 1313 2111 s
1326 2090 1345 2110 O
1356 2091 1373 2111 C
1382 2091 1401 2111 R
1411 2091 1430 2110 v
1440 2092 1452 2110 s
1461 2104 1469 2116 ,
1490 2082 1529 2110 fis.
1551 2083 1570 2109 f.
1607 2083 1705 2109 Auson.
1720 2082 1848 2108 Parental.
1862 2090 1894 2113 3ο
1913 2082 1942 2108 111
1953 2082 2042 2109 titulo.

1215 2126 1233 2145 c
1245 2126 1264 2145 Ο
1273 2126 1295 2145 Ν
1305 2125 1370 2146 soc
1380 2128 1389 2145 1
1401 2125 1420 2145 O
1431 2139 1439 2152 ,
1460 2122 1512 2144 are.
1533 2117 1727 2152 [συναγελάζω]
1753 2118 1832 2143 Simul
1841 2117 1948 2153 sociare.
1985 2118 2068 2145 Flaut.
2082 2117 2150 2145 Rud.
2164 2127 2191 2151 2,
2204 2120 2235 2152 6,

702 2163 714 2186 3
746 2154 850 2180 Verbum
863 2155 1001 2180 consistere
1016 2163 1031 2179 a
1040 2161 1115 2187 prae·
1131 2163 1159 2189 55
1178 2155 1213 2187 67
1232 2154 1282 2180 Vel
1296 2155 1449 2180 consociare
1464 2153 1533 2179 mihi
1545 2152 1652 2187 quidem
1661 2159 1748 2179 tecum
1761 2152 1832 2179 licet.
1853 2156 1872 2179 i.
1875 2154 1971 2189 jocium
1985 2164 2021 2180 me
2033 2154 2082 2180 tihi
2089 2155 2232 2191 adiungere.

1177 2190 1239 2215 Liu.
1253 2194 1276 2221 8,
1292 2198 1322 2223 14
1342 2188 1391 2216 Sed
1406 2188 1479 2224 quod
1493 2188 1582 2215 taedio
1597 2189 1708 2224 imperii
1721 2189 1836 2215 Romani
1850 2198 1910 2214 curn
1923 2189 2007 2215 Gallis
2027 2196 2103 2224 gente
2125 2190 2231 2217 efferata

1177 2233 1251 2251 arma
1275 2225 1411 2260 quondam
1435 2224 1628 2251 consociassent.
1736 2224 1898 2250 consociare
1916 2225 2023 2251 consilia
2049 2234 2108 2251 cum
2128 2226 2230 2261 aliquo.

1178 2260 1239 2287 Liu.
1256 2266 1293 2293 28,
1309 2269 1344 2296 27
1365 2260 1451 2287 Patria
1473 2259 1540 2294 quid
1564 2258 1597 2285 de
1615 2257 1694 2285 vobis
1713 2266 1863 2292 meruerat,
1877 2268 1958 2294 quam
1969 2269 2030 2287 cum
2041 2261 2190 2288 Mandonio
2204 2267 2231 2288 et

1177 2296 1291 2323 Indibili
1303 2295 1479 2323 consociando
1495 2294 1604 2321 consilia
1616 2294 1769 2330 prodebatis
1783 2296 1792 2321 3
1863 2296 1937 2331 Conf-
1951 2296 2005 2323 Cic.
2020 2305 2045 2331 p.
2053 2297 2118 2323 Red.
2134 2298 2162 2324 in
2170 2297 2229 2325 Sen-

1357 2331 1413 2357 Cic.
1438 2330 1470 2357 de
1494 2331 1552 2357 Fin.
1572 2339 1593 2364 3,
1613 2338 1641 2365 71
1673 2330 1729 2357 Nec
1744 2339 1809 2357 vero
1821 2331 1924 2358 rectum
1938 2332 1990 2365 est,
2006 2341 2066 2358 cum
2079 2333 2171 2360 amicis
2184 2339 2230 2361 aut

23 2687 24 2693 1
67 2654 192 2681 videlicet
204 2657 252 2679 nac
267 2652 445 2684 contumelia,
464 2661 516 2687 qua
533 2661 637 2678 mecum
657 2652 813 2685 consistunt,
833 2661 916 2687 aeque
935 2653 1114 2679 manifestum.

23 2731 25 2744 l
69 2725 170 2759 optime
180 2724 212 2750 de
225 2732 267 2750 me
279 2724 377 2750 merito
392 2725 445 2750 iam
460 2724 501 2750 bis
514 2723 688 2751 consisterem.

65 2367 139 2403 possit
151 2367 298 2394 consistere.
369 2368 438 2394 Certe
458 2377 487 2394 cx
509 2368 601 2394 talibus
623 2374 681 2396 orta
699 2368 832 2404 formula,
853 2377 924 2404 quarn
951 2366 1112 2400 illustramus.

67 2403 177 2437 Quinti.
191 2411 218 2438 7,
235 2412 256 2436 1,
269 2412 305 2438 49
326 2402 514 2436 Qiaerendum
525 2411 589 2438 ergo
604 2403 638 2434 ix
645 2403 692 2430 hac
705 2404 761 2438 ipsa
781 2406 848 2440 lege,
869 2413 922 2438 qua
941 2402 1113 2433 consistimus,

65 2443 84 2466 i.
98 2449 146 2476 qua
159 2446 301 2476 oppugnor,
322 2441 351 2465 cie
363 2442 432 2465 cuius
446 2443 474 2465 ui
485 2439 646 2474 disputamus.
720 2440 830 2474 Qinet.
846 2448 883 2470 12,
896 2447 918 2470 3,
932 2445 945 2470 ς
970 2437 997 2463 Si
1009 2437 1042 2463 ad
1065 2436 1113 2463 ho-

64 2484 122 2502 ram
136 2475 207 2502 sorte
221 2474 376 2507 constiterit,
393 2476 460 2502 Iocus
472 2474 645 2512 ochurus,fi’d
656 2478 683 2501 in
696 2485 741 2510 quo
755 2474 894 2500 consistere
903 2479 968 2499 certe
983 2473 1017 2498 ad
1044 2482 1113 2499 orm-

60 2510 112 2548 sem
124 2514 326 2538 concertationem
336 2514 456 2546 pertinet.
526 2509 565 2537 Id.
585 2511 658 2536 Decl.
673 2512 700 2541 6,
717 2518 734 2541 9
758 2509 922 2543 Litigamus,
942 2508 1011 2535 consi
1036 2509 1113 2541 imus,
1127 2515 1159 2548 65

65 2548 94 2575 in
106 2547 241 2574 diuersum
253 2546 365 2573 abimus.
419 2547 514 2572 Seneca
527 2545 558 2571 de
572 2547 614 2571 Ira
628 2554 654 2576 z,
668 2552 685 2579 7
705 2544 780 2571 Alius
795 2545 897 2571 iudicia
909 2543 1114 2579 (testamentum)

65 2583 147 2619 patris
159 2583 275 2615 accusat,
295 2591 363 2616 quae
373 2582 474 2608 mereri
487 2581 566 2607 satius
578 2580 631 2606 fuit
645 2591 651 2606 :
688 2581 754 2607 alius
792 2590 852 2607 cum
885 2587 968 2607 matre
988 2580 1113 2607 consistit.

66 2621 163 2651 Iterum
176 2617 285 2652 Qun-St.
298 2617 371 2642 Decl.
384 2621 424 2648 518
445 2617 617 2651 (Quantopere
631 2615 671 2642 his
685 2616 741 2651 post
761 2617 913 2643 libertatem
931 2617 1113 2649 satisfecerim,

1178 2366 1246 2392 bene
1257 2365 1361 2393 meritis
1374 2366 1525 2393 consociare
1534 2386 1541 2397 ,
1560 2372 1605 2393 aut
1619 2367 1780 2401 coniungere
1795 2367 1932 2393 iniuriam.
2030 2368 2090 2394 Liu.
2105 2373 2129 2401 8,
2143 2379 2162 2403 4
2177 2370 2229 2396 ‘At-

1177 2403 1233 2437 qui,
1247 2401 1264 2427 si
1279 2401 1385 2436 quando
1399 2411 1515 2438 vnquam
1530 2402 1701 2429 consociandi
1716 2402 1836 2437 imperii,
1846 2403 2008 2438 vsurpandae
2021 2403 2152 2431 libertatis
2165 2412 2229 2432 tem-

1177 2447 1225 2472 pus
1239 2437 1360 2472 optastis,
1379 2445 1425 2465 etc.
1531 2439 1598 2466 Rem
1610 2439 1680 2465 inter
1691 2439 1717 2465 se
1731 2439 1927 2472 consociarent‚
1944 2440 1968 2466 h.
1988 2449 2008 2466 e.
2025 2440 2170 2476 ficietatem
2191 2444 2230 2469 rei

1175 2474 1366 2507 contraherent,
1386 2480 1409 2500 et
1424 2478 1641 2501 communicarent.
1677 2475 1755 2510 Apud
1766 2475 1892 2508 Liuium,
1909 2474 1968 2508 teste
1989 2476 2094 2502 Budaeo.

1214 2516 1231 2537 C
1241 2516 1261 2536 ο
1272 2516 1293 2535 Ν
1306 2516 1319 2536 s
1328 2516 1347 2536 ο
1356 2517 1373 2537 c
1382 2518 1392 2537 1
1401 2510 1451 2537 ᾸΤ
1461 2518 1481 2536 ν
1490 2518 1503 2537 s
1512 2531 1520 2543 ,
1541 2519 1572 2543 a,
1594 2520 1648 2536 um.
1669 2511 1736 2537 Part.
1777 2511 1833 2537 Cic.
1849 2511 1878 2537 in
1890 2511 1980 2538 Parad.
1994 2514 2011 2537 6
2028 2512 2084 2545 Qui
2097 2511 2170 2538 videt
2183 2512 2229 2539 do-

1176 2545 1215 2572 mi
1226 2551 1287 2572 tuae
1301 2546 1401 2580 pariter
1414 2547 1595 2573 accusatorum
1608 2551 1686 2582 atque
1699 2546 1820 2573 iudicum
1834 2547 1998 2574 consociatos
2011 2556 2101 2582 greges
2110 2568 2117 2580 ,
2128 2548 2231 2582 quino-

1177 2587 1264 2608 centes
1277 2587 1302 2607 et
1316 2582 1471 2616 pecuniosos
1483 2591 1542 2609 reos
1551 2602 1560 2615 ,
1579 2589 1624 2609 etc.
1733 2583 1906 2610 Consociatus
1920 2584 2091 2610 vehementer
2109 2593 2168 2610 cum
2188 2585 2230 2611 Se-

1176 2623 1240 2644 natu
1260 2618 1316 2644 Cic.
1330 2618 1446 2652 Philipp.
1460 2628 1489 2652 4,
1504 2627 1541 2646 12.
1649 2617 1728 2644 Nihil
1745 2618 1794 2645 fibi
1808 2628 1868 2645 cum
1890 2627 1923 2645 eo
1941 2620 2139 2654 consociatum,
2157 2620 2228 2647 nihil

1176 2653 1344 2680 foederatum
1359 2654 1428 2681 hosti
1443 2663 1503 2680 cum
1516 2653 1589 2680 hoste
1610 2653 1671 2680 Liu.
1687 2662 1727 2687 25,
1742 2659 1777 2684 18.
1883 2655 1956 2681 Inter
1975 2663 2023 2681 nos
2042 2661 2135 2682 natura
2147 2656 2179 2682 ad
2193 2657 2229 2682 ci-

70 2689 102 2716 Et
114 2688 186 2716 Decl.
199 2691 240 2720 333
261 2689 341 2714 Vsum
356 2688 484 2722 loquendi
498 2687 636 2722 perdidisse
647 2689 811 2720 malueram,
835 2697 914 2723 quam
930 2698 989 2715 cum
1001 2689 1114 2715 homine
1128 2702 1163 2730 70
1177 2689 1261 2716 vilem
1275 2690 1494 2716 communitatem
1508 2689 1646 2716 coniunc'ti
1660 2695 1686 2716 et
1697 2689 1842 2716 consociati
1858 2691 1946 2717 sumus
1967 2691 2023 2718 Cic.
2037 2691 2069 2717 de
2081 2691 2140 2718 Fin.
2154 2700 2177 2723 3,
2193 2693 2229 2718 66

760 2724 1039 2760 Tertull.Apol.4pr.
1058 2726 1115 2751 Iam
1179 2735 1201 2752 c.
1217 2734 1260 2753 20.
1365 2726 1435 2761 Lege
1456 2726 1601 2752 consociati
1619 2725 1742 2753 homines
1755 2735 1816 2753 cum
1830 2726 1881 2753 diis
1896 2726 2005 2761 putandi
2017 2727 2105 2752 sumus
2125 2727 2181 2752 Cic.
2195 2726 2227 2752 de

70 2760 103 2787 de
115 2759 189 2787 causa
203 2759 370 2786 innocentiae
383 2759 534 2792 consistam,
554 2769 600 2786 nec
614 2766 715 2787 tantum
729 2760 868 2793 refutabo,
890 2769 957 2795 quae
975 2761 1052 2787 nobis
1066 2761 1113 2787 ob-
1179 2761 1273 2796 Legib.
1289 2770 1309 2794 1,
1323 2770 1349 2794 23
1365 2770 1386 2788 c.
1401 2769 1427 2797 7.
1535 2762 1596 2788 Liu.
1610 2770 1629 2794 1,
1643 2770 1676 2796 43
1691 2763 1746 2788 Iam
1760 2768 1816 2788 tum
1830 2768 1885 2789 erat
1899 2763 2021 2788 inclitum
2033 2763 2133 2788 Dianae
2145 2761 2230 2796 Ephe-

69 2796 215 2828 iiciuntur,
234 2795 277 2822 sed
289 2796 369 2822 etiam
383 2796 412 2822 in
424 2796 495 2831 ipsos
509 2795 681 2832 retorquebo.
753 2798 784 2823 Et
793 2806 814 2823 c.
828 2799 865 2830 46
873 2804 917 2832 pr.
939 2797 1114 2823 Constitimus
1178 2797 1229 2824 siae
1240 2798 1332 2824 fanum
1347 2806 1353 2821 ι
1389 2798 1418 2824 id
1431 2798 1612 2824 communiter
1624 2807 1639 2824 a
1651 2797 1806 2824 ciuitatibus
1820 2798 1892 2824 Asiae
1906 2797 2005 2824 faEtum
2025 2797 2096 2823 fama
2110 2798 2225 2824 'ferebat-

64 2832 194 2860 aduersus
208 2831 328 2859 omnium
341 2831 485 2858 criminum
497 2833 709 2859 intentationem.
765 2832 833 2859 Ibid.
846 2834 1009 2868 Synonymice
1017 2841 1114 2868 ponun-
1178 2835 1269 2867 ann
1300 2834 1454 2860 consensum
1486 2834 1610 2868 Deosque
1640 2834 1803 2860 consociatos
1823 2834 1942 2860 laudaret
1961 2834 2029 2859 mire
2050 2833 2157 2859 Seruius
2179 2839 2225 2859 etc.

67 2875 125 2900 tur,
145 2868 172 2895 Si
184 2867 216 2894 de
228 2866 355 2902 pudicitia
366 2876 556 2902 prouocemus,
573 2868 591 2894 si
605 2868 637 2894 de
650 2868 784 2903 probitate
799 2869 937 2895 defendam
946 2889 955 2901 ,
981 2868 999 2895 si
1014 2871 1045 2895 de
1059 2878 1115 2895 mo-
1128 2878 1161 2907 73
1178 2870 1272 2905 Superl.
1293 2870 1349 2896 Cic.
1365 2870 1436 2896 Fam.
1450 2878 1472 2902 3,
1485 2878 1497 2902 3
1517 2869 1607 2896 Velim
1621 2869 1673 2896 tibi
1685 2879 1762 2896 curae
1778 2869 1823 2902 sit,
1844 2875 1872 2895 vt
1886 2878 1953 2904 quae
1966 2869 2102 2895 successori
2115 2869 2225 2895 coniun-

69 2903 150 2931 destia
163 2910 277 2936 certem,
294 2903 312 2930 si
326 2903 359 2930 de
369 2905 454 2930 animi
468 2906 600 2940 aequitate
613 2904 786 2939 congrediar,
803 2904 821 2931 fi
836 2905 868 2931 de
882 2905 934 2931 fide
951 2914 1113 2940 comparem,
1176 2905 1287 2932 chillino
1301 2911 1327 2931 et
1339 2905 1493 2932 amiciffimo
1507 2905 1678 2933 commodare
1690 2905 1773 2941 potest
1787 2905 1820 2937 is,
1834 2905 1882 2939 qui
1895 2905 2060 2939 prouinciam
2079 2904 2178 2937 tradit,
2196 2910 2226 2931 vt

68 2939 88 2966 fi
105 2940 137 2966 de
152 2939 317 2974 simplicitate
329 2939 473 2967 consistam.
569 2941 610 2968 Sic
624 2941 690 2975 apud
703 2941 776 2967 ICtos
789 2940 934 2967 Confistere
948 2951 1007 2967 cum
1023 2941 1114 2976 aliquo
1176 2950 1206 2968 ea
1221 2950 1270 2976 pro
1285 2941 1374 2968 nostra
1395 2941 1611 2968 consociatissima
1630 2942 1784 2972 voluntate,
1804 2949 1864 2967 cura
1885 2949 1914 2967 ac
1934 2940 2073 2973 diligentia
2091 2946 2136 2966 tua
2154 2949 2225 2968 com-

65 2976 97 3002 in
109 2976 227 3008 iudicio,
247 2974 281 3008 est
291 2977 415 3012 Litigare.
436 2976 583 3003 Martianus
597 2977 625 3002 in
638 2978 655 3003 l.
670 2977 745 3003 nullo
758 2977 840 3003 modo
861 2978 893 3003 D.
908 2977 940 3004 ad
954 2977 971 3003 l.
986 2978 1066 3004 Corn.
1081 2977 1114 3003 de
1176 2977 1299 3013 plectam.
1372 2978 1413 3005 Sic
1428 2979 1500 3004 Grut.
1514 2988 1543 3004 ex
1557 2978 1633 3006 MSS.
1648 2978 1797 3007 Manutius,
1819 2975 2035 3002 Constantiffima.

68 3011 126 3038 fals.
148 3011 233 3038 Nullo
245 3011 326 3039 modo
339 3012 409 3039 serui
423 3021 482 3038 cum
496 3013 612 3039 dominis
625 3013 762 3039 consistere
782 3014 893 3048 possunt.
999 3015 1113 3040 Hermo·
1213 3021 1229 3040 C
1240 3020 1260 3039 ο
1272 3021 1294 3040 N
1303 3020 1315 3039 S
1325 3020 1344 3040 0
1356 3019 1373 3040 C
1386 3021 1395 3039 1
1405 3021 1457 3041 AT
1467 3021 1477 3040 1
1486 3020 1505 3041 ο
1514 3034 1522 3046 ,
1541 3014 1607 3040 onis.
1625 3013 1645 3038 f.
1666 3010 1812 3038 Coniuncto
1824 3018 1847 3037 et
1853 3011 1972 3047 chietas.
2016 3010 2072 3037 Cic.
2086 3010 2138 3038 Off.
2153 3019 2226 3044 1,100

69 3046 196 3081 genianus
209 3047 238 3074 in
250 3047 268 3074 1.
282 3048 335 3074 Vix
348 3046 425 3074 certis
438 3057 470 3074 ex
482 3048 563 3076 causis
574 3049 605 3075 D.
618 3049 650 3075 de
664 3049 787 3082 iudiciis,
809 3050 862 3076 Vix
881 3049 960 3076 certis
980 3058 1011 3076 ex
1031 3049 1112 3076 causis
1131 3057 1164 3083 80
1175 3050 1376 3085 Sequemur-que
1388 3055 1414 3076 et
1427 3049 1465 3082 id,
1478 3049 1551 3085 quod
1570 3054 1676 3075 acutum
1693 3053 1719 3074 et
1732 3047 1866 3082 perspicax
1880 3053 1973 3073 natura
1987 3046 2040 3079 est,
2058 3053 2083 3072 et
2096 3046 2137 3079 id,
2152 3047 2224 3082 quod

70 3081 196 3109 aduersus
208 3082 332 3109 dominos
344 3084 426 3110 seruis
439 3084 576 3111 consistere
589 3086 739 3119 permissum
747 3085 792 3111 est.
888 3086 1034 3112 Martianus
1048 3087 1076 3112 in
1095 3085 1113 3113 1.
1176 3086 1209 3112 ad
1223 3086 1363 3112 hominum
1377 3085 1601 3112 consociationem
1614 3083 1844 3110 accommodatum
1857 3083 1901 3109 est.
2006 3083 2062 3109 Cic.
2076 3082 2129 3110 Off.
2142 3091 2162 3116 1,
2177 3091 2226 3117 ¹49

70 3126 149 3153 grege
161 3116 184 3154 §.
198 3124 224 3144 et
237 3119 266 3144 in
277 3118 463 3152 superficiatus
474 3120 506 3146 D.
519 3121 551 3147 de
565 3121 738 3156 pignoribus,
756 3122 787 3148 Et
801 3121 829 3147 in
843 3121 1030 3156 superficiariis
1050 3122 1115 3157 legi·
1177 3131 1198 3148 c.
1213 3130 1242 3155 41
1257 3129 1321 3148 extr.
1343 3123 1519 3149 Communem
1533 3120 1614 3146 totius
1629 3120 1732 3154 generis
1745 3119 1886 3145 hominum
1900 3118 2117 3146 conciliationem
2125 3125 2152 3145 et
2164 3123 2225 3145 conss

71 3154 137 3181 time
151 3153 287 3180 consistere
299 3154 416 3182 creditor
427 3155 509 3189 potest
521 3156 643 3184 aduersus
658 3157 806 3192 quemlibet
817 3158 989 3192 possessorem.
1068 3158 1113 3184 Vl-
1176 3158 1349 3185 sociationem
1363 3158 1466 3189 colere,
1487 3156 1570 3188 tueri,
1588 3156 1743 3182 conseruare
1756 3155 1891 3181 debemus.
1998 3154 2226 3186 Consociatioho-

70 3190 141 3225 pian.
157 3189 186 3215 in
198 3189 214 3215 1.
225 3188 345 3221 ,Athletas
357 3189 381 3228 §.
394 3191 458 3217 item
466 3193 662 3226 praeuaricator
673 3194 705 3219 D.
715 3192 748 3219 de
756 3192 805 3224 his,
813 3193 921 3228 quinot.
931 3194 1024 3220 insam.
1042 3194 1114 3220 Nam
1177 3195 1281 3220 minum
1303 3200 1329 3220 et
1353 3193 1529 3220 communitas
1550 3192 1606 3218 Cic.
1626 3191 1678 3217 Off.
1694 3200 1713 3223 1,
1726 3198 1778 3224 157-
1884 3190 2056 3217 Consociatio
2071 3190 2155 3225 gentis
2168 3190 2224 3217 ani-

71 3227 120 3260 qui
133 3226 344 3260 praeuaricatur,
363 3235 395 3253 ex
407 3234 518 3262 vti-aque
531 3234 604 3262 parte
616 3228 730 3255 consistit
738 3249 747 3262 ,
763 3231 829 3264 quin
842 3230 927 3256 immo
945 3239 977 3256 ex
997 3230 1114 3257 aduersa.
1130 3239 1159 3268 85
1177 3239 1251 3256 mum
1264 3230 1334 3264 regis
1347 3235 1466 3256 erexerat
1486 3228 1546 3254 Liu.
1554 3236 1601 3261 40,
1609 3235 1632 3260 ς.
1737 3225 1846 3252 Sinistra
1859 3225 1971 3252 siderum
1985 3226 2149 3263 consociatio
2168 3226 2224 3252 Fir·

71 3265 90 3288 i.
110 3263 246 3296 Vtramque
258 3260 380 3323 degendi&
487 3264 568 3290 Etiam
589 3264 734 3298 trarfitiue,
757 3266 870 3292 Causam
888 3265 1025 3292 consistere
1046 3265 1115 3292 Gell.
1178 3267 1241 3292 mic.
1250 3268 1276 3298 6,
1284 3274 1311 3292 12
1320 3266 1368 3302 sub
1373 3265 1460 3301 finem.
1556 3262 1702 3289 Dissoluere
1714 3262 1939 3289 consociationem
1946 3261 2090 3291 humanam
2106 3262 2161 3289 Cic.
2170 3260 2222 3288 Off.

70 3306 96 3331 5,
111 3306 140 3324 ιο
161 3298 252 3330 Qium
266 3305 280 3323 a
310 3297 412 3324 iudices
424 3298 604 3326 conficiendae
620 3300 847 3336 consistendaeque
865 3302 957 3328 causae
975 3303 1060 3336 gratia
1072 3310 1116 3328 ve-
1177 3311 1201 3335 3,
1215 3304 1249 3328 26
1263 3311 1284 3327 c.
1297 3304 1323 3328 6.
1359 3302 1453 3336 Aliqua
1470 3300 1618 3333 exemplaria
1631 3299 1716 3334 tegunt
1729 3297 1943 3325 Consortionem.

70 3334 172 3361 nissent.
283 3333 375 3368 Nempe
388 3335 452 3360 atim
465 3343 555 3370 quoque
567 3335 676 3362 aftiuum
691 3335 724 3369 esi
745 3335 805 3363 Sall.
819 3338 875 3371 [ug.
883 3346 927 3371 49,
941 3345 954 3370 ς
974 3337 1117 3372 Paullisper
1213 3344 1257 3365 co
1266 3344 1287 3364 N
1297 3344 1336 3364 so
1345 3344 1361 3364 c
1370 3343 1380 3362 1
1390 3338 1412 3363 Ᾰ
1422 3341 1442 3361 Τ
1452 3342 1462 3361 1
1471 3340 1506 3360 M.
1523 3334 1590 3360 Adu.
1628 3333 1759 3360 Ammian.
1776 3341 1817 3366 ις,
1830 3341 1873 3368 27.

70 3378 166 3405 agmen
191 3367 309 3408 constitit
332 3369 461 3401 Metellus,
477 3370 542 3406 quod
561 3377 643 3398 tuetur
667 3372 776 3398 Curtius.
847 3373 918 3399 Caes.
933 3373 961 3400 Β.
977 3374 1038 3400 Ciu.
1053 3383 1073 3407 1,
1088 3382 1117 3407 4¹
1216 3379 1234 3399 c
1245 3380 1264 3400 o
1274 3380 1316 3400 Ns
1326 3379 1387 3399 oei
1398 3378 1455 3401 vs,
1473 3370 1492 3396 i.
1514 3379 1549 3395 m.
1585 3369 1664 3404 Apud
1677 3369 1798 3401 mim-,vt
1814 3378 1842 3395 10
1855 3369 1886 3395 C.
1898 3374 1940 3396 t.2
1954 3368 1972 3396 1.
1981 3377 2004 3401 3.

73 3405 199 3433 Afranius
226 3413 314 3438 copias
337 3404 440 3437 educit,
459 3411 485 3432 et
504 3406 533 3432 in
553 3407 643 3434 medio
661 3407 729 3434 colle
743 3406 790 3434 sub
803 3408 891 3434 castris
903 3409 1021 3436 constitit
1034 3417 1040 3434 ε
1075 3409 1119 3436 vbi
1132 3417 1169 3443 90
1215 3414 1232 3435 c
1241 3415 1260 3436 ο
1271 3415 1292 3434 N
1302 3416 1314 3435 s
1326 3414 1344 3434 o
1353 3414 1388 3434 ci
1399 3414 1419 3433 Α
1429 3403 1573 3438 131⁹L18,e.
1595 3405 1655 3431 Adi.
1674 3404 1795 3432 Ambros.
1804 3405 1881 3440 Epist.
1892 3413 1912 3431 1.

75 3437 124 3475 τἰρη
135 3449 194 3477 opus
207 3439 240 3474 qli
253 3443 388 3466 mutatione
399 3444 427 3467 in
437 3441 582 3469 constituit.
686 3444 791 3470 Lucret.
805 3445 832 3476 6,
848 3452 876 3470 ιο
1214 3451 1231 3471 C
1240 3451 1259 3471 O
1269 3450 1290 3470 Ν
1299 3451 1312 3470 s
1321 3450 1339 3470 o
1349 3449 1365 3468 1.
1376 3441 1388 3468 f
1396 3449 1415 3468 D
1425 3448 1444 3468 O
1453 3461 1460 3472 ‚
1477 3444 1528 3467 5¹¹²-
1565 3439 1739 3476 [ὅλθκληρᾶω]
1775 3442 1970 3478 Redintegrare,
1991 3445 2014 3465 εἴ
2033 3441 2060 3464 ἰπ
2079 3445 2153 3463 vnum
2166 3444 2222 3462 “m''

231 3476 302 3503 Nam
316 3485 399 3511 quum
412 3476 482 3503 vidit
494 3477 537 3504 hic
550 3478 584 3504 ad
596 3477 698 3504 vitstum
709 3488 778 3514 quae
790 3479 889 3513 flagitat
903 3480 964 3507 vsus
1179 3488 1278 3515 gerere,
1299 3478 1363 3515 quod
1390 3480 1462 3512 prius
1486 3483 1585 3511 ruptum
1613 3482 1657 3502 aut
1679 3476 1785 3512 diuisum
1802 3477 1903 3513 fuerat.
1940 3472 2056 3510 ςερεοποιώ
2069 3472 2147 3500 Gloss.
2161 3472 2220 3497 Vet.

231 3512 330 3538 Omnia
344 3513 396 3538 iam
410 3512 495 3539 ferme
507 3513 665 3540 mortalibus
679 3515 728 3541 esse
745 3520 848 3549 parata,
1181 3515 1287 3550 leian.
1301 3516 1338 3541 De
1353 3512 1480 3539 vsufruc‘t.
1500 3512 1608 3538 accresc.
1623 3511 1640 3538 l.
1654 3511 1725 3538 idem
1739 3512 1879 3545 Neratius,
1898 3512 1970 3539 Nam
1987 3510 2122 3548 amittente
2134 3507 2220 3532 vsum-

1181 3550 1301 3577 fruchum
1319 3549 1417 3581 altero,
1438 3548 1482 3574 cui
1501 3553 1556 3573 erat
1575 3546 1690 3581 legatus,
1710 3549 1792 3584 magis
1812 3549 1871 3575 iure
1889 3543 2048 3574 accrescendi
2062 3543 2095 3569 ad
2107 3542 2222 3569 alterum

1139 3580 1171 3622 95
1180 3587 1311 3621 pertinet,
1334 3593 1413 3619 quam
1425 3583 1496 3610 redit
1510 3582 1541 3609 ad
1555 3583 1753 3618 proprietatem.
1825 3585 1883 3611 Nec
1896 3590 2004 3622 nouum.
2025 3587 2087 3618 naui
2097 3578 2142 3604 etsi
2155 3577 2221 3604 duo-

1182 3623 1230 3649 bus
1257 3619 1419 3649 vsusfruftus
1439 3619 1555 3653 legetur,
1573 3624 1599 3645 et
1620 3619 1688 3654 apud
1701 3619 1814 3647 alterum
1829 3620 1859 3646 sit
1870 3615 2060 3647 consolidante,
2080 3622 2122 3640 ius
2136 3622 2221 3640 accre-

1180 3658 1269 3684 scendi
1281 3665 1334 3683 non
1349 3655 1436 3690 perit:
1473 3663 1560 3689 neque
1571 3655 1606 3686 ei,
1625 3655 1695 3691 apud
1713 3665 1792 3691 quem
1814 3654 1990 3681 consolidatus
2011 3650 2062 3682 est,
2081 3657 2167 3690 neque
2188 3648 2221 3675 ab

1183 3702 1230 3720 eo:
1267 3692 1363 3726 etipse,
1378 3690 1474 3725 quibus
1487 3690 1574 3717 modis
1588 3692 1722 3718 amitteret
1734 3699 1794 3718 ante
1815 3687 2067 3717 consolidationem,
2082 3685 2180 3725 'iisdem
2195 3689 2221 3724 et

72 3723 111 3759 *est
125 3726 208 3756 tactu,
227 3724 270 3750 vbi
279 3728 348 3753 circa
355 3730 496 3763 principem
509 3725 642 3759 consistunt
656 3728 732 3752 amici
743 3726 812 3751 iltius
825 3732 848 3752 et
862 3726 1015 3761 Constliarii,
1029 3726 1121 3761 iinque
1181 3738 1251 3755 nunc
1265 3729 1376 3755 amittet.
1492 3726 1621 3753 Parieteui
1636 3728 1664 3754 in
1684 3737 1762 3754 vnam
1780 3724 1970 3753 crassitudinem
1989 3720 2153 3762 consolidare
2174 3720 2221 3745 Vi-

76 3760 136 3787 adeo
149 3761 187 3786 illi
199 3762 276 3786 amici
288 3767 313 3787 et
325 3766 432 3790 cornices.
537 3763 609 3788 Intra
621 3761 804 3788 consistorium
815 3762 885 3796 regis
908 3763 946 3789 M.
959 3762 1060 3796 Capell.
1074 3763 1092 3788 1.
1101 3770 1174 3791 1.1οο
1182 3770 1252 3791 truu.
1267 3772 1292 3795 2,
1307 3768 1329 3792 8.
1346 3771 1375 3787 ex
1392 3764 1524 3788 caementis
1543 3770 1624 3798 nempe
1637 3770 1661 3790 et
1671 3763 1795 3798 lapzdibus
1807 3769 1862 3796 apte
1875 3763 1940 3784 inter
1947 3757 1976 3793 se
1988 3756 2125 3798 commistis.
2173 3755 2221 3797 ‘V‘

78 3797 112 3824 In
123 3795 170 3822 illa
183 3795 257 3828 sede,
275 3802 306 3823 vt
317 3805 349 3824 ex
361 3807 436 3826 more
448 3798 586 3834 loquimur
599 3797 747 3824 consistorii
768 3797 828 3822 Aus.
842 3798 915 3824 Grat.
923 3797 981 3824 A&
990 3806 1032 3830 159
1039 3807 1062 3831 p.
1071 3805 1121 3832 727
1180 3810 1230 3827 non
1252 3798 1418 3833 intelligamus
1443 3800 1568 3832 parietem
1589 3806 1662 3825 antea
1685 3805 1802 3834 ruptum,
1816 3795 1865 3832 std
1883 3795 1927 3820 hoc
1935 3813 1943 3825 ,
1961 3790 2221 3828 ‘Plur‘buspambfl'

79 3831 239 3859 Consistoria
251 3840 318 3867 quos
331 3831 428 3860 habent
439 3835 561 3862 tribunos
581 3833 670 3860 Sidou.
682 3834 770 3860 Carm.
780 3840 820 3864 23,
829 3835 884 3859 216.
991 3832 1120 3860 Admissus
1179 3844 1257 3862 vnum
1265 3834 1372 3870 solidum
1385 3839 1472 3868 corpus
1491 3832 1635 3870 congestum.
1855 3865 1860 3869 Ι
2148 3859 2153 3864 ,

79 3867 111 3894 111
121 3866 303 3901 consistorium
321 3869 454 3899 Ammian.
468 3879 507 3904 14,
520 3878 563 3897 22.
657 3868 850 3896 Confistorium
864 3867 932 3894 solus
944 3867 1068 3902 ingressus
1079 3869 1120 3895 in·
1217 3877 1234 3897 c
1243 3877 1262 3896 ο
1274 3877 1294 3895 N
1303 3876 1316 3895 s
1326 3875 1345 3894 o
1355 3875 1370 3894 1.
1380 3875 1389 3893 1
1399 3875 1418 3894 D
1426 3875 1448 3895 Α
1457 3874 1479 3894 Τ
1487 3876 1507 3894 ν
1516 3876 1528 3896 s
1538 3889 1546 3901 ,
1566 3878 1580 3895 a
1589 3889 1597 3902 ,
1616 3878 1670 3895 um.
1701 3867 1793 3894 Partic.
1830 3865 1886 3891 Cic.
1908 3863 1980 3889 Fam.
1999 3869 2028 3895 ς,
2043 3870 2077 3888 20
2096 3861 2219 3887 Rationes

78 3903 175 3930 timum
197 3901 234 3929 ld.
249 3911 285 3938 ις,
299 3907 323 3935 8.
519 3905 540 3944 Ἴ
561 3914 578 3932 2
613 3906 701 3937 Locus,
709 3908 736 3930 in
744 3913 790 3940 quo
797 3904 868 3940 serui
881 3903 1027 3930 cubicularii
1044 3903 1120 3938 consi-
1181 3904 1317 3933 confectae
1331 3909 1357 3929 et
1369 3904 1561 3937 consolidatae,
1581 3906 1639 3931 Cum
1651 3902 1758 3939 expensis
1771 3899 1916 3936 respondent
1927 3904 2035 3939 accepta.
2115 3931 2119 3935 ⁵
2207 3929 2211 3933 y

70 3937 172 3974 fiebant
192 3937 282 3966 Sidon.
295 3939 374 3976 Epist.
386 3948 412 3974 2,
427 3948 443 3967 2
462 3941 531 3976 Qin
549 3942 640 3969 Terra
649 3961 656 3973 ‚
676 3944 702 3967 in
716 3949 765 3977 qua
773 3940 812 3976 sc.
827 3937 977 3973 consistimus
995 3939 1173 3974 homines,1o5
1216 3948 1233 3968 c
1243 3947 1261 3967 ο
1271 3946 1293 3966 N
1303 3945 1316 3966 s
1325 3946 1369 3966 01.
1378 3946 1446 3967 11>Λ
1456 3947 1478 3967 Τ
1490 3947 1500 3966 1
1511 3947 1549 4002 εἰ,
1568 3941 1636 3966 onis.
1655 3940 1675 3966 f.
1711 3934 1910 3971 [ὅλοιιλνῖρωσιε]
1945 3934 2021 3960 Cusus
2028 3937 2134 3967 propa-1
2132 3925 2223 3998 ᾖξε,

235 3981 256 4002 v
264 3981 284 4003 o
292 3983 319 4003 1..
354 3977 366 4003 1
1481 3983 1499 4010 7

229 3548 261 3586 Et
273 3557 320 3583 per
334 3557 401 3583 quae
413 3548 511 3583 possent
523 3554 605 3576 tutam
618 3549 757 3577 consistere
777 3551 860 3577 vitam
869 3570 878 3582 ,
896 3556 941 3576 etc.

110 3624 128 3645 C
136 3624 156 3644 o
165 3624 187 3644 N
194 3624 207 3645 s
215 3624 226 3645 1
233 3625 248 3645 s
255 3626 276 3646 Τ
283 3625 301 3646 Ε
311 3626 333 3646 Ν
345 3627 368 3652 s,
375 3619 452 3646 entis.
460 3620 527 3646 Part.
535 3619 631 3654 Neque
639 3619 685 3646 ille
691 3619 829 3646 consistens
835 3620 864 3646 in
871 3619 940 3653 loco,
949 3621 992 3647 sed
1000 3619 1121 3647 inanibu-

75 3652 132 3681 lans
154 3653 210 3680 Cic.
223 3653 255 3680 de
267 3655 341 3682 Orat.
356 3664 366 3682 1
379 3665 400 3682 c.
415 3657 453 3682 61.

111 3697 128 3717 c
139 3696 158 3716 ο
167 3697 188 3716 N
197 3696 210 3716 s
221 3695 231 3714 1
243 3695 256 3715 s
267 3695 290 3716 ‘r
302 3697 323 3718 o
331 3698 399 3718 R1v
408 3699 433 3718 M
441 3711 450 3724 ,
470 3691 488 3717 i.
515 3699 542 3716 n.
581 3689 594 3724 [
600 3689 778 3725 βκλεντήριαν]
816 3690 930 3726 Sequiori
942 3698 1022 3718 aetate
1035 3689 1120 3717 dicius
