2474 4182
51 198 112 240 833
412 183 447 223 C
535 181 688 223 EL

49 281 238 307 mercatorum,
251 277 296 300 aut
316 273 422 307 quoties
444 272 509 299 cella
524 271 560 298 est
577 270 632 297 olei
646 275 671 296 et
685 268 760 300 vini,
774 277 841 308 quae
862 269 954 295 venire
971 269 1089 296 solebant

34 315 77 342 tin
108 311 249 338 hereditate
267 309 379 336 ‘rcli&a.
461 308 534 336 Cella
561 306 676 337 olearia,
697 305 800 331 vinaria
826 306 893 331 Cato
917 307 946 332 R.
975 307 1006 332 it.
1026 314 1047 337 3,
1062 314 1087 331 2.

50 350 134 375 Varro
146 356 164 379 i,
180 355 211 378 ιι,
225 354 245 371 2.
257 352 280 371 ct
295 354 313 377 i,
328 354 362 377 ις,
376 353 401 380 7.
440 344 499 371 Col.
513 352 530 374 i,
545 345 571 374 6,
586 350 610 374 9.
648 342 715 366 Cato
731 349 765 372 13,
782 350 792 366 2
815 342 844 366 ln
857 341 1087 368 cellamoleariani

35 384 109 411 lhacc
123 391 187 416 opus
202 382 268 407 sunt.
316 381 372 407 Cic.
388 381 415 406 in
429 379 527 414 Topic.
544 385 572 412 17
602 375 684 403 cellis
699 377 827 405 vinariis,
842 384 866 403 et
881 377 989 404 oleariis
1003 377 1087 412 plenis

35 409 154 456 ireliffis·
227 416 302 443 Cella
321 417 425 443 vinaria
440 421 468 441 vt
486 411 597 448 paranda
618 412 661 443 lit,
676 412 763 438 ‹lat-cnr
778 414 838 439 Col.
854 422 888 444 ia,
905 419 939 446 ¹8,
955 422 975 443 3-
990 420 1013 439 tt
1026 413 1087 439 Pall.
1113 413 1126 440 3

0 461 7 468 ”
49 464 70 485 ι,’
83 458 117 485 18,
133 462 152 479 i.
189 453 245 479 Cic.
262 454 337 479 Veri'.
353 461 377 484 2,
393 461 404 484 ‚-
423 452 512 484 Itaque
527 448 572 474 illc
586 449 623 474 M.
640 450 707 474 Cato
726 449 826 483 sapiens
840 449 931 475 cellam
953 449 1088 483 penariam

48 489 219 524 Reipublicae
240 488 355 518 nostrae,
375 487 502 513 nutricem
523 483 606 518 plebis
624 484 774 516 Romanae,
790 485 909 511 Siciliam
928 484 1087 513 nominauit.

47 526 103 553 Nos
121 534 185 551 vero
207 525 313 559 experti
332 525 417 550 simius
437 520 526 547 Italico
546 521 681 553 maximo,
703 520 918 555 diiiicillimoque
941 521 1011 546 bcllo
1026 519 1088 545 Sici·

46 561 108 587 liam
121 561 199 587 nobis
215 567 329 597 non'pro
343 557 447 594 penaria
460 555 540 587 cella,
561 556 602 582 sed
618 565 665 590 pro
685 558 789 582 aerario
805 557 853 583 illo
865 557 996 583 maiorum
1017 561 1088 581 vete-

1547 187 1815 226 CEL
2135 203 2206 246 834

1153 274 1260 310 mfntum
1275 274 1299 309 cf
1312 274 1424 309 pancio.-
1439 271 1554 298 videlicet
1568 274 1626 306 Sal,
1640 278 1742 308 vinum,
1763 276 1853 306 oleum.
1865 285 1967 307 carnes,
1984 283 2032 305 etc.
2069 281 2085 307 Ι,
2101 289 2113 314 3
2138 283 2206 310 cod,

1155 305 1175 331 ’1
1188 303 1294 344 Ιιουάοι,
1309 304 1341 329 de
1355 304 1445 345 olhcio
1465 306 1582 334 iudicum
1596 319 1668 336 omn.
1698 312 1793 346 Neque
1806 311 1907 338 ream-i
1922 314 2074 347 prouinciae
2090 318 2147 350 plus
2161 320 2207 345 ali-

1155 340 1220 381 quid
1244 340 1400 382 praestabit,
1417 349 1495 375 quam
1517 352 1563 369 nos
1584 346 1749 373 concellinius
1774 348 1800 375 in
1819 349 1931 374 annonis
1956 349 1999 374 seu
2019 350 2141 378 cellariis.
2178 356 2208 381 Et

1155 375 1225 415 siilp.
1240 376 1350 401 Seuerus
1367 376 1435 416 Hist.
1450 378 1541 417 Sacrae
1557 388 1577 413 ε,
1591 390 1630 413 41,
1646 391 1659 407 2
1682 384 1766 409 Acciti
1782 385 1968 419 numeratique
1981 385 2168 420 quadringenti
2183 396 2208 416 et

1154 410 1292 445 aliquanto
1329 412 1443 452 amplius
1483 413 1657 442 occidentales
1700 419 1818 454 episcopi
1852 420 2006 447 Ariminum
2048 430 2209 451 conuenere:

1156 447 1254 486 quibus
1274 447 1401 487 *omnibus
1435 457 1552 475 annonas
1585 457 1611 476 ct
1637 453 1742 480 cellaria
1770 455 1827 482 dari
1855 457 2001 490 imperator
2033 466 2208 492 praeceperat.

1155 482 1385 548 (lj'ldkibigbigon.
1400 490 1425 511 ct
1438 486 1551 520 interpr.
1608 487 1677 514 Asini.
1693 490 1806 517 Hieron.
1827 492 1855 517 iii
1874 492 1970 520 Matth.
1993 502 2015 519 c.
2027 501 2066 521 ιο.
2101 494 2210 528 August.

1178 527 1213 544 on
1229 538 1234 544 .
1251 527 1277 551 9,
1303 539 1307 544 .

1191 561 1208 581 c
1217 561 1233 580 Ε
1244 560 1258 579 L
1270 561 1284 579 L
1293 562 1315 581 A
1326 562 1344 581 R
1355 563 1363 581 ι
1374 562 1392 582 0
1403 562 1418 580 L
1429 562 1449 582 v
1459 563 1483 582 Μ
1493 576 1500 588 ,
1524 556 1541 583 i.
1563 566 1587 582 n.
1610 557 1711 584 Dimin.
1727 560 1838 588 Hieron.
1853 562 1912 590 adu.
1932 563 2066 591 Iouinian.
2080 572 2104 598 ε,
2117 567 2154 592 16.

0 625 2 630 .
19 606 74 624 ,are
87 606 116 623 ac
133 597 234 623 referto
252 595 334 622 fiiiffe.
384 592 491 618 'Plautus
511 591 540 617 dt*
559 592 675 623 Cdrct'l't',
691 592 786 627 Amph.
803 601 822 625 ι,
838 602 856 625 ι,
870 601 888 626 4
920 591 983 618 Inde
1003 600 1058 617 cras
1073 599 1087 616 e
1115 596 1144 614 io
1190 596 1232 616 CF„
1243 596 1258 614 L
1269 596 1284 615 L
1295 592 1343 616 KR
1354 599 1361 616 ι
1372 598 1384 616 s
1395 611 1402 622 ‚
1426 600 1448 617 e.
1472 592 1530 618 Adi.
1568 593 1772 629 [ὀικηματικῖος]
1814 599 1861 628 Vt,
1875 599 2009 626 Coluniel.
2033 605 2056 633 8,
2072 605 2093 631 8,
2109 609 2118 627 1
2153 601 2209 627 Hac

0 650 5 660 .
44 632 226 668 promptuaria
241 630 305 658 cella
317 629 455 663 depromar
467 627 500 654 ad
514 628 636 662 flagrum.
673 628 720 656 Sul
733 629 799 654 cella
813 630 906 655 Proina
919 626 1037 654 Tertull.
1054 626 1086 653 de

0 669 8 695 D
46 669 150 695 Resurr.
166 677 186 693 c.
201 674 242 701 27.
262 669 279 692 i.
291 663 456 726 Jcffitlchrum.
634 662 654 701 fl
682 673 697 690 2
735 663 904 700 Magistratus
918 664 1088 699 proiiiuciales

39 702 169 741 suamfibi
183 702 275 729 cellam
286 703 317 728 ssa
333 699 411 725 ebant.
458 698 513 725 Cic.
528 700 605 725 Vcri'.
623 708 646 732 3,
663 709 713 726 zoo
728 710 749 727 c.
765 703 811 731 86.
830 700 947 726 Placetne
962 699 1039 726 vobis
1059 699 1088 725 in

45 739 135 766 cellam
156 735 345 772 magistratibus
367 734 461 761 nostris
481 735 645 761 frumentum
665 737 768 762 Siculos
787 736 866 770 gratis
889 735 968 762 dare?
995 737 1025 761 Et
1040 743 1087 761 201

45 774 240 809 Magistratibus
253 777 360 798 *tantum
387 770 464 797 detur
483 771 510 797 in
530 771 638 804 cellam,
664 779 793 806 quantum
812 772 912 805 semper
930 771 1019 797 datum
1042 770 1086 796 est.
1099 778 1124 805 ις

36 811 77 838 'Et
90 819 141 837 202.
162 810 224 836 Data
238 807 288 834 tibi
302 807 412 841 pecunia
432 807 467 833 est
483 808 592 833 Verres:
617 816 683 840 vna,
698 817 749 842 qua
763 808 928 833 frumentum
945 806 997 833 tibi
1019 816 1088 833 enic-

30 854 86 879 eres
99 846 126 872 in
140 844 245 872 cellam:
267 843 363 874 altera,
378 852 430 877 qua
451 843 614 870 frumentum
634 852 732 869 cineres
747 852 760 869 a
773 842 928 879 ciuitatibus
948 843 1020 878 quod
1037 844 1088 868 Ro-

30 881 241 913 ilmanixiiiitteres
256 885 300 904 etc.
339 880 402 913 Sunt
416 882 479 905 euim
490 881 574 913 plura.
614 880 734 914 Frequens
745 881 797 904 eius
811 881 848 904 rei
862 881 952 905 mentio
973 886 996 904 ct
1012 881 1088 910 alias,

30 910 73 944 ’,υτ
86 916 174 944 Diuin.
189 915 217 941 in
230 915 306 948 Verr.
321 923 352 946 30
367 925 388 941 c.
404 924 432 941 io
457 916 588 948 Qum-itur
600 914 689 941 Sicilia
707 920 760 941 tota
779 915 808 940 C.
822 915 933 940 Verrem
954 914 986 940 ab
1002 920 1088 940 arato-

30 760 33 773 l

32 997 66 1022 ;3,
80 995 130 1020 ²09
142 995 164 1014 c.
179 994 221 1020 90.
239 993 262 1012 et
276 995 325 1020 214
338 996 359 1013 c.
375 995 417 1019 97..
454 987 510 1013 Cic.
525 988 601 1013 Vei-r.
616 995 637 1018 3,
652 991 692 1016 188
708 995 729 1012 c.
744 990 769 1015 ει
798 986 861 1012 Non
880 985 915 1011 est
931 986 958 1011 in
975 985 1023 1011 hoc
1038 986 1088 1011 cri-

31 1031 102 1051 .men
114 1022 254 1054 Hortensi,
267 1032 300 1049 ne
315 1023 386 1049 forte
401 1022 432 1049 ad
447 1022 498 1049 hoc
514 1022 658 1054 meditere,
671 1022 768 1048 multos
783 1021 857 1055 saepe
870 1021 944 1047 viros
959 1021 1088 1053 bonos‚et

32 1084 34 1087 ,
53 1063 138 1090 ortes,
159 1064 184 1085 et
199 1058 350 1085 innocentes
363 1068 423 1085 cuin
439 1059 604 1090 aratoribus,
623 1064 649 1084 et
668 1066 726 1084 cuni
747 1056 901 1083 ciuitatibus
923 1058 1088 1083 frumentum

32 1093 112 1157 vqtt'iod
126 1094 154 1120 in
167 1094 259 1121 cellam
273 1095 341 1121 suini
352 1100 504 1129 oporteret,
518 1094 677 1125 aestimass'e‚
692 1099 717 1119 et
731 1093 870 1127 pecuniam
885 1102 934 1128 pro
949 1093 1087 1120 frumento

33 1159 129 1198 leena,
159 1175 187 1192 ro
200 1166 314 1193 Cubicula
327 1168 407 1202 aliquo
413 1165 517 1202 ficreto.
552 1165 627 1191 Ideni
642 1166 694 1192 Att.
705 1174 744 1198 14,
756 1173 786 1191 22
804 1166 918 1192 Atticam
932 1172 1017 1190 meam
1031 1172 1088 1198 gra-

5 1204 20 1217 ·’
53 1202 89 1230 ias
103 1201 141 1229 nii
164 1202 172 1228 i
185 1211 262 1236 agere
276 1202 309 1228 de
323 1207 406 1228 matre
417 1201 535 1236 gaudeo:
557 1202 600 1227 cui
619 1200 728 1236 quidem
749 1210 799 1236 ego
814 1207 898 1227 totam
913 1199 1024 1232 villani,
1038 1200 1088 1225 cel-

40 1241 146 1273 lamque
158 1238 267 1264 tradidi.
337 1237 414 1264 Strati
428 1237 456 1263 in
468 1236 541 1263 cellis
554 1236 616 1263 lec‘ti
631 1237 685 1264 Cic.
701 1236 814 1272 Philipp.
830 1245 854 1267 2,
870 1239 904 1271 67
919 1245 940 1262 c.
954 1244 997 1270 27.
1013 1236 1041 1261 cle
1048 1246 1088 1262 cu-

43 1275 126 1302 iculis
139 1273 277 1309 fimorum.
314 1274 355 1301 Sic
373 1273 440 1299 Hor.
455 1273 537 1300 Serm.
552 1282 572 1305 i,
586 1278 609 1305 8,
624 1278 645 1303 8.
683 1273 770 1299 Cellas
789 1273 908 1299 familiae
927 1279 1001 1297 vocat
1021 1273 1089 1298 Cato

63 1346 146 1372 olum.
169 1347 234 1378 i,.6.
269 1345 327 1371 Seri.
348 1346 477 1372 Controu.
490 1353 519 1371 21
541 1344 571 1371 de
586 1345 658 1381 serui
673 1348 770 1380 miptt‘is
788 1344 843 1371 cum
855 1344 917 1379 filia
938 1344 1029 1375 herili,
1051 1345 1088 1370 Ex

53 1382 103 1408 ella
123 1380 249 1416 migrabit
267 1381 295 1407 in
314 1381 469 1408 cubiculum
488 1382 549 1407 suae
568 1380 707 1413 dominae,
724 1380 767 1407 vel
788 1380 896 1406 domina
910 1388 941 1406 ex
962 1380 1088 1406 cubiculo

0 1427 7 1450 t
19 1429 27 1433 .
40 1426 88 1445 uo
102 1414 227 1453 migrabit
240 1417 268 1443 in
281 1417 387 1446 cellam..
402 1441 410 1447 Ι
421 1416 496 1453 Conf.
510 1417 619 1443 Viti-uu.
633 1419 659 1449 6,
674 1425 710 1442 io.
748 1415 837 1443 Cellae
850 1419 924 1442 etiam
940 1416 1089 1442 Balnearum

64 1453 145 1480 embra
156 1453 265 1489 fuerunt
277 1452 372 1480 Pallad.
388 1462 407 1485 ι,
421 1461 467 1486 40,
482 1461 508 1486 4.
544 1454 636 1487 Veget.
656 1452 769 1478 Muloin.
789 1460 814 1483 2,
829 1453 855 1484 6,
869 1461 890 1484 3.
932 1453 1001 1477 Hinc
1015 1452 1089 1478 Cella

47 1525 142 1554 -alinei
156 1525 220 1552 cella
233 1525 373 1560 frigidaria
385 1524 497 1559 spatiosa
510 1529 536 1551 et
549 1524 628 1550 effusa
662 1538 709 1544 ——
743 1523 854 1550 Adiacet
867 1524 1032 1556 motorium,
1042 1523 1088 1556 hy-

44 1560 180 1587 ·ocauston
216 1576 261 1581 —-
297 1570 359 1587 mox
384 1560 452 1586 duae
474 1559 562 1586 cellae.
599 1559 672 1595 Conf.
693 1567 715 1592 ς,
736 1562 766 1591 6,
786 1568 826 1592 23.
853 1567 876 1586 et
899 1560 1089 1596 dfscriptionem

45 1596 129 1622 ·alnei
146 1597 330 1623 Vitruuianam
349 1604 371 1629 ς,
387 1604 424 1622 10.
495 1595 568 1622 Cella
582 1595 758 1630 suppositoria
771 1605 786 1621 a
799 1596 854 1631 Jblo
871 1603 1021 1622 memoratur
1035 1597 1088 1622 Vo-

54 1631 108 1658 isco
123 1631 150 1658 in
165 1631 263 1658 Carino
276 1641 298 1658 c.
313 1639 342 1665 ¹7
369 1630 490 1663 Balneis,
511 1634 612 1672 i'Jqffl,
633 1632 671 1658 ita
692 1631 799 1666 frigidis
818 1632 878 1658 vsus
891 1631 942 1663 est,
962 1639 990 1658 vt
1005 1631 1089 1658 solent

41 1706 76 1729 ‘ic
86 1703 114 1729 de
126 1704 226 1738 tripIici
238 1712 325 1740 genere
339 1703 467 1729 cellarum
476 1723 484 1735 ‚
503 1712 565 1738 quas
576 1702 758 1733 iudicauimus,
772 1703 867 1729 erudite
879 1713 889 1730 e
906 1705 1009 1730 Graccis
1021 1706 1089 1739 scri-

41 1739 146 1767 ·toribus
156 1738 283 1775 disputat,
304 1748 328 1765 co
343 1738 442 1771 euadit,
462 1745 493 1764 vt
508 1738 713 1773 Suppolitariam
726 1739 819 1766 cellam
834 1739 904 1765 dicat
924 1737 966 1772 effi*
989 1739 1088 1773 tepida-

48 1774 118 1808 iam,
132 1774 288 1809 frigidariae
303 1773 470 1808 suppositam.
509 1775 595 1800 Fuerit
612 1777 695 1809 itaque
709 1774 798 1806 eadem,
813 1783 873 1810 quac
886 1774 998 1807 natas-ds
1013 1777 1088 1801 Grae-

55 1813 80 1837 's.
117 1810 192 1847 Conf.
204 1810 339 1846 dqfcriptio
353 1817 377 1836 et
390 1807 496 1845 pic'lura
507 1813 608 1844 antiqui
625 1809 706 1835 balnei
724 1819 754 1835 cx
766 1809 872 1844 Arlaffiii
883 1809 1023 1837 collectione
1040 1821 1087 1838 mo-

14 1884 17 1891 '
45 1884 75 1908 a'e
83 1881 194 1917 suerunt
205 1883 367 1908 Meretricum
375 1880 501 1916 fornices.
537 1880 641 1907 Petron.
657 1886 669 1910 8
694 1882 749 1908 Iam
764 1891 813 1916 pro
826 1881 893 1908 cella
907 1883 1036 1909 meretrix
1050 1884 1088 1909 as-

47 1926 89 1944 eni
103 1924 232 1952 exegerat.
267 1916 384 1943 Martini.
398 1915 487 1950 Epigr.
504 1924 538 1948 11,
552 1918 590 1949 46
615 1917 721 1943 Intrasti
735 1917 841 1952 quoties
862 1917 1004 1951 inscriptae
1017 1918 1088 1944 limi-

53 1961 67 1979 a
86 1953 174 1979 cellae.
229 1953 321 1978 quen.
336 1952 385 1978 Sat.
401 1954 428 1984 6,
443 1960 483 1978 izi
501 1951 530 1977 de
544 1950 678 1985 Mfffizlz'na
691 1953 806 1984 Claudii,
841 1954 955 1979 Irin-anit
970 1953 1087 1980 calidum

52 1988 122 2015 cterr
137 1992 249 2014 centone
264 1987 375 2022 lupanar
394 1989 426 2014 Et
439 1987 533 2014 cellam
546 1996 671 2019 vacuam,
685 1994 764 2022 atque
778 1989 860 2015 suani.
971 1987 991 2027 *ᾗ
1007 1998 1019 2023 ς
1041 1990 1089 2017 Sed

65 2069 88 2087 m
99 2062 221 2096 porticus.
258 2059 367 2087 Viti-uu.
381 2067 404 2091 3,
420 2067 430 2085 1
450 2060 481 2086 In
498 2059 566 2086 antis
580 2059 632 2086 erit
646 2060 737 2092 aedes,
751 2069 811 2087 cum
825 2060 936 2087 habebit
949 2061 975 2087 in
996 2063 1086 2088 fronte

49 2103 105 2123 ritas
119 2095 250 2131 parietum
259 2115 268 2127 ‚
288 2095 336 2130 qui
348 2095 442 2121 cellam
455 2095 675 2121 circumcludunt.
726 2098 757 2123 Et
769 2106 796 2130 4,
810 2106 828 2131 4
852 2097 1030 2124 Distribuitur
1044 2107 1086 2124 au-

45 2140 88 2158 em
100 2130 242 2166 longitudo
256 2131 327 2157 aedis
336 2150 345 2163 ,
357 2130 398 2157 vti
412 2130 526 2157 latitudo
540 2130 570 2157 tit
583 2130 759 2166 longitudinis
772 2132 902 2159 dimidiae
916 2134 1007 2167 pariis,
1022 2134 1087 2167 ipsa-

43 2176 84 2203 [ue
99 2166 164 2193 cella
174 2172 248 2228 parte
261 2174 355 2201 quarta
372 2166 480 2200 longior
492 2166 537 2197 fit,
553 2175 638 2206 ¹quani
651 2168 687 2194 est
705 2168 820 2194 latitudo
834 2177 892 2193 cum
907 2169 1023 2200 pariete,
1039 2167 1086 2201 qui

43 2208 120 2230 mnes
139 2211 191 2229 vai

45 2234 233 2273 =aberifilitum
255 2236 324 2263 docet
337 2246 361 2263 v.
374 2246 399 2273 g.
421 2237 477 2263 Cic.
491 2236 559 2263 Phil.
579 2245 602 2269 2,
619 2245 647 2269 ¹9
660 2245 681 2263 c.
697 2242 710 2266 8
739 2238 809 2263 Cum
822 2237 850 2263 in
869 2237 917 2263 hac
933 2237 998 2264 cella
1014 2239 1085 2264 Con-

45 2272 154 2305 ordiae,
166 2280 184 2299 ο
197 2272 244 2298 Dii
258 2271 436 2298 immortales!
455 2272 483 2298 in
497 2280 549 2307 qua
565 2281 607 2298 me
615 2273 732 2300 Consule
746 2272 870 2299 salutares
890 2274 1033 2300 sentcntiae
1046 2273 1086 2301 di·

45 2307 87 2335 tae
99 2307 173 2342 (unt,
187 2306 286 2343 quibus
298 2307 331 2334 ad
345 2307 411 2334 hanc
430 2307 502 2334 diem
515 2308 651 2341 viximus,
666 2318 726 2335 cum
741 2308 838 2343 gladiis
858 2309 981 2336 homines
1002 2310 1085 2337 collo-

27 2372 29 2374 ,
60 2342 82 2372 ti
95 2343 170 2371 stent.
205 2345 237 2371 Et
249 2343 316 2370 Phil.
331 2352 354 2376 3,
366 2352 391 2376 31
404 2353 425 2371 c.
438 2353 466 2371 12
487 2344 561 2378 Qiid
575 2344 619 2371 hic
634 2344 723 2371 vic‘tor
736 2354 791 2371 non
805 2344 930 2380 audebit,
955 2346 1003 2381 qui
1038 2362 1084 2367 —-

45 2425 58 2449 ',
73 2424 83 2442 1
103 2425 133 2442 ex
141 2415 328 2452 'antiquioribus
345 2415 437 2452 refert,
451 2416 601 2451 Scipionem
616 2417 773 2444 Africanum
788 2417 929 2444 solitauiss‘e
943 2417 1029 2444 noetis
1042 2426 1085 2444 ex-

72 2460 116 2479 mo
130 2451 202 2486 prius
217 2460 296 2487 quam
309 2451 480 2485 dilucularet,
494 2453 522 2478 in
535 2453 700 2487 Capitolium
713 2453 861 2486 ventitare,
874 2463 903 2480 ac
918 2453 1011 2480 iubere
1026 2462 1085 2487 ape-

38 2487 83 2515 iri
101 2487 196 2515 cellam
212 2487 302 2520 Iouis,
322 2493 401 2523 atque
420 2487 460 2514 ibi
480 2488 567 2515 solum
585 2489 631 2515 diu
645 2489 781 2516 demorari
802 2489 873 2524 quali
893 2489 1085 2515 consultantem

48 2533 63 2551 e
75 2522 216 2559 republica
229 2532 289 2550 cum
300 2524 374 2553 Ioue.
410 2525 452 2552 Sic
466 2525 541 2551 Cella
554 2525 641 2552 Fortis
654 2526 788 2552 Fortunae
802 2531 950 2551 memoratur
964 2523 1024 2549 Liu.
1041 2532 1085 2558 27,

23 2604 27 2614 ³
49 2594 125 2622 edem
136 2595 246 2622 Honori
258 2601 285 2622 et
295 2595 399 2623 Virtuti
417 2597 547 2629 vouiffet,
560 2596 694 2623 dedicatio
708 2595 764 2621 eius
779 2603 793 2620 a
807 2594 981 2621 Pontificibus
1001 2595 1083 2630 impe-

51 2631 165 2667 iebatur,
179 2630 251 2666 quod
262 2630 410 2665 negabant,
424 2640 504 2658 vnani
517 2632 610 2659 cellam
625 2630 737 2665 amplius
751 2639 830 2665 quam
842 2631 889 2657 vni
903 2631 961 2657 Deo
976 2632 1028 2658 rite
1042 2631 1084 2658 de-

51 2666 56 2672 ‘
75 2667 118 2693 ari
137 2673 182 2694 etc.
381 2664 402 2704 fl
421 2667 438 2692 6
474 2667 574 2699 Cellas,
589 2666 696 2693 abufiu‘e
709 2666 844 2693 Fauorum
863 2675 986 2694 cauernas
1006 2666 1084 2694 vo'ca-

53 2703 73 2728 it
87 2701 164 2736 Virg.
185 2701 250 2728 Aen.
270 2709 291 2733 ι,
304 2708 356 2735 437
391 2716 438 2721 —
473 2701 624 2729 distendunt
644 2701 750 2729 nectare
763 2702 850 2729 cellas.
881 2703 996 2730 Seruius.
1032 2705 1084 2730 Co-

51 2792 58 2804 ,
73 2780 112 2805 14,
127 2780 153 2805 9.
351 2770 372 2810 ff
391 2779 409 2808 7
444 2773 518 2800 Cella
531 2780 554 2799 et
569 2773 636 2801 Sella
652 2784 705 2800 cum
723 2774 846 2801 deriuari:
864 2775 989 2811 confzmdi
1001 2775 1085 2811 solent

45 2818 60 2833 -ι
74 2808 148 2835 MSS.
162 2806 215 2834 vid.
229 2806 264 2834 ad
276 2807 370 2835 Caton.
384 2808 416 2834 de
430 2808 460 2835 R.
475 2809 507 2836 R.
527 2818 560 2842 ις,
574 2818 596 2842 3.
611 2817 636 2837 et
650 2819 690 2844 14,
704 2818 722 2837 1.
760 2812 792 2837 Et
805 2810 962 2847 quaestuum
977 2811 1086 2838 dicemus

45 2857 47 2861 .
81 2849 359 2884 ciui-gxaivmex
376 2844 442 2870 Ptin.
463 2853 491 2878 i9
511 2853 575 2872 extr.

69 2885 163 2907 CELL
173 2886 218 2910 VL
229 2886 249 2906 A
259 2899 267 2911 ,
282 2888 321 2906 ae.
342 2879 362 2907 f.
386 2880 489 2907 Dimin.
525 2882 593 2909 Ter.
603 2882 668 2909 Eun.
682 2890 708 2914 2,
723 2890 745 2915 3,
760 2887 785 2912 18
806 2883 899 2916 Quin
914 2881 943 2909 in
958 2883 1082 2910 cellulam

55 2950 202 2986 eceptaciila
214 2959 269 2978 non
283 2958 408 2987 tanquam
422 2953 554 2980 columbis
566 2954 758 2987 loculamenta,
778 2953 821 2980 vel
841 2954 952 2981 cellulae
974 2962 1081 2987 cauatae

49 2984 197 3018 fficiuntur,
209 2985 269 3020 sed,
282 2995 329 3015 etc.
365 2988 480 3024 Implere
492 2989 617 3017 cellulam
628 2990 683 3017 risu
699 2990 845 3025 plausuque
858 2991 962 3018 Petron.
976 3000 1008 3018 ii.

53 3023 333 3063 ’CBLLYLRNVS
346 3044 355 3058 ‚
381 3025 401 3052 i.
425 3034 462 3052 m.
498 3026 655 3060 Monachus,
672 3029 716 3063 qui
733 3029 761 3052 in
780 3027 842 3053 cella
861 3029 941 3054 vitam
961 3027 1082 3064 transigit

26 3087 28 3089 ‚
51 3055 214 3093 idom-Epist.
229 3067 255 3092 9,
269 3067 292 3091 3.

47 3153 51 3158 ,
72 3137 92 3161 ι,
108 3136 149 3156 ιοι
168 3129 354 3170 Iampridem,
373 3131 437 3166 quia
460 3132 530 3160 nihil
547 3133 702 3168 abstulerit,
723 3135 854 3161 succenset
872 3134 987 3162 cellaria.
1021 3137 1080 3163 Alii

25 3171 28 3174 ’
47 3171 118 3201 -gunt
129 3164 254 3192 Gerana:
273 3167 330 3192 Alii
340 3165 472 3194 Cetaria..
488 3169 563 3196 Nihil
574 3173 647 3197 certi.

25 3214 35 3239 χ
69 3205 88 3227 c
99 3206 116 3226 Ε
126 3203 199 3227 LLA
209 3200 314 3233 Ri'vs,
340 3201 351 3228 i
370 3211 407 3229 m.
443 3203 574 3239 [ταμίας]
609 3207 661 3242 Qi
674 3203 772 3242 praees?
789 3205 869 3231 cellae.
905 3205 986 3233 Plaut.
1000 3207 1077 3242 Capt.

28 3260 30 3267 ,
76 3243 101 3267 2,
115 3244 158 3269 ¹¹4
187 3235 282 3268 Sume,
294 3237 386 3271 posce,
397 3241 490 3273 prom'e
505 3240 572 3276 quid
585 3243 641 3274 vis,
655 3247 681 3268 te
700 3242 772 3268 facio
786 3241 934 3273 cellarium.
970 3243 1078 3270 Colum.

18 3306 43 3350 L?
62 3306 149 3335 ilai-iis
159 3306 324 3348 praebeatur.
360 3308 434 3349 Idem
442 3319 482 3344 12,
494 3319 518 3345 3,
529 3320 546 3345 9
565 3313 668 3340 Promis
683 3323 792 3349 quoque
807 3320 833 3340 et
844 3313 959 3342 cellariis
973 3315 1076 3350 aliquid

22 3354 26 3359 ·
48 3342 239 3383 pendentibus
258 3349 312 3384 aut·
322 3345 493 3373 metientibus
513 3348 686 3376 interuenire.
723 3349 791 3376 Add.
807 3358 843 3382 12,
856 3360 882 3384 4,
895 3358 917 3383 3.
959 3352 1075 3379 Martial.

32 3361 43 3403 i
57 3384 108 3413 ,ξι
123 3380 208 3420 ‘Hinc
224 3379 345 3420 cellarius
358 3381 493 3415 experitur
505 3389 581 3411 artes.
651 3385 781 3420 leianus
796 3385 824 3411 in
837 3385 855 3412 l.
875 3387 1036 3421 Quaesitum.
1051 3386 1074 3424 §.

61 3414 187 3442 'ilai-iiim.
202 3415 233 3442 D.
247 3416 287 3442 De
299 3415 427 3444 instruero
440 3423 466 3444 et
478 3417 642 3447 instrument.
656 3421 732 3456 legat.
747 3420 893 3448 Cellarium
913 3431 1037 3458 quoque,
1050 3423 1077 3450 id

33 3485 248 3534 pi'iljgnemque,
273 3487 443 3529 instrumenti
468 3489 517 3517 else
538 3491 644 3519 constat.
698 3495 757 3520 Alii
781 3494 867 3529 legunt
889 3493 1075 3522 Cellararium.

53 3521 150 3556 lnam.
161 3530 226 3550 extr.
264 3525 335 3559 Apio
355 3531 476 3552 eximunt
493 3527 574 3562 coqui
592 3529 710 3563 opsoniis
723 3535 840 3556 acetum:
862 3529 957 3557 eodeni
972 3531 1076 3559 cellarii

72 3557 275 3593 metrodorem
289 3569 355 3586 vino
369 3569 486 3594 grauem.

56 3592 300 3636 '13i3³1..⁴DAi{ivs‚
319 3596 353 3628 a,
373 3605 427 3637 iim.
464 3596 526 3624 Adi.
574 3598 624 3631 Vt,
640 3598 724 3627 Plaut.
749 3599 831 3626 Milit.
848 3608 871 3633 3,
886 3609 912 3634 2,
925 3609 950 3634 3¹
987 3603 1077 3630 Postea

27 3635 29 3639 ’
52 3663 53 3667 ¹
65 3637 120 3658 ιἰιι
131 3639 182 3665 ego
194 3631 288 3659 eiiciar
305 3631 412 3659 cellaria
421 3652 430 3665 ,
447 3635 465 3660 i.
481 3631 603 3668 impediar
614 3633 643 3660 de
656 3635 715 3661 cella
728 3645 765 3662 me
770 3636 901 3673 saginare.
1039 3653 1043 3657 «

52 3671 161 3698 vv(JK-:LL
171 3673 318 3700 ARXVM‚
339 3668 358 3695 i.
378 3677 404 3695 n.
432 3668 550 3702 [ταμεῖον
567 3670 626 3696 Vet.
640 3669 720 3696 Gloss.
770 3672 838 3698 Idem
850 3671 916 3708 quod
927 3672 998 3700 Cella.
1019 3674 1076 3701 Ser-

19 3718 21 3723 *
55 3699 142 3743 iliqssad
153 3702 217 3729 Aen.
233 3711 254 3736 i,
265 3709 319 3738 707
337 3705 410 3731 Inter
421 3713 518 3740 penum
532 3710 557 3731 et
572 3705 710 3732 cellarium
728 3672 782 3732 iio:
794 3707 916 3734 interest:
936 3708 1008 3744 quod
1026 3710 1077 3736 cel-

32 3734 133 3790 ³arigim
144 3737 182 3764 est
201 3746 345 3773 paucorum
357 3740 480 3768 dierum:
512 3741 583 3768 vnde
603 3747 630 3768 et
644 3741 672 3768 in
690 3740 784 3768 cellam
800 3741 900 3770 dicitur
917 3743 1078 3778 imperatum

49 3785 50 3788 ¹
140 3779 206 3800 tum.
241 3774 322 3802 Penus
334 3784 401 3807 vero
415 3777 451 3803 est
465 3778 594 3812 temporis
608 3777 690 3812 longi.
729 3777 834 3810 Qiibus
844 3778 888 3805 vel
902 3779 1077 3814 supelleffiles

16 3870 18 3875 ,
55 3841 87 3883 hs
100 3858 113 3871 z
125 3845 152 3877 6,
161 3852 187 3878 ις
202 3845 219 3871 s.
233 3853 300 3886 ²4²³
320 3847 445 3881 Qui-uin
456 3849 514 3885 agri
529 3858 638 3885 quoque
656 3850 789 3875 minorem
803 3849 1077 3886 modunrobtinuere,

16 3906 20 3917 1
56 3884 72 3904 n
132 3879 239 3911 cellaria
257 3880 376 3909 istorum.
413 3885 460 3911 Sed
474 3886 555 3919 Hard.
569 3895 598 3912 ex
611 3887 685 3912 MSS.
706 3885 832 3913 sellariae.
869 3885 917 3913 Sed
934 3887 1029 3914 Donat.
1042 3889 1076 3915 ad

46 3937 48 3945 2
68 3918 109 3945 er.
119 3915 194 3956 Adel.
206 3925 235 3949 4,
247 3925 273 3949 2,
287 3925 311 3950 ¹3
324 3917 409 3949 'Cella'T
416 3925 444 3947 et
455 3920 603 3949 Cellarium
616 3930 632 3949 a
645 3921 804 3957 reponendis
819 3921 985 3958 celandisque
998 3923 1077 3951 rebus

47 3949 173 3977 'seulentis
185 3958 212 3978 et
224 3952 370 3986 poculentis
389 3953 496 3984 dicitur.
693 3954 714 3996 ff
737 3966 752 3984 2
789 3957 905 3984 Cellaria
923 3961 997 3986 etiam
1014 3960 1078 3987 dice-

51 3984 141 4019 aneilr,
151 3995 213 4023 quae
223 3988 440 4022 ‘premebamus-Ex
448 3995 608 4028 promtuaria
620 3992 682 4021 cella
689 4000 794 4031 praeter
807 4003 936 4027 ami-nas,
949 3994 974 4021 h.
987 4004 1007 4022 e.
1014 3996 1077 4032 fru-
1090 4006 1133 4033 105

190 4029 275 4051 voi..
310 4025 332 4051 Ι.

194 2210 277 2230 iarum
294 2201 418 2228 habuerit
436 2200 649 2228 collocationem.
686 2203 803 2229 Senatum
822 2205 850 2227 in
872 2202 946 2228 cellis
962 2202 990 2227 iil
1007 2212 1085 2237 grmni-
1096 2204 1124 2230 55

48 2914 65 2941 d
85 2921 111 2942 te
123 2915 204 2949 patris
223 2923 322 2950 penum
338 2924 419 2943 omne
438 2917 614 2952 congerebam
634 2918 790 2945 clanculum.
826 2918 960 2945 Columel.
980 2924 1003 2951 8,
1022 2928 1048 2952 9,
1067 2929 1079 2952 3
1098 2920 1131 2949 73
1151 2927 1202 2959 qua

1098 3645 1131 3672 95

1154 626 1246 666 eadeiii
1267 626 1374 667 ratione
1396 627 1550 660 palumbos,
1577 629 1770 665 columbosque
1796 633 1903 660 cellares
1923 635 2104 671 pinguiffimos
2122 637 2211 665 facere

1154 667 1285 696 contingit
1295 681 1303 693 ,
1318 665 1336 687 i.
1352 665 1395 698 qui
1407 666 1434 687 in
1449 664 1519 689 celiis
1531 665 1641 691 aluntur.

1190 705 1206 725 c
1216 705 1230 724 E
1244 706 1256 722 ι.
1271 704 1283 723 ι,
1293 705 1343 738 nvn
1354 706 1362 723 i
1374 705 1388 724 c
1398 705 1440 724 Ns
1452 707 1458 724 i
1469 706 1498 731 s,
1524 710 1546 726 e.
1574 700 1655 727 Aliud
1670 700 1731 727 Adi.
1774 702 1822 736 Vt,
1837 703 1995 741 Celliirienst‘s
2007 706 2105 743 species
2119 708 2210 742 eadem,

1170 743 1212 760 nar
1226 733 1342 760 Cellama
1355 733 1422 760 Cod.
1438 734 1577 762 Theodos.
1599 737 1631 763 de
1649 737 1805 772 erogatione
1823 739 1948 767 militaris
1967 750 2086 771 annonae
2100 744 2118 771 l.
2133 753 2173 777 32.
2187 751 2212 772 tt

1166 790 1172 796 .
1187 772 1214 796 16
1229 769 1260 796 de
1275 769 1449 804 indulgentiis
1461 769 1577 797 debitor.

1190 813 1206 832 C
1217 813 1232 832 i:
1242 813 1257 832 L
1267 812 1281 830 L
1291 812 1343 832 ΛΤ
1353 813 1362 833 ι
1373 812 1392 832 0
1402 825 1409 838 ,
1430 807 1499 832 onis.
1519 807 1538 832 f.
1562 807 1682 834 Cellarum
1699 806 1859 842 constitutio,
1878 813 1896 836 i.
1911 812 1990 839 Series
2003 814 2211 849 cellarum,vide-

1155 848 1198 868 tw·
1220 843 1324 868 Pcrron.
1342 849 1378 876 77
1397 842 1498 868 Domus
1514 843 1602 868 susum
1621 843 1699 869 habet
1713 845 1889 872 cenationem.

1193 883 1209 903 c
1222 885 1237 903 ιε
1248 886 1263 904 ι.
1274 885 1288 903 ι,
1299 885 1308 904 1
1319 884 1338 904 o
1348 898 1355 910 ‚
1381 877 1449 904 onis.
1478 888 1513 905 m.
1553 878 1621 905 Idem
1645 882 1687 914 qui
1712 880 1839 908 cellarius.
1883 883 2001 917 inscript.
2024 885 2102 912 Grut.
2124 896 2149 921 p.
2165 892 2212 920 582

1156 922 1183 939 n.
1200 922 1228 938 ιο
1267 914 1298 939 Ι).
1319 914 1356 940 M.
1383 914 1574 941 SECVNDI
1610 914 1636 941 N
1650 915 1816 942 VNDINI
1852 918 2084 948 PRIMITIVI
2121 923 2212 950 CEL-

31 953 116 982 1ribus
128 959 209 986 quum
231 950 395 977 frumentum
415 951 462 977 libi
484 952 511 977 in
526 951 618 977 cellam
638 950 830 985 imperauill'et,
843 957 889 975 etc.
926 949 994 976 Ailil.
1011 951 1087 975 Verr.
1100 957 1134 975 20
1155 949 1176 975 L
1185 949 1195 974 I
1204 950 1228 975 O
1238 949 1263 974 N
1273 949 1315 975 IS.

1189 991 1205 1011 c
1215 991 1230 1010 Ρ,
1242 992 1257 1010 ι,
1266 992 1282 1010 L
1291 991 1310 1010 o
1320 1004 1326 1016 ‚
1347 985 1378 1016 is,
1398 985 1496 1012 celsum
1506 1004 1514 1018 ,
1534 987 1588 1012 ere.
1627 984 1766 1020 Impellere,
1787 995 1893 1019 mouere,
1906 988 1970 1015 vnde
1983 990 2100 1018 Percello
2114 993 2212 1029 Obsole-

1153 1027 1213 1046 tum.
1251 1021 1291 1046 Ab
1311 1021 1355 1047 hoc
1376 1031 1423 1047 non
1444 1021 1567 1058 diuersum
1580 1020 1655 1057 forte
1668 1021 1748 1054 illud,
1761 1025 1831 1048 cuius
1846 1023 1984 1058 compositis
2004 1033 2101 1053 tantum
2116 1036 2212 1056 utimur

1155 1055 1273 1088 Exi-cllo,
1287 1056 1437 1090 Praeccllo,
1452 1061 1568 1093 cuiusque
1578 1060 1745 1092 participium
1759 1058 1859 1084 videtur
1873 1059 1981 1090 Celsus,
1998 1069 2022 1092 a,
2035 1070 2089 1088 uni.
2128 1066 2212 1099 Ipsum

1155 1101 1246 1127 quoquc
1260 1092 1323 1117 iuml
1341 1098 1357 1118 C
1368 1100 1375 1118 1
1387 1099 1402 1118 L
1413 1099 1428 1118 L
1439 1100 1457 1120 o
1467 1113 1475 1125 ,
1490 1093 1519 1120 de
1536 1103 1582 1129 quo
1595 1094 1808 1126 banniantur-,vt
1822 1094 1991 1132 videbimuss}
2005 1098 2023 1122 l.
2039 1098 2214 1134 Grammatici,

47 1150 49 1153 ι
75 1129 178 1157 stuliffe.
214 1131 287 1167 C⁰'²s·
303 1132 390 1157 Graeu.
405 1137 428 1157 et
440 1130 540 1166 Casaub.
554 1129 588 1156 ad
600 1130 656 1155 Cic.
671 1131 723 1155 Att.
740 1137 765 1161 1,
780 1138 807 1155 12
826 1128 909 1169 p.·66.
1035 1126 1055 1166 fl
1074 1137 1086 1160 3
1099 1135 1129 1160 23
1155 1127 1185 1153 ab
1202 1130 1247 1153 hoc
1267 1134 1283 1154 C
1293 1135 1308 1154 Ε
1319 1134 1334 1153 ιΔ
1344 1135 1360 1154 L
1371 1135 1390 1154 o
1408 1138 1457 1155 non
1470 1129 1572 1156 videtur
1588 1129 1720 1165 ‹litiosam-

1191 1170 1363 1195 cnmvivs,
1385 1164 1403 1190 i.
1432 1173 1468 1191 m.
1487 1164 1542 1198 siue
1570 1172 1728 1196 cerinis,
1754 1167 1813 1201 quia
1836 1166 1928 1193 Graece
1948 1168 2046 1199 κέλμις.
2080 1170 2215 1197 Nutritius

1149 1198 1209 1235 suit
1225 1201 1309 1232 louis,
1328 1200 1457 1226 Idaeorum
1479 1209 1544 1227 viius
1556 1199 1737 1236 Dabbdorum,
1758 1210 1827 1237 quem
1849 1208 1873 1228 ct
1883 1204 2008 1237 paruulus
2021 1203 2102 1230 adhuc
2116 1206 2214 1241 Iupiter

1149 1237 1288 1271 plurimum
1302 1239 1407 1262 ornauit.
1443 1237 1569 1263 Caeterum
1583 1247 1655 1273 quum
1666 1237 1799 1273 aliquando
1811 1239 1939 1264 mortalem
1952 1237 1996 1272 tffi’
2010 1240 2091 1266 Iouem
2105 1240 2216 1274 elixiffiff,

1157 1273 1255 1306 Iupiter
1268 1274 1376 1298 iniuriae
1388 1281 1494 1305 memor,
1515 1282 1588 1309 quum
1607 1273 1705 1309 expulso
1720 1274 1827 1301 Saturno
1848 1283 1931 1301 rerum
1951 1278 2000 1300 iam
2014 1279 2160 1310 potiretur,
2187 1281 2216 1303 iti

40 1315 42 1321 ’
64 1304 117 1337 .‘R.
138 1318 178 1343 14,
194 1319 212 1336 i.
249 1309 366 1337 Ostiarii-
378 1310 482 1335 Petron.
497 1317 537 1344 37.
571 1309 725 1342 Seruorum,
738 1309 881 1340 Pastorum,
904 1307 1088 1335 Bubulcorum
1099 1314 1129 1338 30
1157 1308 1313 1334 adamantem
1326 1308 1434 1343 lapidem
1453 1308 1522 1335 illum
1538 1316 1706 1335 commutauit.
1765 1309 1882 1336 fabulam
1901 1311 2010 1337 breuiter
2028 1314 2114 1338 inmiit
2132 1313 2215 1340 Ouid.

1157 1344 1223 1369 Met.
1238 1353 1266 1377 4,
1281 1349 1321 1374 281
1353 1345 1400 1370 Te
1413 1353 1522 1379 quoquc
1537 1354 1606 1371 nunc
1620 1345 1741 1377 adamas,
1761 1346 1895 1380 quondam
1910 1346 2030 1373 fidiffime
2044 1357 2128 1382 paruo
2156 1349 2215 1376 Cel-

1157 1388 1200 1405 nic
1213 1380 1282 1405 Ioui.
1326 1379 1385 1406 ivd.
1401 1389 1461 1415 quos
1475 1381 1562 1407 laudat
1575 1382 1660 1407 Burni.
1675 1388 1698 1407 ct
1712 1381 1843 1408 Munckcr.
1860 1381 1895 1408 ad
1907 1383 2007 1418 Hygin.
2021 1383 2040 1410 f.
2055 1393 2107 1417 139.

1176 1416 1178 1420 ‘
1194 1422 1306 1447 CELO,
1330 1419 1383 1442 arc.
1420 1415 1617 1452 [οἷποκριὶπτω]
1655 1417 1827 1452 Abscondere,
1847 1425 1935 1454 tegere.
1982 1419 2065 1446 Ouid.
2093 1420 2126 1447 de
2151 1421 2216 1448 Arte

1158 1451 1217 1476 Am.
1231 1459 1257 1482 2,
1272 1459 1326 1483 409
1348 1452 1424 1484 Qiae
1446 1451 1513 1478 bene
1533 1452 1636 1484 celatis,
1651 1451 1669 1478 fi
1683 1461 1735 1487 qua
1749 1459 1838 1479 tamen
1851 1456 1909 1480 acta
1929 1455 2072 1489 patebunt,
2092 1456 2141 1483 Illa
2154 1457 2218 1484 licet

40 1489 196 1524 rigidaria,
210 1488 360 1523 Tepidaria
372 1495 395 1514 ct
409 1488 541 1515 Caldai-ia.
577 1490 615 1514 De
633 1489 678 1514 illa
694 1488 760 1514 Plin.
783 1487 862 1521 Epist.
877 1497 902 1520 2,
918 1496 955 1521 ιγ,
974 1497 994 1514 ιι
1023 1487 1089 1514 Inde
1099 1495 1127 1522 33
1157 1493 1280 1521 pateant,
1293 1492 1321 1512 tu
1336 1492 1423 1512 tamen
1438 1488 1520 1522 vsque
1533 1497 1608 1524 nega.
1681 1489 1757 1523 Virg.
1771 1489 1836 1515 Aen.
1852 1492 1878 1521 6,
1892 1499 1944 1522 443
1983 1491 2035 1517 Hic
2054 1500 2121 1526 quos
2134 1492 2217 1520 durus

1157 1531 1234 1548 amor
1254 1521 1356 1548 crudeli
1381 1522 1442 1548 tabe
1473 1524 1576 1557 peredit
1612 1523 1711 1550 Secreti
1731 1524 1816 1550 celant
1836 1525 1928 1557 calles,
1949 1531 1976 1551 et
1994 1534 2097 1558 myrtea
2115 1529 2218 1556 circum

1157 1558 1230 1585 Silua
1248 1558 1323 1592 tegit.
1363 1558 1420 1585 Cic.
1435 1559 1488 1585 Off.
1502 1568 1525 1592 3,
1538 1567 1570 1593 37
1586 1568 1608 1585 c.
1623 1564 1637 1588 8
1670 1560 1757 1594 Atque
1775 1561 1856 1587 etiam
1877 1569 1909 1587 ex
1927 1562 2003 1587 omni
2022 1562 2218 1592 deliberatione

1157 1594 1260 1620 celandi
1274 1600 1300 1620 et
1315 1594 1466 1621 occultandi
1480 1595 1533 1629 spes
1547 1595 1696 1630 opinioque
1710 1595 1874 1622 reiiiouenda
1886 1596 1932 1623 est.
1968 1597 2034 1624 Satis
2042 1599 2114 1626 enim
2128 1599 2218 1633 nobis,

1158 1630 1177 1656 fi
1191 1629 1274 1657 modo
1293 1630 1322 1656 in
1341 1630 1513 1666 philosophia
1532 1630 1635 1666 aliquid
1654 1632 1834 1666 profecimus,
1851 1633 2001 1666 persuasum
2021 1635 2069 1661 esse
2087 1635 2182 1669 debet,
2198 1636 2217 1663 fi

34 1667 85 1693 ³ss'e
99 1667 178 1694 cellae
193 1666 399 1702 suppositoriae,
411 1666 561 1701 frigidariis
581 1667 683 1701 semper
701 1666 846 1694 niualibus.
883 1667 1030 1701 Salmasius,
1046 1670 1089 1703 qui
1099 1677 1136 1702 40
1157 1676 1249 1693 omnes
1263 1667 1333 1693 Deos
1348 1666 1526 1702 hominesque
1538 1667 1623 1693 celare
1639 1667 1778 1701 possimus,
1799 1668 1871 1695 nihil
1882 1675 1971 1697 tamen
1983 1678 2079 1704 auare,
2092 1672 2161 1699 nihil
2177 1673 2218 1699 in-

1040 1704 1045 1707 “
1142 1703 1241 1735 .iuste‚
1254 1702 1324 1729 nihil
1339 1702 1502 1736 libidinose,
1519 1703 1589 1730 nihil
1604 1703 1803 1731 incontinenter
1820 1706 1868 1730 esse
1881 1705 2043 1733 faciendum.
2081 1708 2151 1734 Hinc
2171 1708 2218 1735 ille

1157 1739 1243 1773 Gyges
1257 1739 1396 1765 inducitur
1407 1747 1454 1766 etc.
1491 1737 1691 1773 Covislrufl'ionis
1701 1740 1762 1767 haec
1778 1740 1864 1767 damus
1878 1743 1994 1777 exempla.
2037 1743 2092 1770 Cic.
2109 1744 2141 1770 de
2154 1745 2218 1772 Nat.

1156 1775 1238 1801 Deor.
1255 1783 1279 1806 ι,
1300 1782 1337 1809 74
1374 1775 1472 1810 Neque
1496 1782 1525 1801 tu
1547 1784 1590 1802 me
1612 1776 1697 1808 celas,
1725 1782 1754 1802 vt
1782 1775 1942 1812 Pythagoras
1973 1776 2074 1805 solebat
2105 1780 2218 1808 alienos.

1157 1810 1227 1836 Ter.
1242 1811 1341 1837 Heaut.
1360 1821 1389 1845 4,
1409 1820 1433 1843 3,
1446 1819 1482 1845 27
1509 1812 1544 1837 Vt
1563 1811 1629 1838 celet
1644 1812 1741 1837 senem.
1812 1813 1870 1839 Cic.
1882 1812 1963 1839 Acad.
1977 1822 1997 1845 i,
2015 1822 2028 1839 2
2058 1814 2116 1841 Nec
2128 1822 2217 1843 tamen

54 1852 207 1873 umentorum
220 1849 326 1881 repetita
339 1855 354 1872 a
370 1845 483 1872 Fabricio
496 1844 532 1870 ad
543 1845 610 1871 Sext.
628 1846 722 1880 Empir.
736 1855 761 1880 p.
775 1854 815 1878 30.
949 1844 969 1883 Ε]
984 1856 1002 1879 4
1029 1847 1087 1873 Cel·
1098 1851 1131 1877 45
1156 1846 1236 1872 istum
1251 1847 1362 1877 ccfl'are,
1377 1847 1421 1872 sed
1442 1847 1527 1873 celare
1545 1855 1613 1881 quae
1625 1847 1724 1873 scribat
1745 1846 1877 1874 existimo.
1932 1849 2002 1875 Ter.
2015 1849 2091 1877 Adel.
2112 1860 2133 1884 1,
2148 1860 2167 1884 ι,
2182 1861 2217 1886 29

1156 1882 1192 1908 Ea
1204 1891 1237 1908 ne
1251 1890 1293 1907 nie
1307 1882 1389 1914 celet,
1403 1883 1555 1908 consuefeci
1568 1882 1664 1908 filiuni.
1701 1882 1757 1909 Cic.
1767 1883 1907 1917 Fam.2,15
1927 1883 1993 1910 Non
2001 1886 2075 1912 enim
2091 1893 2116 1913 te
2131 1888 2217 1915 celaui

1156 1917 1314 1944 sermonem.
1347 1917 1421 1944 Idem
1430 1926 1478 1952 pro
1488 1918 1576 1944 Deiot.
1585 1923 1609 1947 [Β
1623 1919 1741 1945 c.6extr.
1762 1918 1802 1944 De
1816 1920 1907 1952 armis,
1920 1924 1953 1946 de
1965 1921 2054 1951 ferro.
2066 1922 2099 1949 de
2114 1924 2217 1951 insidiis

1155 1953 1241 1980 celare
1259 1960 1284 1980 te
1296 1953 1395 1979 voluit.
1433 1953 1502 1980 Ter.
1517 1953 1623 1980 Phorin.
1638 1961 1661 1986 ς,
1675 1962 1703 1987 4,
1718 1956 1735 1980 6
1754 1954 1781 1980 Si
1795 1954 1844 1980 hoc
1858 1955 1958 1982 celetur
1972 1957 2001 1982 in
2017 1965 2105 1991 metu,
2115 1959 2132 1986 ss
2146 1967 2217 1994 pate-

1155 1988 1201 2021 fit,
1215 1989 1243 2015 in
1259 1989 1360 2023 probro
1374 1990 1439 2015 suin.
1479 1990 1520 2016 Sic
1534 1992 1623 2023 optimi
1634 2000 1641 2013 :
1658 1989 1759 2028 quidani
1771 1990 1840 2022 patri
1854 1990 1983 2025 inserunt,
1995 1995 2066 2019 male.
2105 1998 2157 2021 Nec
2171 1997 2216 2032 fix-

45 2026 106 2051 tiam
127 2024 271 2060 templorum
284 2023 374 2050 Cellae
392 2030 482 2055 crant,
497 2024 640 2058 parietibus
652 2031 735 2060 nempe
753 2025 880 2060 conclusae
897 2027 967 2051 intra
989 2028 1087 2061 tcmplo-
1100 2026 1133 2052 30
1155 2035 1213 2051 num
1232 2033 1353 2060 putamus
1372 2025 1442 2051 illud.
1487 2024 1518 2049 Id
1533 2023 1673 2049 Alcibiadi
1692 2023 1794 2049 diutius
1816 2024 1898 2052 celari
1923 2035 1978 2052 non
1997 2030 2085 2062 potuit
2104 2031 2174 2066 Nep.
2188 2040 2216 2066 7,

1156 2069 1178 2094 ς,
1193 2069 1214 2086 2.
1254 2059 1330 2092 Fwffi’
1343 2060 1445 2085 videtur
1458 2057 1610 2084 Alcibiades
1628 2065 1672 2084 aut
1685 2058 1861 2086 Alcibiadem.
1900 2063 1931 2087 Et
1944 2064 2009 2088 alias
2022 2073 2114 2101 quoque
2126 2068 2217 2094 malam

1154 2105 1252 2121 manum
1261 2093 1347 2128 palliis
1362 2091 1396 2126 cst
1412 2095 1505 2128 Nepor.
1544 2093 1651 2128 leian.
1667 2094 1695 2120 in
1709 2094 1725 2120 l.
1749 2095 1819 2128 Qiis
1838 2095 1869 2123 fit
1888 2097 2019 2131 fugitiuus
2034 2100 2066 2126 D.
2080 2101 2113 2127 de
2128 2102 2216 2130 Aedil.

1153 2129 1234 2155 edit-i.
1248 2129 1391 2163 Fugitiuus
1411 2129 1463 2161 est,
1479 2129 1526 2163 qui
1545 2136 1619 2156 extra
1638 2129 1744 2157 domini
1764 2132 1875 2159 domum
1895 2133 1973 2168 fugae
1992 2137 2147 2172 causa‚quo
2161 2139 2187 2165 se
2201 2148 2217 2166 a

1153 2164 1266 2191 domino
1281 2164 1394 2198 celaret,
1408 2165 1511 2191 mansit.
1548 2165 1630 2192 Plaut.
1646 2166 1737 2193 Aulul.
1754 2176 1773 2199 i⁷
1787 2176 1812 2200 2,
1827 2176 1854 2201 33
1884 2169 1956 2196 Nam
1971 2179 2058 2205 nunc,
2072 2182 2155 2208 quum
2175 2184 2216 2201 ce-

1153 2200 1180 2226 lo
1193 2200 1285 2228 sedulo
1298 2209 1405 2234 omnes,
1425 2210 1458 2227 ne
1472 2201 1569 2234 sciant,
1585 2211 1676 2229 onmes
1689 2203 1817 2230 videntur
1827 2205 1904 2233 scire.
1941 2207 2015 2243 Virg.
2035 2209 2100 2236 Aen.
2117 2219 2146 2244 9,
2164 2218 2215 2246 425

1408 2237 1491 2264 Tunc
1512 2247 1580 2264 vero
1601 2239 1743 2266 exterritus
1764 2249 1853 2267 amens

1310 2272 1467 2300 Conclamat
1484 2274 1580 2306 Nisus,
1593 2283 1641 2301 nec
1661 2276 1687 2301 se
1708 2276 1793 2302 celare
1812 2275 1930 2304 tenebris

1311 2309 1451 2343 Amplius,
1466 2315 1511 2335 aut
1523 2316 1627 2336 tantum
1640 2311 1729 2344 potnit
1747 2312 1866 2344 perferre
1880 2312 2012 2341 dolorem.

1153 2340 1174 2381 q
1191 2351 1204 2369 2
1241 2341 1400 2385 Substantiua
1413 2347 1513 2370 nomina
1523 2355 1630 2383 serum,
1643 2354 1704 2381 quae
1718 2347 1799 2373 celari
1820 2347 1947 2375 dicuntur.
1985 2349 2067 2377 Ouid.
2081 2351 2160 2386 Epist.
2176 2361 2213 2385 ιι,

96 2385 152 2407 atos
164 2379 194 2407 in
205 2379 272 2407 cella
286 2379 461 2413 concordiae,
476 2389 537 2406 cuin
550 2380 675 2407 Senatum
688 2377 967 2413 haberet,incluserit.
1013 2381 1083 2408 Geli.
1095 2380 1130 2406 60
1153 2386 1184 2413 37
1210 2378 1257 2405 Vbz
1277 2379 1367 2405 Medea
1381 2380 1491 2416 Iasonem
1503 2381 1544 2413 Jic
1557 2380 1707 2416 alloquitur,
1722 2381 1823 2409 Perfide
1843 2383 1952 2411 senlisti:
1974 2386 2033 2420 quis
2052 2387 2124 2413 enim
2145 2388 2213 2415 bene

1152 2414 1218 2440 celat
1227 2416 1372 2441 Amorem?
1407 2414 1567 2449 Αυᾶαιεῐιι,
1587 2418 1681 2443 Tacere
1701 2426 1786 2444 nomen
1799 2417 1913 2446 mitioris
1929 2421 1997 2448 Hor.
2012 2422 2094 2449 Serm.
2104 2432 2129 2456 2,
2137 2432 2165 2457 4,
2179 2433 2212 2451 it.

1151 2449 1276 2476 Crimina
1290 2451 1333 2476 sua
1350 2450 1433 2477 Ouid.
1450 2450 1482 2477 de
1496 2452 1561 2479 Arte
1577 2453 1636 2479 Ani.
1652 2461 1674 2485 2,
1690 2460 1752 2488 427.
1826 2455 1937 2490 Culpam
1950 2450 2036 2485 celfle
2050 2458 2096 2485 sub
2116 2460 2212 2494 imagi-

1152 2494 1185 2510 ne
1198 2485 1263 2511 falsa
1277 2485 1351 2512 Idem
1365 2487 1428 2513 Met.
1443 2496 1465 2519 2,
1479 2496 1519 2522 37.
1575 2489 1710 2515 Damnum
1730 2489 1767 2516 Id.
1782 2491 1847 2518 Met.
1861 2500 1886 2524 9,
1901 2500 1956 2519 100.
1994 2495 2063 2521 Hor.
2077 2496 2106 2521 in
2121 2496 2210 2524 Carni.

1153 2521 1316 2548 saeculariio
1337 2522 1416 2550 Alme
1429 2522 1472 2550 Sol
1482 2532 1578 2555 ‚curru
1593 2524 1681 2552 nit‘rdo
1696 2526 1774 2552 Diem
1788 2527 1835 2561 qui
1848 2528 1951 2555 Promis
1968 2535 1994 2555 et
2007 2530 2084 2557 celas.
2121 2532 2213 2567 leia-

19 2570 23 2580 ,
48 2568 67 2586 Ι,
123 2559 196 2586 Iouis
209 2558 277 2586 ibid,
291 2567 330 2592 35,
343 2569 382 2594 41,
435 2561 577 2588 Mineruae
590 2563 617 2593 6,
629 2570 672 2593 29,
730 2562 762 2586 Es
773 2567 814 2594 27³
828 2565 858 2591 23
873 2569 927 2585 cum
942 2559 1084 2586 Marcellus
1108 2556 1140 2589 63
1152 2566 1201 2583 nus
1216 2556 1232 2582 l.
1248 2565 1257 2582 ι
1275 2558 1305 2583 D.
1315 2557 1347 2584 de
1355 2559 1442 2586 Seruis
1451 2559 1529 2594 fugit.
1551 2561 1576 2587 Is
1590 2561 1637 2596 qui
1645 2562 1800 2596 Fugitiuum
1810 2563 1945 2593 celauerit.
1960 2565 2005 2592 fur
2014 2566 2059 2593 est.
2089 2568 2212 2596 Granum

1151 2592 1199 2619 sub
1214 2593 1313 2620 cortice
1329 2595 1413 2622 celant
1427 2595 1496 2622 mala
1509 2596 1604 2632 punica
1613 2597 1694 2624 Ouid.
1704 2598 1770 2625 Met.
1786 2607 1825 2632 10,
1833 2602 1892 2634 763.
1929 2602 2031 2628 Hamos
2042 2603 2128 2630 celare
2143 2604 2211 2631 cibis

1152 2628 1191 2655 Id.
1201 2630 1266 2656 Met.
1275 2638 1310 2662 ις,
1320 2633 1383 2665 476.
1420 2633 1510 2666 Ignem
1519 2632 1557 2659 Id.
1567 2633 1633 2661 Fast.
1642 2635 1667 2665 6,
1675 2641 1738 2668 297.
1774 2634 1879 2662 Lucret.
1888 2645 1907 2667 1,
1915 2645 1956 2669 515
1977 2637 2034 2664 Nec
2041 2647 2082 2665 res
2091 2640 2144 2666 vlla
2153 2646 2210 2675 pot-

1152 2665 1188 2691 est
1204 2674 1266 2692 vera
1281 2667 1386 2693 ratione
1397 2667 1507 2702 probari
1515 2669 1637 2703 Corpore
1651 2670 1732 2696 Inane
1745 2670 1793 2697 suo
1807 2671 1892 2698 celare
1911 2679 1992 2707 atque
2011 2674 2082 2701 intus
2103 2676 2210 2703 habere.

1152 2699 1277 2735 Posterior
1285 2702 1402 2738 formula
1416 2707 1600 2739 interpretatur
1609 2708 1730 2741 priorem.
1768 2707 1837 2734 Hor.
1846 2707 1928 2734 Serm.
1942 2717 1963 2739 2,
1978 2714 2001 2742 8,
2014 2717 2052 2744 74
2067 2712 2209 2746 Ingenium

64 2736 187 2764 iubarum
199 2736 280 2763 cellae
290 2736 422 2764 Columel.
437 2741 460 2769 8,
473 2742 497 2769 8,
512 2746 534 2770 3.
570 2739 599 2764 In
615 2738 710 2773 quibus
724 2739 827 2765 anseres
844 2738 994 2766 incubitant
1010 2739 1084 2766 Idem
1102 2744 1138 2773 70
1150 2746 1192 2764 res
1214 2737 1346 2765 Aduersae
1360 2739 1461 2767 nudare
1477 2740 1576 2771 solent,
1591 2741 1677 2768 celare
1696 2742 1832 2770 secundae.
1870 2744 1926 2770 Cic.
1942 2754 1991 2779 pro
2005 2746 2093 2773 Deiot.
2110 2753 2135 2778 18
2156 2757 2177 2774 c.
2191 2749 2209 2775 6

1151 2773 1311 2814 Silvenen03
1324 2776 1404 2815 'Iouis
1419 2776 1492 2803 illius
1512 2776 1621 2812 quidem
1634 2778 1781 2813 Hospitalis
1795 2776 1894 2806 numen
1906 2789 2042 2816 nunquam
2057 2783 2144 2810 celare
2163 2792 2209 2818 po-

1149 2810 1246 2842 tuilset,
1255 2810 1377 2838 homines
1385 2812 1490 2840 fortasse
1501 2813 1610 2840 celaffet.
1647 2814 1728 2841 Orata
1736 2815 1824 2841 celare
1832 2815 1945 2842 alicuius
1953 2817 2090 2844 Ter.Hec.
2097 2828 2126 2851 4,
2136 2828 2155 2851 i,
2163 2822 2209 2847 60.

1150 2848 1169 2872 i.
1177 2856 1212 2878 ea,
1222 2855 1281 2882 quac
1293 2849 1372 2874 celare
1385 2856 1489 2884 rogatus
1495 2847 1536 2882 cst.
1572 2848 1705 2877 Pudorcm
1714 2850 1829 2878 tenebris
1838 2854 1960 2879 occultare
1966 2853 2005 2889 fi,
2014 2861 2038 2879 et
2045 2855 2159 2880 tenebras
2162 2862 2207 2890 pe-

1149 2888 1274 2945 teresprae
1288 2883 1386 2918 pudore
1410 2885 1491 2912 Ouid.
1506 2886 1570 2912 Met.
1584 2895 1607 2918 2,
1624 2893 1683 2920 394.
1720 2887 1776 2914 Cic.
1786 2887 1865 2914 Acad.
1879 2890 1950 2921 4,60
1974 2890 2027 2915 Aut
2045 2899 2092 2916 cur
2104 2887 2205 2924 celatis,

1214 2928 1221 2944 ι
1237 2924 1313 2954 turpe
1327 2919 1439 2955 aliquid,
1448 2922 1609 2948 Sententiam
1624 2922 1755 2950 vestram?
1791 2924 1858 2950 Hor.
1866 2924 1912 2958 Ep.
1921 2933 1941 2956 ι,
1951 2925 1988 2957 16,
1997 2933 2032 2957 24
2058 2925 2206 2954 Stultorum

1149 2961 1270 2981 incurata
1285 2955 1371 2990 pudor
1383 2957 1467 2984 malus
1481 2957 1575 2985 Vlcera
1589 2957 1664 2985 celat.
1700 2958 1774 2985 Idem
1788 2959 1869 2986 Serm.
1883 2968 1904 2991 1,
1917 2968 1940 2992 2,
1955 2965 1984 2993 83
2010 2960 2092 2994 Qiod
2111 2963 2205 2989 venale

1149 2989 1229 3017 habet
1242 2990 1371 3023 ostendit;
1392 3001 1439 3020 nec
1452 2993 1469 3020 si
1482 2993 1548 3028 quid
1561 2993 1666 3021 honesti
1679 2994 1715 3021 cst
1729 2994 1812 3021 Iatstat
1831 2994 1964 3030 habetque
1977 2996 2063 3030 palam
2071 3008 2079 3029 3
2098 2999 2204 3033 quaerit

1149 3035 1204 3061 quo
1217 3027 1326 3062 Turpia
1340 3028 1415 3055 celet.
1451 3030 1533 3056 Ouid.
1548 3030 1614 3057 Fast.
1629 3038 1652 3064 ς,
1667 3038 1711 3063 ςι9
1731 3029 1826 3056 Vluam
1840 3030 1898 3056 lino
1912 3031 2025 3058 celantes
2039 3034 2101 3059 tori.
2139 3035 2205 3061 Vul-
2241 3054 2248 3057 ,

1148 3068 1206 3089 tum
1219 3063 1304 3090 celare
1324 3064 1446 3092 manibus
1460 3065 1533 3093 Idem
1548 3067 1612 3093 Met.
1627 3075 1656 3099 4,
1670 3068 1728 3095 682.
1800 3066 1910 3093 Vultum
1930 3067 2088 3101 prodentem
2105 3070 2203 3104 gaudia

69 3094 286 3127 CEL'RARIA,
304 3103 344 3122 ae.
369 3095 390 3122 f.
425 3096 547 3132 [ταμία]
583 3098 653 3133 Qcae
666 3096 765 3134 praeest
784 3098 865 3124 cellae.
900 3098 983 3125 Plaut.
997 3098 1079 3126 Milit.
1100 3104 1132 3131 80
1148 3098 1233 3126 celare
1252 3100 1320 3126 Hor.
1335 3101 1417 3128 Serm.
1432 3110 1458 3135 2,
1472 3109 1495 3135 ς,
1511 3111 1567 3135 ¹04·
1627 3101 1734 3136 leian.
1755 3100 1813 3128 inl.
1830 3110 1839 3128 1
1853 3103 1877 3138 9.
1891 3103 2024 3130 venditor.
2045 3104 2077 3131 D.
2098 3105 2130 3132 de
2150 3106 2202 3134 ἃᾶ,

1148 3141 1227 3170 enipt.
1265 3136 1312 3163 Sed
1325 3137 1391 3164 scire
1403 3137 1572 3165 venditorem
1588 3142 1614 3164 et
1628 3137 1712 3164 celare
1726 3136 1759 3164 fic
1773 3138 1933 3172 accipimus,
1953 3147 2008 3166 non
2020 3139 2106 3168 solum
2115 3141 2132 3168 fi
2146 3151 2202 3170 non

1146 3171 1303 3205 admonuit,
1323 3173 1368 3199 sed
1388 3174 1469 3201 etiam
1483 3174 1500 3201 fi
1521 3173 1627 3208 negauit
1646 3173 1799 3200 seruitutem
1818 3173 1893 3200 istam
1908 3173 2017 3208 deberi,
2037 3186 2121 3212 quum
2141 3180 2203 3207 essct

1146 3206 1180 3234 ab
1194 3216 1226 3234 eo
1241 3208 1395 3243 quaefitum.
1594 3206 1615 3247 ff
1637 3216 1650 3241 3
1688 3208 1781 3243 Paffiue
1795 3210 1864 3236 Ter·
1878 3210 1943 3237 Eun·
1958 3220 1984 3243 2,
1999 3220 2020 3244 3,
2033 3222 2052 3247 4
2078 3213 2130 3241 Vbi
2152 3214 2202 3242 vbi

264 3271 270 3277 ⁶
1146 3243 1198 3276 est,
1211 3243 1259 3271 diu
1278 3245 1360 3272 celari
1380 3254 1435 3272 non
1455 3244 1547 3280 potest.
1603 3245 1676 3272 Caes.
1691 3244 1754 3271 Bell.
1769 3245 1837 3272 Gall.
1858 3253 1886 3280 7,
1899 3251 1931 3276 80
1961 3247 2059 3283 Neque
2069 3249 2142 3276 recle
2155 3256 2201 3278 aut

24 3275 35 3285 ”
55 3290 65 3305 ,
77 3279 98 3304 ι,
110 3276 136 3301 18
155 3271 220 3298 Non
233 3280 324 3299 minor
337 3271 455 3302 habenda
467 3275 518 3306 erit
531 3277 618 3310 ratio,
630 3284 659 3304 vt
671 3277 745 3304 cibus
759 3283 784 3304 et
797 3278 873 3312 potio
888 3278 941 3305 fine
954 3278 1048 3306 fraude
1063 3288 1078 3306 a
1098 3282 1127 3311 85
1146 3280 1261 3315 turpiter
1274 3280 1375 3308 saelum
1388 3282 1468 3308 celari
1482 3285 1594 3316 poterat.
1646 3281 1719 3307 Hirt.
1734 3281 1762 3307 B.
1775 3281 1848 3307 Alex.
1864 3289 1881 3316 7
1911 3283 1992 3316 Qiod
2012 3293 2099 3320 neque
2120 3286 2202 3313 celari

1144 3315 1339 3344 Alexandrinos
1359 3318 1458 3352 poss‘ent
1477 3318 1505 3343 iri
1524 3316 1672 3352 apparanda
1691 3316 1770 3351 fuga,
1787 3326 1871 3352 quum
1884 3317 1914 3345 hi
1933 3325 1987 3346 tam
2011 3329 2095 3355 paruo
2114 3323 2200 3357 spatio

1146 3351 1272 3380 distarent
1288 3352 1321 3380 ab
1337 3353 1405 3389 ipfis.
1441 3354 1497 3380 Cic.
1513 3353 1631 3387 QFrat.
1647 3361 1673 3385 2,
1688 3354 1717 3379 16
1745 3352 1794 3380 Sed
1808 3352 1872 3380 heus
1886 3360 1914 3381 tu
1927 3355 2006 3382 celari
2020 3356 2116 3384 videor
2128 3366 2142 3384 a
2162 3365 2196 3384 tc.

1144 3387 1219 3415 Idem
1233 3388 1265 3416 de
1277 3390 1347 3424 Lege
1361 3392 1424 3424 Agr.
1440 3397 1467 3416 12
1488 3390 1580 3423 Qum
1592 3388 1764 3415 familiariter
1781 3398 1825 3416 nie
1837 3389 1866 3416 in
1873 3399 1968 3420 eorum
1980 3393 2129 3419 sermonem
2137 3392 2197 3419 infi-

138 3451 144 3457 ι
163 3450 169 3456 .
1144 3432 1253 3451 naiarem
1268 3434 1297 3452 ac
1311 3425 1401 3453 darem
1411 3445 1417 3456 ‚
1430 3425 1550 3459 celabar,
1566 3423 1733 3451 excludebat.
1781 3425 1863 3452 Ouid.
1879 3427 1946 3454 Fast.
1961 3436 1987 3461 2,
2002 3431 2046 3461 563
2076 3427 2109 3454 Di
2130 3437 2197 3463 quo-

49 3454 61 3473 ι’
76 3454 146 3487 ,ῃιιι
161 3451 224 3478 ideo
235 3451 396 3487 praepofirus
417 3452 469 3486 est,
482 3460 512 3481 vt
530 3455 646 3483 rationes
659 3458 745 3484 saluae
757 3457 819 3484 lint:
847 3457 912 3484 item
929 3459 1076 3492 ostiarium,
1093 3468 1131 3494 90
1145 3469 1198 3495 que
1217 3461 1380 3496 templorum
1401 3461 1507 3488 foribus
1528 3460 1646 3488 celentur
1663 3460 1773 3495 opertis.
1845 3462 1968 3490 Gelai-um
1987 3464 2024 3491 est
2035 3464 2122 3490 minus
2134 3463 2196 3490 dili.

1143 3501 1234 3534 genter
1247 3497 1317 3532 Nep.
1331 3506 1357 3531 9,
1372 3506 1394 3530 ς,
1409 3505 1432 3529 3.

1178 3538 1347 3564 ermines,
1368 3533 1444 3560 antis.
1487 3533 1537 3564 Vt,
1552 3531 1696 3558 Commissa
1715 3531 1800 3560 celans
1821 3533 1915 3569 Nepos
1937 3542 1972 3568 ις,
1989 3543 2012 3567 3,
2034 3543 2058 3560 2.
2104 3534 2195 3560 Persae

1142 3576 1235 3595 arcana
1253 3577 1347 3606 regum
1365 3569 1476 3596 celantes
1496 3568 1572 3595 Curt.
1591 3576 1620 3601 4,
1640 3569 1668 3601 6,
1689 3575 1711 3602 5.
1785 3566 1879 3597 Vultus
1895 3570 1980 3598 celans
1994 3571 2118 3596 timorem
2142 3570 2196 3596 Lu-

1141 3612 1196 3631 can.
1211 3613 1249 3638 ιο,
1265 3614 1304 3640 14.

1180 3643 1373 3672 ΟΕιᾸΤνς,
1394 3649 1425 3673 a,
1446 3648 1500 3666 um.
1527 3638 1622 3666 Partic.
1661 3637 1910 3676 [ἀποκεκρυμμένος]
1946 3641 2001 3667 Cic.
2024 3648 2073 3673 pro
2087 3639 2194 3668 Cli-ient.

1145 3680 1190 3709 189
1204 3685 1225 3703 c.
1241 3679 1277 3704 66
1300 3677 1365 3704 Non
1379 3676 1415 3703 est
1430 3673 1552 3709 profefio
1565 3674 1596 3701 de
1610 3673 1660 3702 illo
1674 3684 1778 3710 veneno
1799 3677 1880 3704 celata
1900 3683 1999 3707 mater,
2019 3674 2086 3701 nihil
2105 3675 2142 3702 est
2159 3676 2194 3703 ab

1143 3711 1294 3747 Oppianico
1307 3713 1360 3740 fine
1374 3711 1485 3738 consilio
1498 3710 1620 3737 mulieris
1640 3712 1794 3746 cogitatum.
1838 3711 1966 3739 Indicabo
1985 3709 2054 3743 tibi,
2067 3711 2140 3746 quod
2154 3712 2194 3739 in-

1143 3748 1237 3782 primis
1258 3756 1284 3776 te
1304 3749 1416 3775 celatum
1437 3745 1560 3773 volebam
1581 3746 1637 3774 Cic.
1653 3747 1687 3774 ad
1698 3747 1737 3782 Q
1749 3749 1818 3775 Frat.
1831 3757 1854 3781 3,
1869 3757 1890 3780 ς.
1946 3747 2018 3772 Idem
2033 3755 2082 3781 pro
2095 3747 2164 3774 Sulla
2176 3756 2194 3780 9

113 3806 115 3809 -
129 3805 132 3809 ι
326 3811 332 3816 ,
376 3808 386 3816 ‚.
1144 3783 1249 3817 Credo,
1262 3785 1379 3815 Iudices,
1393 3782 1505 3809 celatum
1519 3782 1631 3817 Cassiuin
1647 3783 1680 3810 de
1693 3784 1764 3811 Sulla
1779 3792 1846 3810 vno:
1871 3791 1930 3809 nam
1950 3781 1983 3808 de
1998 3782 2107 3809 caeteris
2123 3790 2193 3809 cei-te

24 3819 31 3845 “,
50 3802 85 3848 ¹¹}
139 3808 224 3842 evvel
244 3809 350 3838 cenam
361 3812 486 3848 qpuienta
502 3813 646 3840 creduntur
658 3813 727 3840 5³¹⁰-
747 3814 779 3840 de
792 3813 862 3840 GUb-
877 3814 928 3842 Dei
941 3815 977 3849 ¹·3
996 3825 1020 3855 P·
1034 3819 1250 3851 43-100sciebat.
1323 3820 1387 3847 Non
1408 3826 1508 3854 gratam
1528 3818 1616 3846 inuito
1629 3820 1716 3847 seruat
1729 3819 1811 3846 celata
1830 3818 1938 3844 salutem
1958 3816 2004 3845 Sil.
2027 3826 2064 3853 17,
2083 3820 2142 3852 643·
2164 3819 2193 3845 de

1010 3851 1012 3855 ⁷
1143 3857 1252 3889 Iunone,
1264 3865 1325 3892 quae
1337 3859 1364 3881 in
1374 3852 1607 3892 ΡιζΙῖονῘΔ-Ῑονπιαηι
1619 3855 1751 3891 conuersa,
1767 3854 1930 3881 Hannibalem
1942 3853 1973 3879 ab
1992 3857 2102 3880 exercitu
2120 3854 2193 3880 ahilu-

1122 3911 1130 3916 ·
1142 3899 1230 3925 xerat,
1247 3901 1277 3918 ne
1294 3889 1374 3925 hostes
1391 3890 1460 3917 illum
1473 3890 1657 3927 iviteificerent,
1678 3898 1702 3917 et
1712 3889 1752 3924 fic
1772 3893 1850 3916 vitam
1862 3889 1979 3924 firuarct
1990 3892 2086 3916 inuito.
2122 3890 2190 3915 Ter.

1143 3928 1224 3955 Andr.
1241 3936 1261 3959 t,
1276 3937 1296 3960 i,
1311 3935 1354 3960 105·
1384 3926 1454 3953 Bene
1466 3925 1637 3954 dissimulatus
1650 3934 1677 3953 et
1694 3926 1790 3953 celatus
1805 3926 1898 3951 Amor.
1943 3925 2062 3959 Propert.
2076 3933 2099 3956 3,
2111 3933 2150 3955 23,
2164 3932 2190 3955 31

1143 3964 1178 3990 At
1192 3969 1218 3990 te
1232 3963 1322 3989 celatis
1335 3968 1404 3990 aetas
1420 3963 1508 3997 grauis
1527 3969 1620 3998 vrgeat
1633 3962 1724 3989 Annis.
1793 3960 1988 3995 capillamento
2007 3960 2102 3986 celatus
2121 3958 2192 3984 Suet.

1143 3999 1228 4034 Calig.
1243 4008 1265 4025 c.
1282 4007 1314 4025 ιι.
1386 3998 1498 4026 Ferrum
1513 3998 1628 4027 celatum
1640 3997 1723 4026 Ouid.
1736 3995 1803 4024 Fan.
1816 4005 1840 4030 2,
1853 4001 1905 4029 83¹·
1941 3997 2015 4024 Idem
2027 3996 2090 4022 Met»
2104 4001 2130 4025 9,
2146 3995 2191 4026 613

1339 4041 1352 4066 3
1369 4034 1398 4061 N
2089 4028 2191 4055 Littera
