2474 4182
46 190 108 235 353
419 169 690 214 CER

61 275 120 296 uam
144 264 233 299 fuisse,
252 271 278 292 et
296 263 347 293 hoc
368 262 516 299 Orphicum
534 267 638 289 carmen
657 256 821 300 Pythagorei*
835 258 925 289 ferunt
944 260 1080 289 cuiusdam

43 276 115 333 puisse
129 302 254 330 cerdonis.
325 301 372 329 Sed
383 302 493 327 meliores
504 299 591 325 habent
603 297 742 330 Cercopis,
759 303 789 322 vt
795 298 833 331 Jzt
846 308 929 325 nomen
938 301 1080 334 proprium.

18 335 19 338 ¹
42 342 163 368 Caeterum
176 348 222 364 non
231 337 323 373 puduit
335 337 444 364 homines
454 336 528 362 huius
538 333 712 368 appellationis
730 335 757 358 in
778 337 943 360 monumentis
955 334 1082 370 sepulcro-

18 381 19 387 *
43 385 103 403 rum.
180 374 236 399 Vid.
254 375 325 399 Grut.
349 382 373 407 p.
396 375 455 406 648,
480 378 496 402 9
516 385 525 390 -
543 377 570 395 12
593 370 621 393 in
635 367 721 407 quibus
734 368 777 400 id,
795 369 861 404 quod
871 379 896 396 n.
912 378 938 396 10
958 370 1080 406 refertur,

43 445 238 473 CONSERVO.
313 446 424 471 Humiles
442 447 505 467 cci-te
523 439 632 466 homines
647 438 727 475 fuiſje
739 441 807 476 fitis
828 439 958 474 oflendunt
980 442 1078 467 Portae.

42 491 67 509 υ.
81 491 106 518 g.
126 482 217 507 quen.
235 480 285 507 Sat.
300 485 323 512 8,
337 485 361 510 ει
382 479 415 504 At
428 485 474 503 vos
487 474 660 508 Troiugcnae
681 476 809 509 (Romani
819 480 928 512 patricii
939 486 969 503 ac
988 476 1080 503 nobiles

40 520 199 552 antiquarum
205 515 386 552 familiarum)
404 511 480 539 vobis
493 510 643 544 ignoscitis,
664 518 689 537 et
704 521 771 546 quae
779 512 886 547 Turpia
898 512 1015 542 cerdone
1024 512 1078 537 Vo-

41 550 106 579 lesos
121 553 284 586 Brutumque
297 549 427 577 decebant.
498 546 572 573 Idem
586 548 678 573 quen.
692 547 743 574 Sat.
758 557 786 582 4,
800 556 825 581 ις
851 548 899 575 Sed
912 548 992 582 periit
1011 546 1079 581 post-

41 597 120 623 quam
133 587 288 614 cerdonibus
302 586 349 612 else
362 581 492 610 timendus
528 583 667 617 Coeperat.

21 622 24 648 l
36 625 134 660 penult.
156 623 250 650 Tollat
263 621 306 648 sua
318 627 426 647 munera
437 617 525 645 cerdo.
554 621 572 645 i.
592 619 694 646 humilis
718 626 742 647 et
755 620 866 656 plebeius
885 618 999 646 adulator·
1016 618 1080 654 filas

7 689 9 692 ¹
40 659 125 686 caudes
138 658 246 695 auferat.

77 701 182 726 cenis,
208 693 261 720 vid.
286 696 419 719 CAERE.

77 736 173 757 CERE
186 736 208 757 Α
221 735 291 759 ms,
310 726 362 753 vid.
389 732 516 753 cenas.

43 801 120 827 Gloss.
135 800 263 827 Ceereber
274 799 418 832 ἐγκέφαλος.
457 797 503 824 Sed
515 798 600 831 Caper
608 798 639 824 de
647 798 773 832 Orthogr.
782 807 806 832 p.
816 805 883 832 2245
902 797 1001 833 Putsch.
1022 797 1083 823 Hoc

42 836 187 863 Cercbrum
199 834 242 861 est.
276 834 348 860 Nam
363 833 479 861 Cereber
492 833 540 868 qui
554 833 659 866 dicunt,
678 833 730 859 fine
743 833 852 860 cerebro
872 832 976 859 viuunt.

18 888 19 891 =
52 890 57 894 .
78 870 301 902 εεκὲΒΚνΜ,
321 870 338 896 i.
358 879 383 896 n.
420 869 592 904 [ἐγκέφαλος]
628 869 693 895 Plin.
715 877 747 901 ιι,
767 877 798 903 37
823 869 970 895 Cerebrum
991 867 1082 894 omnia

25 901 27 915 ⁴
41 908 136 935 habeut
149 905 273 933 animalia
287 914 355 940 quae
371 905 523 940 sanguinein
537 916 543 931 ι
579 904 658 931 etiam
673 905 701 930 in
714 905 782 930 mari
803 913 871 939 quae
884 903 976 930 mollia
997 904 1083 938 appel-

41 942 166 975 lauimus,
184 941 305 976 quamuis
320 948 424 968 careant
438 941 578 975 sanguine,
598 946 627 967 vt
640 940 739 975 polypi.
1021 940 1026 944 ⁶

41 979 183 1006 maximum
197 984 223 1004 et
236 977 461 1009 humidissimum,
477 976 651 1010 omniumque
669 976 799 1002 viscerum
814 975 1021 1009 frigidiffimum,
1036 975 1082 1001 du-

21 1020 23 1024 “
37 1014 100 1042 abus
113 1013 188 1048 supra
201 1013 343 1049 subterque
358 1013 518 1040 membranis
537 1012 669 1044 velatum,
687 1020 800 1046 quarum
821 1011 974 1037 alterutram
992 1011 1082 1045 rumpi

38 1049 208 1077 mortiferum
222 1049 267 1076 est.
339 1050 451 1076 Caetero
464 1048 519 1075 viri
533 1056 611 1083 quam
634 1047 749 1074 feminae
779 1047 872 1073 maius.
916 1046 1081 1074 Hominibus

39 1084 89 1113 hoc
113 1084 166 1112 fine
186 1085 328 1120 sanguine,
349 1085 402 1111 line
424 1085 516 1116 venis,
536 1089 561 1109 et
577 1082 686 1117 reliquis
700 1082 752 1109 sine
766 1083 866 1117 pingui.
938 1082 1019 1109 Aliud
1033 1083 1082 1108 else

27 1145 30 1162 γ
57 1125 117 1148 uam
145 1119 291 1148 Medullam
300 1141 308 1153 ,
345 1121 444 1148 eruditi
475 1120 582 1150 docent,
618 1119 744 1153 quoniam
783 1118 923 1154 coquendo
955 1117 1081 1143 durescat.

28 1163 30 1183 ὲ
63 1157 166 1184 mnium
180 1157 289 1184 cerebro
302 1157 391 1183 insunt
402 1155 504 1183 officula
517 1163 606 1189 parua.
679 1155 732 1181 Vni
746 1154 853 1181 homini
866 1155 895 1180 in
908 1153 1021 1180 infantia
1029 1153 1083 1187 pal-

38 1193 102 1229 pitat
111 1213 119 1225 ,
137 1202 185 1219 nec
199 1193 390 1220 corroboratur
402 1198 461 1218 ante
473 1190 590 1225 primum
604 1189 732 1217 sermonis
752 1191 902 1217 exordium.
973 1190 1032 1215 Hoc
1045 1189 1081 1215 est

37 1228 169 1256 viscerum
191 1228 399 1260 excelflffimum,
419 1226 571 1262 proximum
599 1226 672 1252 caelo
703 1227 813 1261 capitis,
833 1226 886 1253 sine
914 1233 1008 1258 earne,
1028 1224 1081 1251 sine

37 1273 141 1297 cruore,
161 1264 214 1291 fine
230 1264 356 1291 sordibus.
428 1263 502 1290 Hanc
521 1261 618 1288 habent
637 1263 722 1289 seusus
736 1271 843 1294 arcem3
880 1261 931 1287 huc
949 1269 1080 1288 venarum

36 1337 132 1364 mentis
146 1336 181 1363 est
193 1336 318 1371 regimen.
390 1335 519 1362 Omnium
533 1339 623 1360 autem
636 1335 793 1361 animalium
805 1335 835 1360 in
847 1333 938 1368 priora
958 1342 1081 1367 pronum,

37 1372 102 1408 quia
115 1378 140 1399 et
156 1372 240 1399 sentius
253 1377 312 1398 ante
325 1380 372 1397 nos
386 1370 504 1397 tendunt.
561 1369 602 1396 Ab
619 1378 652 1396 eo
666 1370 843 1404 proficiscitur
857 1369 980 1400 somnus3
1018 1368 1080 1395 hinc

324 1408 399 1440 Quae
411 1405 551 1433 cerebrum
565 1415 619 1432 non
631 1405 742 1438 habent,
761 1414 816 1431 non
828 1405 974 1431 dormiunt.
1012 1406 1081 1431 Haec

36 1408 129 1443 capitis
142 1407 253 1435 nutatio.

870 1441 927 1467 Cic.
934 1440 1017 1467 Tusc.
1026 1450 1044 1472 1,
1053 1449 1081 1474 19

37 1444 146 1471 Plinius.
183 1444 266 1471 Multa
276 1442 348 1470 hodie
356 1443 423 1480 sciri
434 1443 531 1474 melius,
539 1445 565 1467 in
572 1443 661 1478 vulgus
668 1448 750 1468 notum
758 1439 799 1474 est.

38 1516 106 1542 Aliis
119 1524 166 1542 nee
178 1524 224 1542 cor
235 1515 319 1550 ipsum
333 1514 432 1549 placet,
449 1523 496 1540 nec
511 1512 759 1547 cerebriquandam
766 1519 874 1547 1partcm
887 1513 935 1539 ess'e
949 1513 1080 1545 animum,

37 1551 80 1578 sed
93 1551 140 1578 alii
154 1551 183 1578 in
196 1551 291 1584 corde,
309 1550 357 1577 alii
369 1550 396 1576 in
411 1549 521 1576 cerebro
534 1549 658 1575 dixerunt
671 1549 755 1575 animi
767 1549 816 1575 esse
830 1549 917 1575 sedem
936 1554 962 1575 et
980 1548 1078 1575 locum.

37 1587 105 1613 Hor.
118 1587 199 1613 Serm.
216 1595 236 1619 1,
247 1595 275 1620 9,
288 1595 311 1612 11
331 1586 356 1612 0
369 1591 394 1611 te
407 1585 501 1611 Balane
515 1584 618 1611 cerebri
651 1585 767 1611 Felicem
776 1605 784 1617 ,
800 1583 904 1611 aiebam
923 1584 1026 1611 tacitus.
1062 1587 1080 1610 i.

51 1629 136 1657 ropter
150 1628 232 1648 notum
246 1621 311 1648 illud
322 1621 416 1647 cerebri
427 1623 533 1651 vitium,
552 1630 567 1646 a
580 1630 625 1656 quo
639 1620 756 1654 cerebrofi
768 1621 902 1654 dicuntur,
923 1622 1006 1656 quales
1017 1629 1082 1646 nem—

0 1675 2 1682 .
51 1666 63 1684 e
75 1660 160 1684 vitant
171 1658 232 1689 alii,
245 1663 342 1682 tantum
356 1654 436 1690 abest,
455 1662 485 1683 vt
497 1658 532 1682 iis
543 1654 682 1689 aſjeHando
694 1654 788 1689 molesti
799 1655 864 1691 Jint.

1 1714 6 1721 ,
25 1693 28 1698 “
51 1692 76 1719 ri
88 1692 191 1720 cerebri
216 1692 277 1719 Stat.
291 1691 383 1719 Theb.
398 1699 482 1727 ;,573.
501 1691 529 1717 de
537 1692 654 1727 serpente
667 1693 805 1718 vulnerato.
878 1692 1026 1719 Cer-ebrum
1033 1691 1082 1718 vbi

47 1734 233 1761 ommouetur,
256 1728 354 1754 morbus
365 1731 528 1754 iumentorum
549 1728 641 1761 Veget.
654 1736 680 1760 2,
691 1735 718 1762 7,
734 1737 754 1754 1.
797 1727 856 1754 Vid.
875 1734 1081 1754 canssssnosvs.

55 1763 176 1791 ffraetum
188 1763 327 1790 cerebrum
346 1763 408 1789 Stat.
423 1762 517 1789 Theb.
532 1764 558 1795 6,
572 1767 628 1793 808.
697 1762 816 1790 Cerebro
836 1762 922 1789 indita
937 1763 994 1789 lana
1015 1764 1080 1797 Veg.

65 1799 148 1826 ulom.
160 1808 179 1831 1,
192 1807 237 1832 10,
251 1807 274 1832 ς.
299 1801 318 1825 i.
325 1798 417 1835 fronti
430 1797 548 1834 apposita.
620 1798 687 1825 Add.
697 1798 733 1825 id.
748 1807 771 1831 2,
785 1807 820 1830 12,
834 1807 856 1831 3.
891 1806 914 1831 3,
927 1807 959 1831 39
971 1806 1046 1833 et42,
1055 1807 1080 1825 2.

64 1880 100 1898 on
113 1870 210 1898 habere
223 1866 360 1897 cerebrum
379 1868 488 1896 Phaedr.
502 1877 522 1901 1,
538 1876 566 1903 7,
579 1877 600 1895 2.
623 1871 641 1896 i.
652 1873 774 1896 communi
779 1870 854 1906 sensu
866 1880 958 1897 carere.
1030 1871 1080 1897 La-

55 1915 131 1934 orare
156 1906 265 1933 cerebro
293 1905 375 1932 Plaut.
396 1904 456 1931 Mil.
475 1912 500 1936 2,
514 1912 537 1937 2,
550 1912 585 1937 51.
656 1905 768 1940 Palpitat
781 1906 934 1937 cerebrum,
954 1915 983 1932 ex
996 1907 1080 1932 Plinio

59 1942 103 1969 odo
115 1942 250 1969 babuimus.
319 1940 392 1967 Mihi
407 1940 507 1967 misero
522 1939 661 1968 cerebrum
675 1942 813 1968 excutiunt
826 1947 871 1968 tua
883 1941 969 1973 dicta,
987 1941 1080 1974 Soror,

45 1977 133 2013 apides
146 1977 264 2012 loqueris
287 1976 370 2003 Plaut.
383 1976 444 2003 Aul.
458 1985 484 2009 2,
498 1984 519 2008 1,
532 1981 572 2006 28-
770 1974 790 2014 fl
812 1985 829 2003 2
843 1977 992 2004 Palmarum
1004 1980 1080 2004 etiam

48 2013 144 2040 rborum
157 2012 295 2040 cerebrum
309 2012 354 2039 cst.
428 2012 494 2039 Plin.
508 2020 542 2044 13,
555 2021 574 2046 4

51 2058 114 2076 uum
127 2048 280 2077 cubitorum
295 2047 466 2083 longitudine
476 2057 492 2074 a
505 2047 615 2074 cerebro
630 2047 687 2082 ipso
699 2047 804 2075 arboris
822 2048 917 2076 fiss'uris
937 2049 1025 2076 diuiso
1044 2055 1081 2076 at-

52 2094 84 2112 ue
97 2085 207 2112 defoffo.
277 2085 308 2110 Et
326 2084 344 2110 s.
355 2092 372 2116 9
404 2083 496 2110 Dulcis
509 2082 625 2109 medulla
637 2092 728 2110 earum
741 2084 770 2110 in
783 2085 935 2118 cacumine,
952 2084 1026 2120 quod
1040 2093 1081 2112 ce-

47 2120 143 2148 ebrum
154 2119 304 2155 appellant,
325 2125 482 2154 exemtaque
493 2119 605 2152 viuunt,
622 2119 695 2154 quod
712 2129 766 2146 non
785 2120 860 2147 aliae.

71 2164 89 2184 c
97 2164 114 2184 E
124 2163 144 2183 R
153 2163 170 2183 Ε
178 2162 218 2183 ΒΕ
226 2162 243 2182 1.
252 2162 269 2182 L
277 2163 298 2182 v
307 2162 332 2182 Μ
341 2176 350 2188 ,
371 2155 390 2182 i.
410 2165 436 2182 n.
472 2155 572 2182 Dimin.
608 2154 793 2190 [ἓγκεφοὶλιαν]
829 2156 894 2182 Plin.
909 2165 953 2188 29,
968 2163 982 2187 ς
1002 2157 1079 2182 Cere·

43 2193 105 2219 ›ello
119 2191 265 2226 gallinaceo
279 2191 438 2218 occurritur.
489 2189 559 2218 Add.
573 2189 646 2216 Idem
659 2199 707 2222 30,
722 2199 756 2222 13.

44 2228 101 2255 Cels.
113 2233 177 2261 2,18
197 2226 364 2254 Cerebellum
377 2225 409 2252 de
421 2226 474 2252 sue.
671 2222 692 2261 ff
712 2233 726 2251 ε
755 2224 841 2258 Idem,
859 2225 925 2261 quod
936 2225 1079 2252 cerebellare

45 2265 124 2299 leget.
139 2263 172 2290 de
182 2262 296 2289 Mulom.
309 2270 335 2294 2,
349 2269 376 2296 7,
390 2269 410 2288 1.
441 2267 466 2287 et
481 2268 505 2293 2,
520 2269 553 2293 11,
566 2269 588 2293 3.
636 2261 730 2295 Nempe

69 2305 86 2326 c
94 2305 111 2325 ε
120 2305 139 2326 R
147 2305 164 2325 Ε
173 2303 189 2325 13
197 2305 214 2324 Ε
223 2305 239 2324 1.
247 2305 263 2324 1.
273 2305 294 2324 Α
304 2304 322 2324 R
331 2304 349 2324 E
357 2318 366 2330 ,
387 2297 418 2324 is.
444 2305 470 2324 n.
508 2295 630 2323 Puluillus
641 2299 722 2332 capiti
733 2295 899 2332 apponendus.
937 2298 1023 2332 Caput
1036 2305 1077 2324 ce-

46 2333 156 2362 ebellari
167 2333 331 2361 communire
345 2334 437 2368 Veget.
451 2332 566 2360 Mulom.
579 2340 606 2365 2,
619 2340 653 2364 11,
664 2340 687 2364 3.
713 2341 737 2366 3,
750 2340 789 2365 33,
802 2341 828 2359 2.
863 2331 963 2366 Add.3,
971 2341 1009 2366 12,
1016 2334 1044 2359 6.

67 2377 109 2398 GE
116 2376 161 2397 RE
170 2377 187 2397 B
195 2377 215 2397 R
223 2377 242 2397 o
251 2377 264 2397 s
273 2372 295 2396 v
304 2376 328 2396 s.
363 2369 424 2396 Adi.
460 2369 473 2403 [
486 2365 596 2398 αὐθάδης
603 2388 611 2401 ,
637 2368 756 2402 ὀξύχολος
769 2371 781 2402 ]

27 2419 32 2426 .
46 2405 138 2443 torosa:
158 2404 192 2440 est
211 2412 235 2432 et
254 2404 402 2432 irritabilis.
416 2432 420 2435 .
436 2404 518 2431 Plaut.
531 2404 609 2436 Most.
623 2414 650 2439 4,
670 2413 696 2437 2,
709 2406 741 2437 36
763 2404 846 2430 Senex
864 2404 908 2431 hie
924 2404 1078 2432 cerebrosus

47 2441 68 2468 st
84 2447 163 2469 certe.
232 2441 327 2468 Horat.
340 2441 422 2468 Serm.
437 2450 461 2472 ι,
482 2448 511 2474 ς,
533 2448 563 2467 21
588 2441 678 2467 Donec
699 2440 851 2468 cerebrosus
875 2440 979 2475 prosilit
1002 2450 1079 2468 vnus.

47 2479 92 2505 7et.
106 2477 192 2504 Schol.
203 2477 374 2508 Cerebrosus,
391 2473 518 2510 αὐθάδης,
537 2476 687 2504 iracundus.
756 2476 907 2508 Cerebrofi,
925 2479 1010 2512 inquit
1022 2476 1080 2502 No-

35 2536 39 2541 .
52 2514 90 2540 'us
104 2522 125 2547 1,
138 2518 170 2544 82
190 2512 328 2544 dicuntur,
346 2513 379 2540 ad
393 2513 522 2539 insaniam
534 2512 641 2546 faciles,
659 2512 755 2548 quibus
769 2512 926 2546 frequenter
939 2510 1080 2537 cerebrum

30 2557 35 2565 ¹
59 2555 178 2577 oueatur.

31 2587 33 2589 '
51 2594 106 2617 em,
124 2591 151 2612 et
163 2584 339 2612 cerebrosum.
410 2584 543 2612 Columel.
555 2593 582 2617 2,
596 2593 628 2617 11,
641 2593 663 2611 11
688 2584 788 2609 Eruum
800 2582 891 2616 pecori
903 2582 1031 2615 noxium,
1052 2580 1092 2609 et*

49 2621 170 2657 raecipue
182 2620 279 2653 bubus,
292 2619 365 2655 quod
378 2620 478 2654 pabulo
492 2621 539 2646 suo
552 2620 703 2647 cerebrosos
717 2617 812 2644 reddit.
849 2617 976 2654 Describit
988 2619 1080 2653 Veget.

7 2674 17 2693 t
63 2657 238 2691 1¹¹0m·2‚7‚”1
255 2655 402 2683 Cerebrum
417 2655 573 2690 plerumque
586 2654 695 2681 diuersis
709 2652 866 2689 passionibus
883 2660 1080 2687 commonetur,

0 2698 16 2730 μ
53 2692 107 2719 uod
118 2692 160 2719 his
178 2690 386 2726 deprehenditur
403 2690 481 2724 signis
496 2691 508 2716 ε’
537 2690 686 2717 ambulabit
698 2699 809 2725 prauus,
828 2694 855 2716 et
870 2689 1024 2725 frequenter
1037 2691 1079 2717 of-

14 2735 17 2738 ⁴
62 2728 124 2754 ndet
132 2747 141 2760 ,
157 2732 184 2753 et
196 2733 255 2753 toto
268 2726 295 2752 se
308 2734 420 2766 corpore
433 2732 593 2752 commouet.

63 2797 156 2826 eth-c.
170 2805 226 2831 104.
263 2797 360 2824 Pallad.
372 2797 449 2825 Febr.
461 2806 503 2831 24,
517 2805 543 2831 9.
576 2804 601 2824 et
622 2797 690 2833 Sept.
704 2807 746 2831 13,
760 2806 783 2831 3.
801 2797 846 2825 vbi
859 2804 941 2825 tamen
954 2798 1080 2826 Caerefo-

57 2843 101 2862 um
114 2833 248 2870 stribitur.

69 2876 320 2902 CEREMONIA,
352 2867 408 2896 vid.
441 2875 723 2897 CAEREMONxA.

68 2912 86 2934 C
93 2913 110 2933 Ε
119 2912 139 2933 R
148 2912 164 2932 E
173 2912 186 2932 S
195 2925 204 2938 ,
224 2905 285 2932 eris.
321 2903 458 2941 [Δημήτηρ
465 2925 474 2938 ,
491 2904 612 2941 Δήμητρα
619 2925 628 2938 ,
644 2905 697 2936 Δηώ
704 2925 713 2938 ,
730 2904 851 2942 Κυρῆἔοι]

75 2941 179 2978 isfilia,
192 2950 252 2977 quae
262 2943 349 2977 genuit
360 2950 390 2968 ex
405 2942 461 2967 Ioue
475 2941 656 2978 Proserpinam.
692 2942 808 2969 Matrem
818 2942 892 2969 Iouis
903 2945 932 2970 in
944 2943 991 2970 bac
1004 2944 1041 2977 hx]
1055 2953 1080 2970 o-

57 2977 78 3004 a'
85 2983 215 3015 generatae
229 2977 404 3013 Proftrpinae,
418 2986 491 3012 quam
506 2977 601 3013 copiofi
613 2984 728 3009 enarrat,
741 2985 815 3005 vocat
827 2978 929 3006 Arnob.
942 2978 1001 3006 adu.
1010 2980 1079 3006 Gen-

85 3020 99 3046 ς
117 3019 206 3048 p.170.
226 3019 256 3039 vt
268 3012 326 3039 adeo
341 3022 393 3040 cum
403 3013 487 3046 Rhea,
499 3013 525 3049 s
538 3013 623 3048 Cybele
637 3013 683 3040 hac
691 3020 766 3049 parte
781 3017 924 3047 conueniat,
940 3024 999 3052 quae
1013 3017 1079 3042 alias

61 3053 114 3074 ater
125 3047 192 3075 illius
204 3045 248 3081 est,
261 3057 332 3084 quam
340 3048 480 3085 salutatum
494 3053 518 3076 it
528 3049 600 3089 ‘'P'‘d.
608 3049 785 3076 Claudianum
798 3049 831 3076 de
844 3051 910 3077 R.P.
924 3059 944 3084 1,
957 3056 1002 3081 180
1021 3053 1078 3087 sqq.

129 3119 254 3146 Caeterum
273 3118 319 3145 dea
325 3119 433 3156 frugum
443 3120 588 3156 putabatur.
636 3121 693 3148 Cic.
707 3121 739 3148 de
753 3122 850 3148 Natur.
863 3123 943 3150 Deor.
957 3132 982 3154 2,
996 3125 1031 3158 67
1054 3133 1076 3151 c.

89 3155 175 3182 Mater
186 3159 273 3181 autem
285 3153 321 3181 est
334 3163 349 3181 a
362 3155 491 3182 Gerendis
503 3156 624 3192 frugibus
632 3176 639 3189 ,
657 3158 737 3184 Ceres
751 3163 877 3192 tanquam
890 3158 971 3185 Getes
979 3179 988 3192 ,
1007 3160 1077 3186 casu-

72 3200 86 3217 e
101 3190 187 3225 prima
198 3188 275 3216 litera
287 3189 381 3217 itidem
395 3191 546 3224 immutata,
565 3199 595 3219 vt
607 3202 623 3219 a
636 3194 754 3220 Graecis.
790 3202 851 3220 nam
860 3193 892 3220 ab
901 3194 953 3221 illis
987 3204 1077 3231 uoque

58 3227 170 3267 ημὴτμρ,
186 3223 257 3259 quali
271 3224 384 3259 γημῆτηρ
404 3227 453 3260 (737
463 3226 560 3265 μήτηρ,
579 3229 671 3256 Terra
686 3232 788 3262 mater)
801 3230 937 3257 nominata
950 3239 964 3256 e
989 3251 995 3257 .
1037 3233 1077 3258 De

68 3128 88 3152 xp

74 3307 86 3324 5
103 3307 131 3324 ue
151 3299 276 3331 interpres
292 3297 369 3323 Ianus
385 3297 540 3332 Parrhasius.
595 3301 701 3328 Breuius
718 3310 770 3328 eum
787 3308 892 3337 ,raptum
914 3302 1079 3339 descripserat

62 3334 89 3360 ui
107 3353 113 3360 .
131 3333 195 3360 Met.
210 3340 233 3365 ς,
245 3332 361 3374 3ςῐιΐςς.
390 3333 456 3373 ‘Cum
474 3334 541 3374 apud
551 3335 645 3363 Siculos
665 3340 693 3364 in
702 3339 799 3373 primis
817 3338 887 3364 culta
897 3338 983 3374 suerit
995 3340 1078 3372 Ceres,

63 3369 119 3396 ebra
131 3368 200 3396 illius
219 3374 310 3394 menno
323 3371 351 3394 in
365 3368 502 3396 Ciceronis
515 3371 650 3405 Verrinis‚
668 3383 694 3400 v.
707 3383 733 3410 g.
747 3382 766 3406 4
788 3382 810 3399 c.
823 3381 866 3407 45,
879 3379 913 3406 48
930 3380 954 3400 et
968 3381 1004 3407 53.
1044 3378 1076 3402 it.

70 3415 95 3443 Ὶς,
109 3409 146 3438 38.
182 3402 313 3440 Qidquid
321 3403 382 3439 fere
397 3404 528 3438 traditur,
542 3407 701 3442 spanhemius
712 3408 747 3436 ad
759 3408 907 3436 Callimachi
919 3410 954 3436 H.
967 3413 995 3437 in
1009 3411 1078 3438 Cere-

64 3477 126 3513 cipit
139 3475 208 3513 apud
219 3475 301 3502 Ouid.
315 3476 381 3502 Met.
394 3483 417 3508 ς,
429 3484 475 3509 341
494 3476 628 3513 Calliope:

188 3511 276 3539 Prima
293 3511 373 3537 Ceres
393 3520 462 3538 vnco
480 3517 578 3543 terram
595 3513 709 3543 dimouit
726 3521 830 3543 aratro:

187 3547 276 3574 Prima
289 3546 362 3573 dedit
379 3547 469 3582 fruges
483 3547 660 3585 alimentaque
672 3551 749 3579 mitia
759 3552 852 3579 terris:

31 3608 35 3614 ,
129 3612 133 3615 ,
189 3583 277 3610 Prima
289 3582 453 3624 dedit'leges.
489 3584 595 3611 Cereris
608 3586 696 3614 sumus
709 3588 801 3615 omnia
815 3596 920 3615 munus.

40 3646 44 3651 .
69 3626 110 3646 em
121 3617 187 3646 Fast.
202 3628 237 3654 4,
254 3627 304 3653 401
330 3620 418 3646 Prima
431 3619 511 3646 Ceres
529 3619 636 3648 homini
654 3622 687 3649 ad
706 3623 820 3651 meliora
838 3623 964 3651 alhnenta
981 3630 1078 3652 vocato

0 3657 2 3663 '
34 3670 40 3676 -
65 3659 153 3694 ‘utautt
169 3653 275 3689 glandes
292 3654 405 3681 vtiliore
423 3654 501 3688 cibo,
519 3662 566 3682 etc.
603 3657 666 3684 Sunt
683 3661 748 3685 enim
757 3659 882 3696 plufirula.
952 3660 1079 3689 Cererem

63 3688 182 3724 ugilius,
196 3696 248 3726 pro
261 3691 333 3717 Luna
339 3691 443 3727 posuit,
454 3690 523 3726 ficut
535 3691 665 3719 Liberum
695 3703 723 3720 ro
736 3694 789 3722 Sole
802 3695 900 3729 Georg.
915 3702 964 3730 1,5

219 3757 226 3761 ⁸
347 3735 396 3754 vos
417 3736 435 3753 o
451 3725 588 3755 clarissima
606 3737 671 3755 mun
691 3728 701 3756 i

189 3760 320 3795 Lumina,
347 3761 481 3790 labentem
502 3764 592 3798 caelo,
615 3773 683 3800 quae
701 3763 799 3791 ducitis
814 3765 949 3799 annum,'

35 3827 40 3831 ¹
189 3795 274 3823 Liber
292 3803 319 3824 et
337 3798 407 3825 alma
424 3799 513 3826 Ceres.

39 3850 42 3851 γ
85 3833 91 3838 ”
100 3831 208 3859 Seruius
226 3831 353 3869 obstruat.
371 3833 475 3862 Almam
487 3835 521 3863 ab
534 3834 654 3868 Alendo,
674 3835 800 3863 Cererem
815 3845 831 3863 a
843 3836 966 3866 creando
977 3835 1077 3866 dietam

38 3883 43 3886 -
72 3874 94 3894 e.
146 3867 282 3908 sziungit
296 3867 342 3898 hos
358 3868 416 3896 deos
432 3874 506 3898 etiam
522 3872 609 3899 Varro
623 3872 654 3899 R.
668 3872 700 3899 R.
715 3881 740 3904 1,
760 3880 787 3905 1,
804 3879 826 3905 ς.
882 3873 974 3909 Nempe
985 3872 1078 3902 Terra

76 3910 115 3929 res
128 3900 170 3936 fi·
188 3902 245 3943 Cic.
260 3902 292 3929 de
305 3902 368 3931 Nat.
379 3905 459 3933 Deo‘r.
473 3915 494 3940 1,
506 3916 545 3942 40
560 3907 686 3943 Idemque
700 3907 814 3944 disputat
826 3906 932 3936 aethera
945 3910 993 3936 effe
1006 3917 1077 3942 eum,

65 3945 118 3964 iem
136 3937 256 3965 homines
275 3939 369 3966 Iouem
386 3941 547 3976 appellarent
561 3954 568 3970 ι
597 3944 699 3979 quique
717 3946 764 3972 a'e'r
779 3953 826 3980 per
842 3944 926 3971 maria
943 3951 1076 3980 manaret,

248 3740 294 3747 ,-

65 3973 170 4003 mefl'e'
184 3973 363 4011 Neptunum:
394 3981 546 4016 ten-mue
565 3987 626 4012 eam
645 3980 710 4017 este,
737 3989 806 4017 quae
827 3981 909 4011 Ceres
930 3980 1072 4013 diceretun
1084 3994 1131 4026 [ος
1173 3992 1312 4022 erma,
1331 3992 1369 4012 ae.
1404 3982 1425 4010 f.

19 415 21 422 ‘
43 409 345 441 CONTVBERNALI,
365 414 436 443 atque
447 406 504 432 adeo
516 403 588 440 seruo
603 406 709 438 positum
724 414 731 429 .·
745 406 813 439 Jicut
830 409 905 432 etiam
918 415 942 440 p.
961 413 1040 440 1017,
1061 412 1078 439 7
1102 406 1118 436 ς
1138 368 1222 431 ’ᾷὲιέ
1237 413 1266 437 4,
1283 414 1328 437 49.

792 940 841 966 Sed
860 940 942 965 homo
957 946 1082 973 portione
1096 950 1131 969 20
1147 941 1215 967 illius
1235 941 1314 968 adire.

39 1490 61 1507 c.
75 1489 91 1513 9
111 1479 178 1507 Aliis
191 1488 248 1515 pars
266 1478 393 1514 quaedam
413 1477 516 1505 cerebri
538 1478 593 1504 visa
615 1476 651 1503 est
672 1476 757 1503 animi
779 1476 959 1511 principatum
980 1482 1079 1503 tenere.
1099 1485 1128 1511 35
1145 1481 1297 1504 cantatione.

52 1835 158 1862 utidum
189 1835 344 1866 cerebrum,
378 1841 428 1869 pro
450 1834 540 1869 Infima
559 1831 655 1859 dietum
673 1832 707 1866 est
725 1834 756 1860 ab
782 1835 850 1861 Hor.
866 1834 948 1861 Serm.
960 1843 987 1868 2,
1000 1843 1024 1867 3,
1038 1841 1079 1870 73.
1094 1846 1129 1873 45
1137 1838 1396 1874 ficiendosquepanes
1409 1837 1506 1872 Virgil.
1517 1838 1583 1863 Aen.
1600 1845 1620 1869 1,
1637 1842 1683 1866 181.

587 2012 606 2037 s.
623 2016 636 2041 8
658 2011 786 2039 Serui-itur
806 2013 907 2047 palmae
927 2019 954 2039 et
973 2018 1079 2046 trunco,
1097 2029 1128 2056 50
1145 2016 1220 2043 Idem
1234 2016 1299 2043 Fast.
1307 2025 1335 2049 4,
1343 2025 1393 2049 911.
1414 2018 1433 2042 i.
1442 2016 1675 2050 frumentaterrae.

812 2191 880 2216 Suet.
896 2190 986 2216 Vitell.
1006 2199 1028 2215 c·
1042 2198 1076 2221 13-
1095 2201 1125 2228 ςς
1143 2191 1216 2219 libus
1225 2193 1326 2228 scripta
1339 2192 1478 2218 Ciceronis
1497 2191 1531 2217 ad
1544 2191 1664 2218 Atticum
1684 2191 1795 2226 epistola
1808 2200 1831 2224 2,
1845 2200 1878 2218 12.

824 2369 876 2404 Qui
899 2369 994 2396 cerebri
1012 2371 1078 2395 vitio
1093 2378 1128 2403 60
1144 2381 1177 2404 11,
1191 2380 1237 2403 121,
1257 2374 1288 2398 it.
1301 2372 1377 2397 Dona
1391 2370 1527 2402 Cerealia,
1541 2372 1627 2405 panis.

249 2549 333 2576 Lucil.
360 2549 411 2576 Sat.
442 2556 466 2582 ις
505 2549 551 2575 Te
577 2549 695 2584 primum
713 2557 773 2574 cum
788 2547 843 2573 istis
857 2547 977 2572 insanum
991 2545 1126 2585 homi-⁷65
1144 2549 1207 2584 fiet.

72 2768 89 2788 c
99 2769 115 2789 Ε
123 2769 143 2789 R
151 2769 168 2789 Ε
177 2768 194 2788 ἲ
203 2768 223 2789 Ο
233 2769 249 2788 1.
257 2768 296 2788 1v
306 2768 331 2787 M
341 2781 350 2794 ,
377 2770 395 2787 ι.
431 2771 457 2788 n.
493 2762 594 2795 Herba,
614 2763 678 2789 alias
695 2760 924 2797 Chaerephyllon.'
953 2761 1032 2796 Apul.
1047 2761 1080 2789 de
1090 2741 1107 2769 7

886 2907 992 2936 Saturni
1005 2913 1032 2934 at
1050 2916 1078 2934 ue
1096 2908 1129 2948 7'3

59 3091 160 3110 ererem
173 3089 199 3110 et
211 3084 325 3110 Matrem
344 3083 424 3111 defun
442 3084 541 3112 eandem
560 3084 604 3119 elle
621 3093 701 3112 monet
716 3089 791 3112 etiam
808 3086 881 3113 Seru.
895 3085 927 3113 ad
939 3087 1036 3122 Georg.
1050 3097 1077 3120 1,
1093 3095 1125 3122 80

59 3270 142 3289 oreris
153 3260 224 3288 rebus
237 3261 349 3296 plurima
361 3260 522 3290 Claudianus
542 3263 619 3291 libris
638 3264 725 3292 tribus
744 3264 777 3292 de
795 3271 873 3301 raptu
890 3266 1078 3302 Proserpinae,
1093 3279 1124 3308 83

131 3442 250 3468 Ponemus
261 3439 302 3465 bic
313 3439 381 3466 modo
392 3442 494 3468 initium
505 3445 633 3476 carminis,
646 3454 694 3481 quo
705 3451 804 3481 raptum
819 3444 980 3482 Profirpinas
991 3456 1079 3474 cancre
1089 3462 1126 3488 90
1141 3458 1191 3476 res.

1084 3815 1134 3836 100
1141 3809 1289 3836 Cerretani.

1557 176 1591 216 C
1682 172 1716 214 E
1794 178 1825 214 R
2120 189 2192 232 854

1145 261 1231 289 Va‘rro
1243 258 1274 287 R.
1284 259 1316 288 R.
1331 268 1354 295 3,
1367 267 1388 295 1,
1403 270 1416 295 ς
1437 262 1494 290 Nec
1508 262 1560 291 sine
1574 264 1649 292 causa
1661 272 1760 293 terram
1773 262 1884 291 'eandem
1901 264 2066 299 appellabant
2078 275 2191 296 matrem

1145 303 1171 324 et
1190 298 1324 324 Cererem.
1397 300 1492 326 Accola
1514 302 1637 334 Cereris,
1664 302 1718 329 vid.
1744 307 1909 328 ACCOLA»
1982 302 2069 329 Gener
2087 306 2193 331 Cereris

1146 334 1218 360 Pluto
1231 334 1323 359 quen.
1341 340 1377 365 ιο,
1394 342 1440 360 112.
1512 336 1587 362 Ritus
1601 338 1706 364 Cereris
1724 337 1806 364 Ouid.
1822 337 1878 363 Art.
1893 344 1918 368 2,
1932 338 1986 362 601.
2013 340 2030 362 i.
2045 339 2113 368 sacra
2127 341 2194 366 Eleu-

1288 370 1405 404 Antiqua
1418 370 1514 404 Virgil.
1526 372 1589 398 Aen.
1606 382 1629 401 2,
1642 381 1705 408 742.
1759 371 1943 407 Antiquiffima
1956 370 1989 404 cst
2002 367 2122 399 lin'ncnsis
2136 376 2190 402 Cic.

1384 406 1428 432 Seu
1442 405 1559 437 Ennaea,
1578 417 1636 442 quac
1649 409 1773 435 colebatur
1787 412 1814 435 in
1830 410 1901 434 Enna
1919 407 1977 434 vrbe
1993 407 2100 433 Siciliae
2113 409 2158 435 Sil.
2172 420 2194 445 1,

1274 440 1414 475 Frugifcra
1433 441 1491 467 Seu.
1507 441 1603 467 Phoen.
1625 452 1648 469 v.
1664 453 1717 476 219.
1790 445 1913 476 Inferna,
1934 446 1951 469 i.
1966 443 2116 479 Proserpina
2131 444 2193 471 Stat.

1145 474 1238 501 Theb.
1253 483 1275 509 ς,
1290 479 1341 509 [ςό.
1414 477 1547 511 Legifera.
1585 478 1667 511 Leges
1682 480 1752 505 enim
1766 480 1820 514 ipsa
1834 480 1932 505 dicitur
1950 479 2084 506 inuenisse.
2122 479 2195 507 Naxia

1144 517 1171 537 et
1187 508 1255 537 sacra
1269 512 1348 546 ipfius
1363 511 1583 547 Thesmophoria
1606 514 1653 549 (q.
1668 514 1692 539 d.
1707 516 1847 551 Legissra)
1868 521 2006 541 vocantur.
2063 513 2113 541 Sed
2131 515 2195 541 ideo

1146 546 1196 573 hoc
1211 547 1337 581 fingitur,
1358 549 1420 582 quia
1435 555 1495 574 ante
1509 549 1649 574 inuentum
1670 549 1832 576 frumentum
1846 560 1860 577 a
1874 552 1986 582 Cerere,
2004 550 2090 585 passim
2107 551 2195 577 homi-

1145 448 1201 473 2¹4·

741 585 779 610 De
792 586 943 611 Domitiano.
978 581 1045 608 Pers.
1061 591 1080 615 4
1098 590 1127 609 10
1146 591 1191 608 nes
1206 581 1258 608 fine
1270 583 1328 617 lege
1340 584 1519 617 vagabantur,
1539 593 1607 619 quae
1621 584 1712 610 feritas
1728 586 1873 620 interrupta
1886 587 1935 616 est,
1953 587 2064 613 inuento
2077 587 2124 613 vsu
2138 586 2196 612 fru-

1146 625 1296 645 mentorum
1306 638 1314 651 ,
1330 621 1467 654 postquam
1481 628 1512 645 cx
1526 628 1651 654 agrorum
1663 619 1794 646 diuisione
1808 628 1868 647 nata
1881 623 1938 648 sunt
1952 623 2018 648 iura.
2057 624 2125 649 Haec
2137 622 2195 648 Ser-

1146 654 1205 680 vius
1220 655 1252 680 ad
1262 654 1335 689 Virg.
1345 656 1409 681 Aen.
1419 664 1446 688 4,
1461 661 1488 689 58
1509 656 1649 690 chiferae
1660 656 1764 687 Cereri,
1772 656 1948 692 Phoeboque,
1961 658 2083 692 patrique
2098 660 2196 690 Lyaeo.

1147 690 1242 724 Magna
1259 690 1333 716 Idem
1347 691 1444 725 Georg.
1460 700 1479 723 1,
1493 700 1546 724 339.
1618 692 1764 717 Mauuuosa
1778 692 1882 718 Lucret.
1893 702 1921 725 4,
1936 696 1997 719 1161.
2068 694 2196 721 Pulueru—

1148 726 1218 752 lenta
1232 725 1305 752 Idem
1314 733 1336 759 ς,
1344 734 1402 761 741.
1426 730 1495 752 cuius
1509 736 1609 753 munera
1621 725 1712 760 aestate
1726 733 1750 752 et
1757 726 1825 760 steca
1838 729 1923 754 tellure
1931 731 2117 764 percipiantur.
2154 730 2197 756 Se-

76 772 146 793 CER
158 764 196 792 ER
207 771 258 795 ER,
272 762 321 790 bri.
341 771 376 788 m.
413 763 537 797 Antiquis
549 760 677 788 dicebatur
689 760 985 798 idemquodCerebrum.
1021 759 1081 787 vet.
1101 765 1127 792 ¹5
1146 768 1216 789 creta
1229 762 1323 794 Ceres,
1343 762 1471 788 dicebatur
1488 762 1612 795 Eleusina,
1632 765 1702 788 cuius
1719 762 1797 798 sacra
1820 765 1969 799 neminiJas
1989 771 2044 791 erat
2051 766 2199 801 publicare,

1146 807 1190 825 nce
1202 801 1236 824 iis
1250 797 1375 831 interesffi‘,
1389 801 1491 834 quinon
1505 796 1578 830 esti-nt
1591 801 1700 824 initiati.
1736 798 1794 825 Sen.
1807 799 1886 824 Herc.
1899 800 1951 825 fur.
1966 805 2022 832 845.
2138 800 2159 839 ᾖ
2179 809 2196 828 2.

1150 835 1277 860 formulae
1295 838 1380 860 variae
1394 845 1402 859 .·
1444 834 1542 868 Virgil.
1557 833 1655 867 Georg.
1676 842 1702 865 1,
1723 842 1768 866 339
1796 833 1825 859 dc
1838 834 1923 868 Jacris
1942 836 2140 870 ambarualibus,
2165 837 2198 863 In

1147 870 1242 904 primis
1257 879 1382 896 venerare
1395 869 1474 902 deos,
1497 875 1522 896 at
1544 878 1576 895 ue
1596 877 1682 895 annua
1695 879 1804 903 magnae
1840 870 1914 896 Sacra
1930 871 2002 896 refer
2017 873 2125 905 Cereri,
2144 873 2198 899 lae-

1148 905 1182 931 tis
1195 912 1318 939 operatus
1331 907 1360 932 in
1372 905 1470 932 herbis.
1547 913 1625 932 uuen.
1638 913 1664 937 9,
1677 912 1713 937 24
1733 905 1874 931 Celebrate
1886 906 2011 932 Cererem
2020 927 2028 939 ,
2047 910 2065 933 i.
2080 910 2199 943 templum

1387 942 1483 968 Facere
1500 947 1564 968 vota
1583 940 1676 967 Cereri
1697 940 1795 973 virgil.
1815 941 1866 966 Ecl.
1883 949 1910 973 ς,
1923 950 1968 975 49.
2027 943 2121 969 Nutrit
2134 952 2199 970 rura

1148 978 1226 1003 Ceres
1241 978 1335 1004 Horat.
1348 976 1399 1004 Od.
1413 987 1441 1010 4,
1455 984 1478 1010 ς,
1494 982 1529 1007 18.
1600 976 1684 1003 Plaut.
1698 974 1788 1002 Aulul.
1801 983 1833 1006 z,
1852 978 1884 1007 6,
1905 985 1917 1008 ς
1947 979 2066 1004 Cererin²
2080 979 2197 1006 Strobile

1148 1012 1192 1039 has
1202 1012 1299 1039 facturi
1307 1014 1410 1047 nuptias
1419 1015 1428 1039 ἓ
1451 1020 1519 1040 STR.
1529 1012 1595 1047 qui?
1616 1019 1688 1039 STA.
1698 1012 1762 1046 quia
1769 1011 1861 1037 temeti
1871 1010 1940 1036 nihil
1949 1013 2056 1039 allatum
2065 1014 2196 1049 intelligo.

1147 1045 1213 1084 quod
1219 1051 1245 1073 in
1253 1049 1411 1084 hm'usjacris
1421 1049 1494 1083 nefas
1504 1047 1559 1082 <flet
1567 1048 1665 1084 inferre
1672 1051 1766 1074 vinum.
1863 1044 1883 1082 ἢ
1892 1055 1904 1078 3
1913 1047 2001 1079 Ceres,
2004 1055 2051 1082 pro
2053 1050 2199 1083 frumento,

1147 1083 1303 1119 meffrspmm,
1311 1086 1371 1110 cibo.
1391 1086 1535 1119 Virg.Aen.
1547 1090 1613 1117 1,181
1632 1084 1709 1110 Tum
1717 1084 2003 1116 Cereremcorruptam
2013 1085 2199 1116 vndis,Cere;,-

1100 1126 1132 1153 25
1146 1119 1236 1154 liaque
1246 1129 1318 1147 arma
1326 1121 1484 1155 Expediunt,
1493 1128 1537 1146 etc.
1547 1120 1711 1156 1‘.frumenta,
1719 1121 1847 1154 velpanes.
1882 1119 1954 1144 Seru.
1963 1118 1994 1144 ad
2003 1119 2125 1158 Ceorga,
2134 1129 2150 1155 7
2158 1122 2200 1147 Sa.

1148 1155 1207 1182 bini
1220 1157 1347 1183 Cererem
1361 1165 1455 1191 panem
1468 1156 1608 1190 appellant.
1674 1155 1758 1190 Larga
1772 1156 1850 1181 Ceres
1859 1173 1867 1186 ,
1886 1163 1977 1190 magna
1985 1156 2115 1190 frumenti
2128 1160 2201 1190 copia

1148 1192 1246 1218 Lucan.
1256 1201 1278 1225 3,
1292 1200 1350 1227 347.
1424 1193 1526 1219 Vocare
1540 1192 1656 1218 clamore
1668 1192 1795 1218 Cererem
1810 1191 1839 1216 in
1851 1189 1930 1221 tecta,
1950 1190 1986 1216 est
2000 1191 2129 1217 Inuocare
2142 1190 2201 1217 dari

1147 1228 1252 1262 copiam
1272 1229 1487 1260 frumentorum,
1507 1234 1537 1254 vt
1550 1231 1588 1254 ait
1603 1228 1709 1254 Seruius
1728 1226 1762 1253 od
1775 1226 1872 1261 virgil.
1884 1226 1983 1260 Georg.
1999 1235 2019 1258 1,
2033 1235 2085 1261 347
2106 1228 2136 1253 Et
2151 1228 2202 1253 Ce-

1147 1272 1235 1290 rerem
1256 1264 1372 1291 clamore
1390 1270 1484 1290 vocent
1504 1264 1532 1290 in
1547 1263 1623 1290 tedia.
1698 1264 1795 1297 Fruges
1809 1263 1935 1289 Cererem
1954 1262 2129 1296 appellamus,
2154 1263 2203 1289 Vi-

38 1301 126 1328 omnis
140 1309 154 1327 e
168 1300 248 1327 corde
262 1299 419 1331 via'tendit‚
438 1298 481 1325 hic
494 1297 587 1324 definit
602 1308 607 1324 ε
643 1297 686 1324 hic
707 1299 811 1325 culmen
829 1296 979 1324 altissunum
994 1308 1000 1323 :
1037 1297 1081 1323 hie
1099 1307 1132 1333 30
1148 1309 1212 1326 num
1231 1307 1319 1327 autem
1334 1301 1478 1332 Liberum,
1498 1309 1529 1326 ex
1542 1309 1597 1335 quo
1610 1298 1678 1326 illud
1692 1298 1821 1325 Terentii
1841 1299 1926 1330 (Eun.
1938 1306 1967 1330 4,
1981 1306 2004 1331 ς,
2018 1300 2053 1330 6)
2072 1299 2133 1325 Sine
2152 1300 2203 1325 ce-

1148 1345 1206 1362 rere
1226 1342 1251 1362 ct
1265 1336 1366 1363 Libero
1396 1337 1475 1370 friget
1489 1338 1578 1363 Venus
1605 1335 1703 1362 Cic.de
1712 1335 1809 1361 Natur.
1826 1334 1907 1360 Deor.
1923 1342 1946 1366 e,
1960 1336 1995 1360 60
2016 1344 2037 1360 c.
2051 1343 2090 1367 23.
2146 1336 2203 1361 Hoc

1147 1371 1259 1408 respeHu
1273 1372 1370 1406 Virgil.
1386 1373 1483 1407 Georg.
1501 1381 1527 1405 1,
1550 1379 1602 1406 297
1632 1372 1665 1397 At
1684 1370 1832 1397 rubicunda
1846 1371 1925 1397 Ceres
1946 1369 2036 1396 medio
2057 1370 2204 1398 succiditur

1147 1408 1226 1434 aestu.
1300 1410 1332 1434 lt.
1348 1408 1428 1434 Flaua
1443 1410 1515 1434 Idem
1529 1408 1626 1441 Georg.
1636 1415 1655 1439 1,
1665 1409 1709 1440 96.
1730 1415 1754 1432 et
1762 1407 1835 1442 saepe
1848 1408 1922 1432 alias.
1994 1407 2121 1433 Carmine
2134 1407 2204 1433 laesa

1147 1444 1226 1470 Ceres
1244 1443 1360 1469 sterilem
1376 1444 1492 1470 vanescit
1509 1444 1536 1469 in
1553 1444 1663 1469 herbam
1677 1442 1758 1469 Ouid.
1773 1443 1864 1468 Amor.
1879 1450 1902 1473 3,
1916 1449 1943 1475 7,
1957 1450 1983 1473 31
2001 1441 2031 1468 cle
2038 1442 2147 1478 frugum
2161 1452 2204 1469 ex-

1383 1480 1509 1513 Coquere
1529 1479 1656 1505 Cererem
1679 1478 1779 1504 dicitur
1800 1477 1914 1503 aestiuus
1939 1478 2010 1509 Leo,
2036 1482 2055 1503 1'.
2076 1485 2204 1505 maturare

1140 1515 1237 1551 fruges
1254 1514 1311 1540 Sen.
1329 1515 1439 1549 Hippol.
1454 1518 1516 1547 969.
1587 1513 1685 1548 Virgil.
1701 1514 1798 1547 Georg.
1813 1521 1843 1543 2,
1858 1520 1909 1544 229
1928 1512 2028 1545 Densa,
2048 1520 2117 1540 terra
2125 1514 2205 1549 fauet

1145 1551 1229 1585 magis
1248 1550 1357 1583 Cereri,
1385 1550 1512 1577 rarissima
1533 1558 1653 1584 quaeque
1675 1550 1772 1581 Lyaeo.
1850 1549 1945 1581 Iugera
1963 1548 2090 1575 Cererem
2111 1550 2203 1576 ferunt

1555 1585 1718 1619 Intercipere
1732 1585 1858 1611 Cererem
1870 1583 1898 1609 in
1914 1583 2008 1618 spicis,
2029 1587 2047 1610 i.
2061 1587 2111 1610 iam
2124 1591 2206 1611 matu—

1146 1588 1241 1613 Horat.
1254 1587 1343 1614 Carm.
1352 1595 1375 1619 3,
1388 1595 1432 1619 24,
1449 1595 1482 1618 13.

1726 1645 1731 1646 ι
1745 1620 1843 1647 Tellus
1855 1619 1958 1646 inarata
1970 1620 2113 1654 quotannis
2125 1621 2205 1648 Cere-

1146 1633 1191 1650 νας
1198 1629 1277 1659 prope
1286 1622 1381 1658 fruges
1393 1622 1475 1650 Ouid.
1488 1622 1553 1648 Met.
1569 1626 1598 1654 8,
1611 1629 1671 1654 292.

935 1656 1023 1683 Sanies
1041 1657 1082 1682 ni·
1095 1669 1132 1694 40
1148 1668 1206 1686 rem
1220 1658 1309 1685 reddit
1323 1660 1390 1685 Hor.
1407 1657 1491 1694 Epod.
1506 1660 1544 1690 16,
1557 1666 1598 1700 43.
1618 1660 1636 1683 i.
1646 1656 1816 1693 fertfruges.

1182 1701 1275 1722 CERE
1286 1696 1308 1721 Ᾰ
1318 1701 1352 1721 11
1363 1702 1392 1727 s,
1414 1704 1436 1721 e.
1473 1693 1648 1729 [Δημητριος]
1685 1692 1759 1728 Qod
1776 1691 1810 1718 ad
1824 1691 1933 1718 Cererem
1943 1695 2066 1727 pertinet.
2105 1692 2205 1719 Cereaa

1145 1730 1182 1756 les
1195 1731 1292 1757 aediles
1313 1730 1360 1757 duo
1374 1730 1440 1757 citati
1453 1730 1580 1766 fuerunt,
1600 1739 1641 1765 qui
1656 1732 1693 1755 rei
1703 1729 1893 1765 frumentariae
1911 1734 2064 1762 praeerant,
2085 1737 2204 1763 quorum

1146 1766 1322 1793 creandorum
1339 1766 1434 1793 aneior
1453 1766 1507 1792 fuit
1525 1766 1555 1792 C.
1570 1766 1655 1791 Iulius
1668 1765 1772 1791 Caesar.
1808 1764 1936 1798 Pompon.
1956 1764 1973 1790 l.
1987 1772 2004 1790 2
2031 1762 2100 1800 §.32
2120 1764 2147 1790 ff.
2168 1764 2204 1791 de

1145 1803 1214 1837 orig.
1229 1804 1284 1829 Iur.
1347 1803 1429 1829 Arma
1448 1802 1586 1834 Cerealia,
1608 1800 1774 1835 Instrumenta
1786 1799 1821 1825 ad
1830 1799 1966 1825 molendum
1973 1799 2132 1834 frumentum
2145 1809 2204 1826 con-

1756 1836 1844 1861 Aurae
1864 1834 1930 1860 Plin.
1946 1842 1989 1867 ις,
2006 1843 2034 1868 19
2058 1844 2119 1870 quae
2132 1838 2205 1863 circa

1145 1873 1224 1908 mcffis
1239 1881 1334 1909 tempus
1341 1873 1437 1910 fruges
1449 1873 1603 1908 arefaciunt.
1666 1872 1757 1898 Coena
1773 1871 1856 1896 Plaut.
1871 1870 1943 1896 Men.
1959 1878 1980 1903 1,
1995 1878 2014 1902 1,
2030 1878 2069 1904 25.
2091 1874 2109 1898 i.
2123 1873 2205 1905 lauta,

1144 1909 1290 1940 abundans,
1315 1919 1364 1935 non
1386 1912 1468 1934 minus
1494 1917 1564 1943 quum
1586 1908 1682 1933 Cereris
1700 1916 1803 1939 munus,
1817 1907 1921 1942 fruges.
1996 1906 2087 1933 Culmi
2106 1908 2204 1934 Cerea«

1144 1944 1178 1971 lis
1198 1945 1312 1979 mergite
1334 1945 1417 1970 sulcos
1432 1952 1544 1970 onerare
1556 1952 1636 1970 annus
1651 1944 1748 1969 dicitur
1772 1943 1847 1976 Virg.
1862 1944 1959 1975 Georg.
1974 1950 2000 1974 2,
2016 1950 2070 1977 517.
2125 1944 2205 1970 Dona

1145 1981 1283 2013 Cerealia,
1303 1982 1383 2007 Panes
1402 1980 1448 2007 Sil.
1461 1988 1487 2014 7,
1503 1985 1553 2011 183.
1626 1978 1730 2004 Eleusin
1750 1977 1831 2003 Ouid.
1841 1977 1906 2002 Fast.
1921 1986 1949 2010 4,
1964 1984 2021 2012 507.
2094 1979 2205 2006 Herbae

1749 2012 1818 2037 Ludi
1833 2012 1973 2045 Cereales,
1992 2016 2019 2038 in
2033 2013 2147 2040 honorem
2161 2015 2206 2041 Ce-

1144 2056 1211 2079 reris
1218 2051 1292 2088 faeti
1307 2052 1368 2078 Liu.
1383 2059 1431 2082 30,
1443 2058 1483 2081 39.
1534 2047 1591 2074 Vici.
1607 2047 1690 2074 Ouid.
1706 2047 1771 2074 Fast.
1785 2057 1814 2082 4,
1828 2056 1882 2080 393.
1901 2058 1969 2083 quem
1983 2048 2105 2083 elafficwn
2118 2050 2148 2076 de
2161 2051 2205 2076 Ge·-

1144 2097 1199 2114 rere
1210 2089 1288 2113 Iocum
1309 2089 1359 2111 iam
1374 2085 1457 2120 ficpra
1475 2083 1652 2110 indit-animus.
1710 2084 1782 2109 Finit
1797 2087 1850 2109 ita:
1872 2083 1941 2109 Alba
1955 2083 2048 2110 decent
2058 2086 2206 2117 Cererem3

1143 2122 1227 2148 vestes
1240 2119 1396 2147 Cerealibus
1406 2119 1478 2146 albas
1491 2119 1593 2146 Sumite
1608 2130 1613 2146 z
1651 2128 1720 2145 nunc
1734 2119 1803 2154 pulli
1817 2118 1926 2146 velleris
1941 2120 2000 2146 vsus
2014 2119 2094 2148 abest.
2131 2121 2206 2149 Adel.

1143 2156 1204 2183 Liu.
1220 2165 1263 2189 22,
1278 2159 1317 2189 36.
1354 2155 1442 2182 Festus
1456 2155 1484 2182 in
1499 2156 1599 2182 Graeca
1612 2155 1692 2182 sacra.
1767 2155 1823 2182 Cic.
1837 2163 1887 2190 pro
1901 2155 1975 2182 Balb.
1988 2165 2010 2182 c.
2024 2165 2069 2190 24.
2107 2156 2205 2185 Cerea-

1936 2193 2030 2227 Nempe
2044 2193 2152 2226 Ouidio,
2172 2200 2205 2228 ve

1142 2228 1213 2255 modo
1229 2228 1354 2260 vidimus,
1373 2231 1448 2254 ctiam
1454 2226 1607 2262 simpliciter
1621 2227 1744 2254 Cerealia
1763 2228 1897 2258 dicuntur,
1916 2228 1994 2254 intell.
2011 2228 2090 2255 sacra.
2126 2229 2206 2264 Apud

1142 2265 1283 2291 Ciceronem
1295 2263 1412 2291 Cerialia
1425 2265 1520 2301 legitur
1534 2263 1592 2290 inde
1605 2274 1620 2290 a
1636 2265 1751 2290 Cratero.
1788 2263 1863 2299 Conf.
1878 2263 1986 2297 August.
2001 2263 2033 2289 de
2042 2265 2073 2290 C.
2081 2265 2113 2291 D.
2123 2272 2149 2300 7,
2157 2274 2204 2292 20.

1143 2300 1225 2327 Ouid.
1240 2301 1300 2327 Am.
1313 2309 1342 2333 3,
1366 2309 1412 2332 10,
1431 2308 1440 2326 1
1468 2302 1540 2325 cuius
1559 2302 1662 2325 initium
1681 2300 1776 2325 Annua
1793 2304 1925 2325 venerunt
1944 2299 2061 2325 Cerealis
2080 2304 2204 2334 tempora

1143 2336 1226 2368 sacri,
1244 2336 1355 2362 Secubat
1369 2336 1398 2361 in
1412 2336 1484 2361 sacro
1498 2335 1552 2360 sola
1562 2334 1649 2368 puella
1662 2340 1734 2360 toro.
1790 2334 1903 2360 Munera
1916 2334 2038 2360 Cerealia
2050 2334 2125 2362 Idem
2133 2337 2202 2363 Met.

1700 2369 1796 2403 Virgil.
1811 2369 1909 2403 Georg.
1924 2378 1933 2395 1
1942 2389 1951 2402 ,
1965 2378 2006 2396 212
2033 2371 2143 2398 Cereale
2156 2381 2203 2407 pa-

1143 2416 1226 2443 pauer
1260 2406 1383 2440 Tempus
1399 2405 1482 2432 humo
1497 2412 1594 2439 tegete.
1673 2405 1721 2432 Vbi
1741 2405 1864 2438 Seruius,
1885 2405 1994 2432 Cereale
2008 2415 2139 2441 papauer,
2156 2408 2205 2435 vel*

1144 2442 1217 2477 quod
1231 2442 1268 2468 est
1281 2442 1354 2476 esui,
1374 2441 1439 2468 ficut
1459 2441 1624 2468 frumentum
1639 2451 1645 2468 τ
1671 2440 1714 2467 vel
1730 2441 1794 2475 quia
1814 2450 1846 2467 eo
1859 2442 1941 2468 Ceres
1958 2443 2003 2468 vsa
2020 2442 2057 2468 est
2077 2443 2110 2470 ad
2131 2443 2203 2470 obli-

1145 2478 1256 2505 vionem
1270 2477 1380 2504 doloris.
1422 2478 1447 2503 V
1445 2477 1479 2504 id.
1493 2477 1575 2505 Ouid.
1589 2477 1655 2504 Fast.
1668 2486 1697 2510 4,
1712 2485 1753 2509 531
1777 2477 1814 2512 sq.
1858 2478 1941 2503 Etiam
1952 2476 2090 2512 fimulacra
2103 2479 2204 2507 Cereris

1143 2523 1217 2540 manu
1225 2520 1337 2550 papauer
1352 2511 1447 2550 gestare
1454 2514 1584 2549 solebant:
1600 2513 1649 2550 sed
1659 2520 1683 2539 et
1697 2516 1748 2539 eius
1761 2511 1906 2546 antistitae,
1918 2523 1993 2549 quum
2005 2514 2090 2541 Cereri
2095 2515 2202 2551 sacrum

1178 2549 1183 2553 ”
1264 2549 1420 2577 Callimach.
1435 2551 1470 2576 H.
1483 2552 1512 2576 in
1524 2550 1605 2576 Cerer.
1621 2560 1652 2584 45
1677 2549 1744 2582 γέντο
1762 2546 1788 2575 δὲ
1805 2549 1873 2585 χειρὶ
1888 2551 2014 2583 ςέμμαται
2031 2549 2076 2576 καὶ
2085 2550 2201 2584 flavinum,

1150 2585 1209 2613 Vid.
1224 2586 1352 2622 spanhem.
1395 2585 1530 2613 Columel.
1545 2594 1589 2619 10,
1607 2594 1648 2618 313
1671 2585 1742 2611 Allia
1762 2594 1822 2611 cum
1841 2586 1928 2620 cepis,
1955 2586 2065 2612 Cereale
2084 2595 2202 2622 papauer

1144 2621 1242 2649 anetho
1278 2623 1392 2657 lungite.
1455 2622 1562 2649 Sacrum
1577 2620 1703 2653 Cereale,
1728 2621 1782 2647 vid.
1797 2621 1868 2647 Ludi
1882 2621 2004 2648 Cereales
2016 2628 2047 2657 p.
2061 2632 2086 2649 a.
2130 2623 2200 2651 Plin.

1146 2667 1184 2691 19,
1198 2663 1210 2688 8
1236 2659 1375 2693 Papaueris
1390 2657 1469 2684 satiui
1484 2658 1535 2684 tria
1549 2666 1644 2693 genera
1659 2668 1664 2684 :
1687 2657 1845 2690 candidum,
1864 2658 1938 2683 cuius
1952 2657 2040 2683 semen
2052 2658 2151 2685 tostum
2169 2659 2200 2687 in

1144 2694 1256 2721 secunda
1268 2695 1356 2721 mensa
1368 2703 1428 2720 cum
1442 2694 1522 2720 melle
1536 2693 1605 2729 apud
1616 2694 1740 2728 antiquos
1753 2692 1874 2720 dabatur.
1911 2692 1962 2719 hoc
1979 2699 2005 2720 et
2019 2695 2093 2728 panis
2105 2695 2201 2722 rustici

1144 2730 1243 2757 crustae
1267 2730 1428 2766 inspergitur
1451 2729 1533 2756 effuso
1558 2739 1614 2756 ouo
1628 2729 1769 2756 inhaerens
1783 2749 1792 2762 ,
1826 2728 1876 2755 vbi
1899 2729 2060 2756 inferiorem
2084 2731 2199 2758 crustam

1144 2766 1251 2801 apium,
1277 2766 1388 2801 githque
1408 2766 1515 2793 Cereali
1540 2767 1632 2801 sapore
1653 2765 1799 2798 condiunt,
1824 2767 1843 2792 i.
1859 2765 2042 2800 frumentaceo.
2113 2765 2199 2794 Ouid.

1143 2803 1209 2830 Met.
1224 2811 1244 2835 1,
1259 2811 1301 2835 123
1327 2803 1433 2829 Semina
1452 2809 1509 2829 tum
1523 2803 1641 2837 primum
1660 2801 1747 2836 longis
1763 2801 1884 2828 Cerealia
1896 2801 1975 2827 sulcis
2011 2801 2115 2828 Obruta
2128 2802 2198 2834 sunt,

1143 2838 1271 2873 preffique
1286 2839 1350 2873 iugo
1363 2847 1487 2873 gemuere
1504 2837 1620 2865 iuuenci.
1693 2837 1789 2872 Virgil.
1804 2839 1869 2864 Aen.
1883 2844 1909 2871 7,
1923 2846 1959 2863 111
1987 2837 2018 2863 Et
2031 2837 2141 2864 Cereale
2155 2838 2197 2864 so-

1143 2875 1199 2901 lum
1215 2875 1302 2910 pomis
1321 2874 1466 2910 agrestibus
1486 2880 1597 2909 augent,
1623 2876 1641 2900 i.
1660 2876 1688 2900 in
1704 2874 1774 2900 orbes
1781 2876 1860 2909 panis
1875 2875 2007 2908 imponunt
2019 2880 2096 2907 poma
2113 2872 2197 2907 coita,

1143 2920 1205 2947 quos
1218 2911 1304 2937 deinde
1318 2912 1384 2948 ipsos
1396 2919 1488 2947 quoque
1502 2911 1585 2937 edant.
1640 2910 1711 2936 Sulci
1724 2909 1847 2936 Cereales
1869 2909 1950 2935 Ouid.
1960 2908 2046 2935 Trist.
2061 2917 2083 2940 3,
2097 2916 2135 2942 12,
2144 2917 2176 2936 11.

1178 2953 1195 2974 c
1203 2954 1220 2973 E
1228 2954 1248 2973 R
1257 2948 1271 2973 ι·
1283 2954 1304 2973 Τ
1315 2955 1336 2974 ν
1346 2955 1359 2974 s
1368 2967 1377 2980 ,
1398 2948 1438 2973 vel
1458 2953 1475 2974 c
1483 2953 1499 2973 ε
1508 2953 1528 2973 R
1537 2952 1556 2973 R
1565 2954 1575 2973 1
1584 2953 1606 2973 T
1615 2953 1636 2973 v
1645 2952 1658 2972 s
1671 2948 1772 2981 potius,
1795 2943 1862 2980 quast
1877 2943 2021 2970 Cereritus.
2053 2943 2068 2977 [
2075 2941 2196 2981 δημητρί-

1142 2985 1247 3015 ληπτος,
1265 2983 1453 3018 νυμφόληπτος,
1475 2982 1652 3018 παρεμμανῆς,
1673 2981 1899 3017 παρεμφοὶρακτος,
1922 2988 1982 3015 quae
2001 2982 2084 3006 omnia
2090 2980 2155 3016 sunt
2165 2984 2195 3007 in

1142 3020 1202 3046 Vet.
1216 3018 1317 3053 Gloffi]
1353 3019 1445 3050 Festo,
1463 3019 1600 3045 Furiosus.
1644 3018 1717 3044 Non.
1734 3025 1759 3048 1,
1779 3024 1822 3048 2¹3
1840 3015 1941 3042 cerriti
1954 3019 1980 3041 et
1991 3014 2105 3048 laruati,
2125 3016 2195 3043 male

1143 3055 1214 3088 sani,
1239 3062 1266 3081 et
1283 3060 1330 3082 aut
1344 3055 1450 3082 Cereris
1471 3055 1528 3088 ira,
1553 3061 1599 3081 aut
1622 3053 1757 3079 laruarum
1781 3050 1961 3077 incursatione
1981 3050 2072 3077 animo
2094 3053 2194 3079 vexati.

1143 3093 1236 3126 Nempe
1255 3098 1285 3117 vt
1303 3094 1330 3117 in
1345 3091 1431 3127 sacris
1444 3091 1570 3127 Phrygiae
1589 3092 1695 3120 matris,
1712 3087 1738 3124 s
1756 3087 1871 3121 Cybeles,
1883 3086 1924 3120 stc
1941 3088 1969 3112 in
1989 3086 2087 3113 Cereris
2103 3096 2196 3124 quoque

1141 3130 1299 3154 caerimoniis
1327 3130 1429 3154 anatico
1436 3126 1530 3163 furore
1545 3127 1655 3160 correpti
1667 3123 1792 3150 interdum
1799 3124 1917 3149 homines.
1971 3122 2083 3149 Seru-ad
2090 3125 2156 3150 Aen.
2166 3132 2196 3159 7,

1140 3170 1190 3197 377
1217 3127 1379 3198 Lympbfata,
1399 3163 1513 3198 percussa
1530 3162 1622 3188 furore
1639 3159 1836 3193 Lympharum,
1857 3157 1921 3198 sicut
1933 3157 2046 3185 cerritos
2065 3167 2080 3185 a
2094 3160 2194 3187 Cerere

1141 3197 1264 3226 dicimus.
1338 3198 1420 3225 Plaut.
1435 3197 1530 3233 Amph.
1544 3205 1570 3230 2,
1584 3205 1610 3229 2,
1625 3204 1675 3229 144
1702 3195 1808 3228 Qiaeso
1823 3201 1890 3228 quin
1905 3199 1935 3219 tu
1949 3193 2032 3220 istanc
2046 3194 2122 3222 iubes
2141 3205 2193 3231 pro

1141 3235 1224 3262 cerita
1236 3234 1417 3262 circumferri.
1453 3241 1517 3261 ΑΜ.
1544 3231 1639 3267 edepol
1654 3231 1720 3266 quin
1735 3229 1807 3257 fabio
1822 3229 1859 3255 est
1873 3237 1954 3264 opus:
1980 3239 2041 3256 nam
2055 3230 2118 3258 haec
2132 3233 2194 3267 qui-

1142 3270 1202 3297 dem
1215 3270 1309 3306 edepol
1325 3270 1461 3298 laruarum
1473 3269 1549 3304 plena
1563 3268 1608 3295 est.
1664 3267 1737 3293 Idem
1750 3267 1821 3293 Men.
1835 3272 1859 3298 ς,
1871 3274 1900 3299 4,
1912 3273 1929 3292 2
1949 3265 2079 3293 Laruatus
2094 3267 2129 3294 est
2144 3268 2193 3295 ille

1141 3312 1186 3333 aut
1200 3307 1306 3334 teritus.
1378 3308 1411 3334 Et
1424 3306 1492 3333 Rud.
1506 3313 1535 3338 4,
1548 3313 1570 3337 3,·
1584 3306 1620 3339 67
1640 3302 1808 3330 Elleborosus
1826 3301 1893 3327 sum.
1931 3307 1958 3329 c.
1973 3309 2000 3328 at
2008 3311 2059 3337 ego
2071 3304 2192 3330 cerritus.

1141 3343 1236 3370 Horat.
1248 3343 1331 3370 Serm.
1345 3351 1372 3376 2,
1381 3351 1404 3375 3,
1412 3346 1461 3376 278
1480 3341 1602 3368 Cerritus
1622 3339 1694 3365 fuit?
1725 3345 1758 3364 an
1780 3342 1930 3363 commotae
1949 3338 2063 3365 crimine
2084 3339 2192 3372 mentis,

1140 3385 1186 3404 etc.
1257 3378 1364 3406 Sueton.
1375 3379 1443 3412 Aug.
1456 3386 1477 3403 c.
1492 3382 1525 3411 87
1543 3385 1592 3411 pro
1600 3374 1707 3402 Cei-rito
1721 3373 1891 3400 vacerrosum
1908 3372 1988 3400 dicere
1994 3374 2092 3409 solebat
2105 3377 2146 3401 Au
2180 3388 2192 3396 ·

1132 3412 1202 3448 stus.
1273 3414 1455 3441 Sammonicus
1473 3421 1499 3439 v.
1511 3420 1548 3447 97
1571 3411 1693 3438 Cei-itum
1705 3409 1780 3444 saepe
1792 3408 1922 3436 horrendi
1939 3410 2105 3436 medicantur
2124 3418 2141 3435 ο
2160 3418 2190 3436 o·-

1229 3450 1303 3486 and
1321 3451 1378 3478 Cic.
1394 3451 1449 3476 Att.
1463 3453 1492 3481 8,
1506 3455 1520 3481 5
1544 3447 1688 3484 fiaspicarus
1707 3443 1741 3478 est
1761 3444 1846 3479 Bqfius
1865 3445 1991 3472 cerritior
2005 3452 2055 3481 pro
2073 3445 2190 3478 certior,

1140 3492 1164 3513 et
1175 3489 1268 3522 recepit
1279 3487 1428 3513 Lambinur:
1446 3484 1517 3520 finis
1547 3492 1625 3510 rmum
1638 3491 1687 3508 non
1700 3478 1742 3514 est.
1789 3482 1897 3508 Gronou.
1908 3483 2074 3517 Graeuiusque
2081 3480 2189 3516 seruant

1139 3522 1254 3554 certior,
1272 3522 1338 3558 quod
1354 3520 1503 3548 commodum
1515 3518 1616 3556 senswn
1637 3516 1717 3544 habet.
1752 3515 1801 3544 Sed
1810 3515 1838 3551 fi
1855 3516 1925 3543 dedit
1939 3517 2035 3544 Cicero
2053 3515 2189 3549 cerritior,

1139 3557 1203 3584 idem
1214 3555 1262 3591 est,
1282 3556 1348 3594 quod
1359 3554 1493 3593 furiqfior.

1175 3599 1216 3620 CE
1225 3600 1244 3620 R
1252 3600 1269 3620 E
1278 3601 1298 3621 R
1306 3601 1326 3621 ο
1335 3601 1348 3620 s
1357 3599 1378 3619 V
1387 3599 1400 3619 s
1408 3611 1418 3625 ,
1435 3600 1461 3624 a,
1477 3599 1531 3617 urn.
1570 3587 1684 3633 lusimus.
1720 3587 1940 3624 Δημητρᾶληπτος,
1952 3587 2012 3615 Ver.
2019 3586 2098 3612 Gloss‘.
2125 3586 2186 3614 Vid.

1092 3639 1126 3666 95
1138 3638 1194 3656 mox
1213 3635 1398 3657 cmxvrvs.

1177 3671 1194 3692 c
1203 3672 1220 3692 E
1227 3672 1247 3693 R
1255 3672 1272 3692 E
1281 3672 1303 3691 T
1313 3666 1336 3692 Ᾱ
1343 3672 1363 3692 N
1374 3672 1394 3691 1.
1429 3658 1590 3698 Keffginroevot]
1628 3660 1718 3700 Populi
1731 3658 1870 3695 Hispaniae
1882 3656 1930 3694 sub
1950 3658 2100 3692 Pyrenaeis,
2119 3656 2188 3693 apud

1140 3696 1604 3772 szz’fssszzzs1323?margats-¹:22.
1613 3693 2084 3766 3:⁹32ssss³¹Tnts³s2²2⁴0p33222ff¹32s³355523
2095 3700 2188 3756 ¹²⁰¹&

1141 3771 1201 3800 Ital.
1213 3781 1237 3806 3,
1251 3780 1299 3813 357
1326 3771 1383 3813 Nec
1395 3767 1521 3809 Ceretani
1539 3766 1673 3802 quondam
1687 3765 1831 3793 Tirinthia
1850 3764 1949 3804 castra,
1993 3763 2188 3826 δςνίῗξφὲειῖαρρ

1181 3853 1198 3871 2
1233 3804 1598 3877 c....2l.⁷·.¹j'‘sff'¹}{'i..³1’.?;n1‚
1609 3802 2047 3874 ³52.⁶v¹{505132131¹.ffi2'202322
2063 3807 2185 3877 ..2203ss

1138 3880 1206 3907 tanis
1223 3886 1246 3907 et
1255 3880 1338 3906 Caere
1355 3877 1481 3903 deriuanr.
1517 3874 1564 3902 Sed
1575 3874 1642 3902 nihil
1651 3873 1680 3901 bi
1690 3872 1724 3900 ad
1732 3881 1783 3899 rem
1794 3867 1910 3902 nostram.
1942 3870 2028 3905 Neque
2041 3879 2104 3896 emm
2117 3877 2183 3897 anei-

1137 3917 1209 3953 quior
1219 3921 1292 3942 notus
1305 3911 1393 3940 auflor
1406 3911 1487 3953 Caelio
1503 3917 1543 3943 11,
1559 3915 1582 3940 8.
1672 3932 1685 3945 ‚

1174 3954 1413 3980 crnevmm,
1447 3945 1500 3972 md.
1522 3949 1725 3972 cERv1S1A.
1759 3975 1766 3982 ι
1807 3975 1813 3981 .
2089 3973 2095 3979 .
2161 3971 2170 3977 .

1446 3981 1475 4053 ⁵[
1481 3982 1573 4046 ἓὴριοὲ]
1609 3981 1698 4009 Genus
1711 3983 1844 4014 potionis,
1866 3982 1921 4011 quo
1935 3980 2045 4005 vtunmr
2059 3973 2180 4034 Ηῦᾒῖζ.
