2474 4182
279 148 346 185 223
701 134 738 173 A
794 130 834 169 G
887 129 923 167 o
1772 138 1823 175 Ἀ
1877 134 1916 174 G
1971 135 2006 175 o
2346 120 2416 193 '224

280 234 346 260 quae
360 233 391 251 cx
407 224 495 250 delict
550 230 552 237 ’
586 215 887 250 Furiioblaticompetit
899 218 1033 251 ei,cuires
1040 219 1141 246 furtiua
1150 218 1238 245 oblata
1247 218 1291 251 est,
1300 223 1329 245 vt
1384 219 1490 254 pac‘him
1498 216 1538 254 sit,
1546 223 1658 257 postulat
1674 223 1691 250 l.
1702 223 1769 262 13.§.
1779 232 1815 260 17.
1825 225 1856 252 D.
1865 225 1904 251 De
1912 224 1993 251 aetio.
2002 230 2082 260 empt.
2155 206 2417 300 Vibonoi-umrrffi
2440 235 2444 271 ,ι

2407 272 2419 290 '¹
2438 274 2446 302 «l

281 260 350 296 apud
366 270 426 287 euni
440 261 537 295 potius,
551 268 629 293 quani
639 265 709 296 eum,
725 253 772 293 qui
780 252 895 293 obt-ulit,
914 256 1098 290 conciperetur
1145 253 1160 281 ’.
1176 264 1193 287 4
1215 254 1273 280 lust.
1296 255 1328 281 de
1386 265 1445 282 rum
1460 255 1512 288 est,
1532 267 1578 292 per
1589 268 1684 294 quam,
1701 261 1734 286 ab
1749 269 1791 293 eo,
1801 261 1848 296 qui
1862 271 1919 287 rem
1932 261 2031 295 eripuit
2059 262 2233 298 quadruplum
2247 264 2316 290 intra
2329 273 2342 291 a

281 297 365 331 oblig.
380 306 445 331 quac
456 306 486 322 ex
500 295 590 322 delict.
652 293 678 331 Ἰ*
686 296 739 316 um
753 287 886 323 prohibiti
900 290 1023 318 aduersus
1037 301 1097 318 eum
1112 295 1134 317 es
1150 311 1157 323 ,
1167 291 1213 325 qui
1227 291 1329 317 furtum
1386 292 1519 326 exigitur,
1534 293 1563 319 in
1577 303 1631 328 quo
1643 295 1766 330 simplum
1779 296 1858 323 inest:
1882 297 1938 331 post
1953 282 2051 323 annun'i
2083 297 2201 332 simplum
2216 299 2338 326 duntaxat
2357 301 2369 328 Ι
2386 296 2388 302 ³
2402 297 2410 306 ‘
2439 297 2443 316 '-
2472 292 2474 300 ⁴

282 342 408 368 quaerere
417 332 524 358 testibus
533 326 710 366 praesentibus
719 326 863 366 volentem,
873 325 1044 360 prohibuerit
1064 326 1086 364 6,
1097 336 1114 359 4
1136 327 1196 353 lnst.
1207 326 1238 352 de
1245 326 1328 362 oblig.
1386 328 1446 354 inst.
1455 328 1483 354 vi
1492 327 1553 354 bon.
1563 336 1629 364 rapt.
1638 331 1665 357 in
1679 332 1763 366 princ.
1845 333 1966 359 Aetionis
1981 317 2068 359 nometi
2078 333 2151 368 sirpe
2166 337 2192 359 in
2205 337 2258 361 iure
2271 320 2368 368 dejicies
2439 319 2442 339 i
2472 308 2474 338 i

282 378 349 404 quae
363 378 393 395 ex
407 366 495 394 defiet,
529 401 532 405 ⁵
575 365 666 403 Furti,
688 370 754 395 ope,
769 361 933 398 consilioque
946 363 1154 395 faeti,aduersus
1168 371 1229 388 euin
1244 362 1330 395 datur,
1351 376 1364 403 ς
1388 366 1480 390 Graeco
1500 364 1597 390 dicendi·
1619 367 1703 399 modo,
1727 375 1757 394 vt
1779 368 1860 395 titulo
1881 370 1919 395 De
1941 369 2038 395 tutelae
2078 374 2102 394 et
2123 369 2218 397 ration.
2239 369 2369 398 distrahen
2384 359 2418 400 is,
2439 346 2443 390 i

281 407 355 432 cuius
375 413 424 439 ope
445 401 615 439 consilioque*
629 402 730 424 turtum
750 397 848 438 saCt'um
863 400 899 424 est
918 397 941 436 §.
958 408 974 432 9
995 399 1055 425 lust.
1071 399 1102 425 de
1115 398 1198 433 oblig.
1214 407 1280 433 quae
1299 407 1331 425 ex
1387 402 1450 427 Iti-m
1470 399 1502 425 dc
1520 409 1604 434 aqua,
1625 408 1651 428 et
1669 412 1752 438 aquae
1772 404 1880 438 pluuiae
1898 405 2025 431 arcendae
2047 390 2125 431 ²Item
2147 405 2263 439 Depofiti
2297 394 2417 436 mandati,
2439 394 2441 402 Ι

283 441 370 467 dclii-t.
468 435 646 476 Hereditatis„
665 433 700 460 est
715 439 785 460 actio
799 443 827 460 in
840 443 915 466 rem,
932 444 998 469 quae
1015 437 1044 461 in
1061 435 1138 467 illos,
1160 435 1208 470 qui
1226 435 1267 462 iun
1282 444 1331 469 pro
1386 444 1412 462 et
1425 436 1530 468 similia,
1549 439 1575 461 in
1596 437 1683 472 quibus
1697 439 1811 466 Aetione
1832 441 1969 467 addendum
1988 426 2042 474 est.⁷
2071 440 2216 477 ls't'il.pliira
2228 425 2294 476 iipu'd
2303 444 2355 468 Am
2368 429 2419 472 -Aui
2438 431 2440 434 Ι

283 477 394 506 herede,
414 474 454 499 rel
476 481 524 506 pro
543 471 678 505 possessore
700 469 815 502 habent,
836 471 879 496 vel
900 480 957 497 rem
977 470 1182 502 hereditariam,
1201 470 1262 497 licet
1281 471 1335 497 mi,
1387 470 1450 509 gast.
1466 471 1564 498 Emencl.
1581 481 1606 504 2,
1620 481 1639 498 1.
1677 475 1729 501 Iam
1737 477 1923 512 persequamur,
1931 484 1959 503 vt
1973 476 2068 503 dmum
2082 474 2125 508 cli,
2134 475 2263 512 formulas
2275 475 2304 503 de
2317 462 2419 508 Ae'iiorie
2437 486 2440 491 ⁴

281 513 390 541 nimam,
400 506 689 547 possident,intenditur
707 506 724 532 l.
740 507 798 546 9D.
814 506 846 532 de
861 507 935 546 petit.
950 506 1041 533 hered.
1126 506 1331 541 Hypothecaria‚
1387 508 1432 534 illa
1456 508 1571 534 iudiciali
1593 509 1710 544 reliquas.
1766 513 1851 548 Igitur
1873 513 1930 539 Cic.
1954 522 2003 547 pro
2024 514 2130 539 Muren.
2149 520 2166 545 9
2194 511 2286 538 Gloria
2307 511 2419 543 militaris
2438 523 2439 526 ¹

281 556 348 582 quac
367 553 390 584 et
413 544 482 578 quasi
505 544 647 575 Seruiana,
667 549 692 568 et
711 542 785 582 vtilis
806 542 947 575 Seruiana,
968 542 1102 569 interdum
1115 543 1239 569 Seruiana
1253 549 1278 569 et
1293 544 1330 577 pi-
1345 547 1373 566 10
1388 544 1480 571 vestris
1495 544 1620 570 formulis
1632 550 1712 579 atque
1724 546 1874 574 actionibus
1887 548 2071 583 anteponenda
2084 547 2128 574 est.
2174 546 2253 573 Aetio
2269 547 2303 573 est
2318 549 2345 575 in
2357 544 2419 578 affo-
2438 533 2439 547 i

281 581 420 620 gneratum
443 579 624 620 uocatuiffipest
646 579 715 619 actio
736 587 763 604 ιιι
784 587 857 610 rem,
880 588 925 612 per
946 587 1026 613 quam
1047 578 1209 611 creditores,
1234 579 1331 613 quibus
1387 589 1444 607 rem
1460 581 1623 614 praesentem
1637 579 1678 606 his
1690 581 1790 615 verbis,
1812 584 2037 618 Quandoquidem
2052 590 2077 610 te
2092 584 2120 610 in
2134 583 2193 609 iure
2207 583 2347 617 conspicio.
2368 586 2420 624 ῌρε
2439 595 2449 608 o

279 627 319 644 res
340 618 430 651 aliqua
450 615 599 641 immobilis
620 620 791 649 oppignerata
810 614 861 645 est,
881 624 936 640 rem
957 615 1047 647 illam,
1068 614 1085 640 si
1098 614 1169 641 forte
1183 615 1211 641 in
1224 616 1332 642 alterius
1387 616 1493 642 aflione
1509 616 1607 650 Appius
1623 615 1668 643 ille
1682 625 1772 644 caecus
1786 620 1826 645 vti
1841 629 1894 646 non
1909 621 1988 654 posset
2025 620 2043 646 fi
2062 627 2116 646 tam
2132 627 2194 645 vere
2212 618 2332 646 homines
2347 621 2419 652 valia
2431 634 2440 643 ··

279 653 455 688 possessionem
469 652 604 683 inciderit,
613 651 661 677 sibi
685 649 821 676 vindicant
841 649 864 687 6.
881 658 898 685 7
918 650 978 676 Inst.
992 651 1024 676 de
1045 651 1142 678 action.
1219 652 1332 677 Iniuria·
1388 651 1603 678 consec‘hirentur
1617 659 1662 678 etc.
1699 653 1755 679 Cic.
1769 663 1818 688 pro
1829 656 1934 682 Caecin.
1948 665 1980 689 34
1997 641 2075 688 ’c.19.
2110 654 2185 681 Idem
2200 656 2294 681 Verm
2315 660 2338 685 18
2357 651 2418 686 Nih
2437 667 2439 681 ι

280 698 339 715 ι·ιιιιι
360 689 429 729 actio
449 697 503 728 non
520 688 560 714 ius
583 686 738 726 possessionis
758 687 919 720 assequitur,
937 687 979 713 sed
994 686 1116 713 dolorem
1129 687 1288 714 imminutae
1303 687 1333 713 li·
1388 688 1493 714 ciuibus
1507 697 1588 722 quum
1610 688 1668 714 sunt
1686 696 1791 723 ereptae
1809 692 1950 724 pecuniae,
1969 691 2045 718 ciuili
2064 691 2121 717 fere
2140 690 2262 722 aeiione,
2284 674 2309 717 e't
2328 691 2434 726 priuato·

280 725 389 764 bertatis
405 724 507 750 iudicio
524 732 660 758 poenaque
676 728 789 756 mitigat.
865 724 932 748 Haec
953 723 1009 749 Cic.
1030 732 1078 757 pro
1097 723 1203 749 Caecin.
1219 732 1245 756 35
1259 733 1280 749 c.
1297 732 1332 749 iz.
1348 727 1372 753 15
1389 724 1448 749 iure
1464 730 1628 758 repetuntur.
1665 725 1802 759 Competit
1816 726 1886 753 ae'tio
1900 728 1928 753 in
1941 737 2003 753 eum
2017 726 2149 761 Qiinffil.
2165 735 2187 758 3,
2203 728 2229 758 6,
2243 735 2275 752 11.
2311 727 2366 755 Cia.
2401 712 2440 760 3*

280 761 430 793 institoria,
452 760 488 786 est
503 761 573 786 actio
588 761 615 785 in
630 760 785 798 personam,
805 767 851 798 per
865 767 944 798 quam
954 779 961 790 ‚
981 759 1029 793 qui
1045 759 1174 785 institoris
1188 768 1268 793 opera
1282 759 1333 784 vti·
1390 762 1417 790 6,
1431 768 1438 785 1
1461 759 1518 785 Nec
1533 769 1598 785 vero
1617 761 1693 794 pauci
1712 761 1771 787 sunt
1789 761 1925 795 auc'iores,
1944 764 1991 790 Cn.
2005 763 2128 789 Flauium
2142 761 2260 788 Scribam
2281 761 2406 789 fastor«.

279 803 337 823 tur.
358 800 376 824 i.
391 807 408 823 r.
426 797 551 831 Eius,qui
565 796 744 830 quaestuariae
758 795 935 828 negotiationi
951 796 1085 829 profectus
1107 795 1159 827 cst,
1179 804 1211 820 ex
1232 800 1335 820 contra·
1388 795 1490 827 tulisse,
1511 795 1682 830 ‹ac-”tionesque
1702 798 1889 831 composuisse,
1911 802 1929 825 i.
1939 799 2076 835 formulas.
2120 798 2268 832 Concipere
2436 790 2438 798 ¹

280 833 366 859 ctibus
379 842 438 859 cum
453 841 485 858 eo
499 832 584 864 sactis,
593 838 696 857 tenetur
718 830 735 855 l.
751 839 760 856 i
774 837 799 855 et
816 837 863 856 tot.
881 831 922 856 tit.
937 831 969 856 D.
985 831 1017 856 de
1032 831 1115 856 instit.
1129 831 1208 856 actio.
1293 831 1334 855 lu-
1389 830 1463 856 Idem
1475 830 1588 865 Philipp.
1603 840 1630 864 9,
1646 841 1665 858 ιι
1688 833 1784 868 Neque
1798 833 1956 861 constituere
1970 834 2060 861 litium
2076 833 2194 860 a&iones
2207 818 2320 860 malebat

280 869 425 901 ternecini‚
444 869 476 894 de
491 877 543 902 qua
558 869 586 893 in
599 867 615 893 l.
631 867 684 900 Qii
700 866 742 892 vel
758 866 925 892 internecini.
947 868 976 893 C.
991 866 1022 892 de
1036 867 1144 892 accusat.
1168 865 1260 891 Isidor.
1276 866 1335 896 Ety-
1390 867 1583 893 controuersias
1603 867 1706 895 tollere.
1734 870 1762 895 ilc
1783 870 1889 905 Sulpitio
1906 871 2025 905 quuitur.
2076 869 2183 896 Dic‘tare
2222 868 2275 895 vid.
2290 853 2335 896 in,

280 906 380 939 molog.
396 913 425 937 ς,
443 907 475 930 26
497 903 659 930 internecini
674 902 850 933 (interneciei
864 902 899 927 sd.
914 903 970 937 HJJ]
987 909 1049 936 1499
1059 902 1111 937 fol.
1126 909 1149 926 ct
1158 901 1250 932 Goth.)
1265 900 1333 926 iudi·
1348 913 1379 930 20
1391 902 1447 927 Cic.
1464 903 1539 928 Verr.
1553 911 1578 935 2,
1594 905 1628 929 60
1648 912 1670 930 c.
1685 906 1713 937 23
1738 905 1885 932 Admonitu
1900 905 1974 932 istius
1990 906 2141 932 insimulare
2155 889 2312 940 cosperunt,
2330 905 2349 938 Ε

280 942 352 968 cium
372 942 399 967 in
427 949 488 966 cum
512 940 637 971 dabatur,
651 939 699 973 qui
715 938 808 964 salsum
823 938 1006 964 testamentum
1021 939 1135 969 fecerat,
1154 943 1179 962 et
1194 936 1230 962 ob
1245 937 1273 962 id
1287 936 1333 962 ho-
1389 944 1442 963 tem
1457 937 1547 964 literas
1560 938 1676 972 publicas
1691 942 1843 976 corrupisse.
1867 956 1912 960 ——
1932 942 2064 968 Asseuerat
2074 942 2161 968 secius
2170 942 2210 967 rei
2219 941 2339 976 inprimis

280 979 380 1004 minem
393 976 534 1003 occiderat.
608 975 793 1000 Accusatorem
814 974 870 999 eim
884 974 1018 999 bonorum
1034 972 1148 1007 possessio
1165 971 1332 1007 sequebatur.
1389 982 1450 999 nem
1473 974 1521 1000 esse
1542 975 1672 1001 Daturum
1702 991 1754 997 ·—
1794 979 1824 1003 Et
1845 979 1879 1003 66
1901 987 1923 1004 c.
1940 985 1973 1012 27
2001 977 2142 1003 Aftionem
2161 977 2218 1003 cius
2236 977 2276 1003 rei
2295 977 2330 1004 Po

280 1015 336 1041 Sex.
351 1014 432 1039 ctiam
445 1012 585 1047 Pompeius
605 1010 817 1041 internecininn,
836 1012 935 1044 inquit,
955 1009 1139 1034 testamentum
1154 1009 1205 1041 est,
1225 1015 1334 1042 propter
1390 1009 1482 1036 Edixit
1497 1010 1548 1036 sese
1562 1010 1693 1038 iudicium
1706 1011 1869 1039 iniuriarum
1884 1023 1938 1039 non
1954 1014 2088 1045 daturum,
2102 1013 2231 1048 quicquid
2245 1012 2277 1039 ab
2293 1021 2325 1039 eo

280 1050 352 1085 quod
367 1049 490 1076 dominus
498 1049 667 1084 eiusnecatus
676 1045 720 1070 est.
757 1045 955 1070 interneciuum
971 1045 1033 1070 libri
1046 1044 1155 1080 qnidam.
1232 1045 1334 1075 Locati,
1390 1051 1449 1078 tur,
1468 1045 1585 1072 iudicem
1607 1046 1638 1073 de
1655 1048 1699 1073 sua
1719 1048 1830 1075 cohorte
1849 1049 1990 1081 daturum,
2012 1049 2058 1084 ipsi
2079 1056 2166 1075 autem
2186 1048 2286 1075 nullius
2303 1048 2344 1075 a&

280 1088 334 1112 siue
350 1086 385 1111 Ex
400 1085 500 1115 locato,
522 1083 557 1108 est
573 1082 643 1108 actio
658 1089 686 1120 in
701 1080 836 1120 personam
846 1100 859 1120 ,·
873 1089 919 1114 per
933 1089 1030 1114 quam,
1049 1081 1097 1115 qui
1117 1080 1272 1115 quempiam
1292 1080 1334 1106 vel
1349 1093 1376 1118 25
1390 1082 1430 1108 rei
1445 1082 1498 1108 sese
1514 1082 1652 1108 Daturum.
1691 1083 1746 1110 Cic.
1756 1084 1787 1110 de
1796 1086 1899 1111 Inuent.
1909 1094 1934 1118 2,
1947 1093 1975 1120 ¹7
1996 1095 2016 1111 c.
2034 1093 2060 1117 19
2080 1085 2222 1111 Praetoriis
2238 1085 2338 1120 excepti

280 1123 309 1148 in
331 1121 438 1156 praedio
457 1118 584 1146 colendo,
604 1116 645 1156 vel
667 1125 694 1141 ιιι
715 1124 796 1149 opere
809 1115 933 1142 taciendo
946 1117 1062 1148 locauit,
1082 1125 1127 1148 ea,
1149 1125 1215 1150 quae
1230 1116 1258 1142 in
1272 1125 1333 1142 con·
1391 1117 1491 1144 multae
1501 1117 1682 1145 Excluduntur
1693 1119 1819 1147 aetiones.
1856 1103 2117 1156 Excluderejiliquid
2131 1120 2243 1147 aetionis
2257 1120 2315 1148 iure

279 1157 408 1184 trahendo
422 1159 619 1184 conuenerunt,
635 1152 711 1178 illum
726 1160 757 1177 ex
771 1160 875 1186 aequo,
895 1158 921 1178 et
933 1151 1006 1178 bono
1021 1152 1150 1187 praestare
1171 1152 1259 1186 cogit,
1282 1152 1298 1179 l.
1319 1161 1335 1178 2.
1391 1162 1418 1188 7,
1435 1163 1454 1186 ι,
1469 1162 1493 1186 9.
1516 1157 1533 1180 ι’.
1550 1163 1654 1190 negare,
1672 1163 1698 1180 ca
1719 1155 1748 1181 de
1764 1165 1790 1182 re
1804 1157 1886 1192 ficum
1905 1160 1948 1193 agi
1964 1155 2039 1192 posti:
2095 1157 2218 1183 Exiniere
2231 1149 2362 1184 actionem
2400 1167 2401 1170 ¹

280 1200 306 1219 et
322 1201 357 1227 17.
374 1193 403 1217 C.
417 1191 494 1216 locat.
588 1188 709 1228 Mandati
729 1187 886 1228 direeffzues’t
906 1188 977 1214 ac‘tio
994 1189 1022 1214 in
1037 1189 1240 1222 personam,per
1256 1197 1335 1223 quam
1391 1190 1420 1215 in
1434 1190 1495 1217 Tit.
1509 1190 1546 1215 Ex
1561 1189 1635 1224 quib.
1651 1191 1718 1216 caus.
1734 1200 1829 1218 maior.
1885 1193 1940 1219 Cic.
1958 1194 1989 1219 de
2003 1193 2077 1219 Orat.
2095 1201 2121 1223 ι,
2140 1194 2183 1222 186
2209 1186 2335 1227 Expositis
2357 1205 2360 1214 τ
2381 1198 2402 1208 ⁸

279 1229 327 1263 qui
341 1227 420 1254 alicui
435 1225 587 1252 mandatum
602 1225 690 1255 dedit,
709 1230 803 1258 quanti
819 1225 863 1250 sua
879 1223 1002 1257 interest,
1023 1224 1059 1250 ob
1075 1224 1103 1250 id
1118 1224 1190 1259 quod
1210 1224 1278 1251 alter
1292 1224 1334 1250 vel
1391 1225 1487 1251 Flauio
1503 1226 1619 1260 primum
1634 1225 1801 1260 actionibus,
1821 1228 1889 1254 nulli
1900 1221 2028 1261 suerunt,
2050 1229 2097 1263 qui
2117 1228 2162 1255 illa
2181 1228 2322 1255 artificiose
2340 1227 2356 1256 d
2409 1243 2414 1251 e
2452 1247 2454 1254 .

278 1274 334 1291 non
349 1263 479 1294 confecit,
500 1261 542 1288 vel
558 1270 612 1287 non
627 1260 782 1294 tempestiue
796 1261 981 1300 renuncianit,
1013 1260 1046 1286 ab
1069 1261 1126 1294 ipso
1146 1259 1260 1294 postulat
1286 1259 1303 1285 l.
1318 1268 1334 1286 2
1349 1273 1380 1297 30
1391 1262 1539 1296 generatim
1552 1269 1759 1296 componerent,
1780 1266 1798 1289 i.
1812 1264 1868 1290 illas
1882 1265 1950 1300 ipsas
1961 1264 2092 1300 formulas
2105 1268 2130 1290 i'n
2143 1271 2221 1290 artem
2239 1270 2262 1290 et
2274 1261 2357 1298 claffii
2372 1257 2379 1283 Ϊ
2395 1269 2415 1292 ‘w
2435 1257 2439 1265 ’

279 1299 303 1338 6.
320 1308 351 1326 ιι.
366 1307 391 1325 et
406 1299 421 1325 1.
438 1306 471 1332 27
485 1296 507 1334 6.
523 1306 538 1324 z
552 1298 584 1323 D.
600 1296 716 1336 Mandat.
754 1297 897 1322 Contraria
916 1303 1004 1322 autem
1026 1295 1078 1328 est,
1100 1305 1147 1330 per
1165 1303 1263 1330 quam,
1286 1296 1334 1330 qui
1390 1307 1481 1334 gener-iz
1499 1297 1547 1334 suu
1571 1298 1720 1333 redigcrcnt.
1778 1299 1834 1326 Cic.
1857 1309 1905 1334 pro
1925 1301 2031 1327 Caecin.
2050 1309 2083 1334 34
2108 1310 2130 1327 c.
2152 1309 2178 1327 12
2199 1300 2226 1327 Si
2241 1299 2288 1335 qui
2304 1309 2331 1327 m
2389 1292 2392 1295 ι

279 1336 388 1363 alterius
402 1334 554 1360 mandatum
566 1334 694 1367 suscepit,
716 1331 787 1366 quod
801 1332 829 1357 in
843 1340 875 1357 eo
889 1332 1055 1358 conficiendo
1072 1332 1103 1358 de
1125 1332 1172 1357 suo
1194 1331 1335 1366 impendit,
1390 1334 1472 1359 domo
1486 1342 1544 1359 mea
1559 1334 1699 1368 coegissent
1720 1335 1816 1368 armis,
1837 1334 1962 1362 haberem
1981 1336 2114 1363 aCtionem
2131 1347 2136 1362 ς
2157 1335 2175 1362 si
2189 1335 2237 1370 qui
2249 1336 2332 1363 introi

279 1372 312 1398 ab
328 1372 411 1398 altero
426 1370 554 1405 postulat,
575 1375 622 1395 tot.
639 1370 679 1395 tit.
701 1367 877 1411 p·.M{¹s¹d'÷¹‘l³
891 1368 932 1393 vel
947 1374 1056 1408 comta.-
1122 1368 1271 1409 Negatqria
1290 1367 1336 1400 est,
1390 1369 1550 1402 hibuiffem,
1574 1379 1628 1395 non
1645 1369 1772 1396 haberem
1786 1372 1795 1397 3
1830 1372 1932 1398 Inferrc
1949 1372 2084 1399 aditionem
2099 1382 2158 1399 cum
2173 1372 2282 1407 aliquo,
2306 1375 2334 1398 vi

279 1417 326 1443 per
340 1417 420 1442 quam
435 1406 509 1447 actor
521 1412 598 1439 negat
612 1404 762 1431 aduersario
779 1403 806 1429 id
819 1404 900 1430 licere
910 1424 917 1436 ,
939 1403 1012 1438 quod
1030 1402 1141 1444 nisi-sibi
1163 1404 1276 1430 seruitus
1291 1404 1335 1430 de·
1389 1405 1448 1432 Cic.
1462 1414 1512 1440 pro
1519 1406 1623 1431 Muren.
1633 1414 1665 1432 22
1684 1406 1733 1432 Tu
1746 1406 1879 1433 actionem
1894 1407 2019 1439 Iustinus,
2033 1408 2079 1434 ille
2093 1409 2177 1435 aciem
2190 1408 2307 1441 instruit,
2318 1400 2344 1434 in

279 1445 388 1471 berctur
403 1454 409 1473 ς
432 1452 458 1469 ei
472 1442 563 1468 liceret
581 1443 648 1475 Imp.
664 1438 687 1477 §.
704 1449 719 1466 2
734 1440 794 1466 Inst.
810 1439 842 1466 de
858 1439 908 1466 aa.
992 1440 1174 1474 Negotiorum
1189 1439 1334 1474 gestorum,
1347 1448 1376 1474 35
1391 1442 1448 1468 Cic.
1462 1450 1512 1476 pro
1526 1441 1621 1467 Milon.
1635 1450 1667 1476 37
1688 1451 1708 1468 c.
1725 1451 1755 1475 14
1776 1443 1853 1469 Diem
1867 1443 1952 1476 mihi,
1966 1444 2063 1476 credo,
2077 1444 2205 1476 dixerat,
2217 1443 2326 1471 multam

279 1480 316 1506 est
336 1479 407 1506 ac‘tio
428 1479 456 1505 in
476 1479 632 1512 personam,
654 1485 706 1510 qua
727 1476 774 1510 qui
796 1475 904 1501 alterius
924 1475 1062 1509 negotium
1076 1475 1128 1501 fine
1144 1476 1284 1508 mandam,
1304 1485 1333 1502 ac
1389 1483 1447 1510 rat,
1467 1476 1602 1503 affionem
1619 1477 1811 1512 perduellionis
1826 1479 1985 1506 Intendcrat.
2023 1480 2079 1506 Cic.
2095 1489 2144 1515 pro
2159 1481 2234 1507 Rosc.
2247 1480 2323 1507 Com.

279 1517 324 1543 sua
339 1517 429 1550 sponte
444 1513 531 1548 gessit,
549 1512 679 1547 quicquid
691 1520 724 1537 eo
743 1512 853 1538 nomine
873 1511 914 1537 illi
935 1512 976 1537 vel
1003 1511 1092 1543 abest,
1114 1512 1156 1537 vel
1176 1511 1335 1538 abfuturum
1391 1512 1424 1539 de
1442 1514 1486 1539 sua
1500 1520 1573 1548 parte
1589 1513 1703 1546 decidit,
1722 1514 1834 1550 reliquis
1848 1517 1980 1550 Integram
1994 1516 2134 1551 Relinquit
2147 1515 2288 1543 actionem.
2324 1516 2346 1543 C

280 1552 332 1584 est,
351 1560 365 1577 a
377 1551 489 1577 domino
501 1549 614 1583 repetit,
634 1547 798 1587 vicissimque
812 1547 854 1573 illi
869 1547 941 1587 ac'tus
956 1547 994 1573 sui
1009 1548 1142 1574 rationem
1155 1547 1286 1582 probare,
1309 1554 1336 1574 et
1391 1549 1498 1576 Caecin.
1514 1558 1561 1582 140
1583 1550 1673 1583 Qiare
1686 1556 1730 1576 aut
1745 1557 1819 1577 muta
1832 1551 1981 1585 actionem,
2001 1558 2046 1578 aut
2060 1552 2117 1578 noli
2134 1551 2202 1578 inihi
2216 1551 2311 1579 instare

279 1588 298 1614 si
323 1587 403 1622 quid,
423 1586 465 1612 vel
477 1594 544 1625 ’non
563 1591 601 1624 νε.
615 1590 767 1618 oportuerit
790 1584 909 1617 gesserit,
932 1584 973 1609 vel
991 1592 1022 1609 ex
1043 1583 1083 1609 his
1096 1584 1212 1618 negotiis
1226 1585 1335 1616 retinet,
1390 1594 1456 1612 cem.
1496 1585 1645 1618 Postulare,
1666 1585 1719 1612 vid.
1731 1586 1815 1621 paullo
1829 1594 1902 1620 avite,
1922 1588 1993 1614 Dare
2006 1587 2148 1615 actionem.
2186 1588 2243 1614 Cic.
2258 1587 2291 1614 de
2303 1587 2331 1614 F·

279 1623 409 1658 praestare
424 1628 529 1656 cogitur
556 1622 636 1660 Caius
651 1620 667 1645 1.
684 1620 748 1659 ².ss
762 1618 793 1645 de
809 1620 877 1654 Ncg.
892 1619 952 1653 gest.
1011 1655 1015 1659 ·
1041 1619 1209 1652 Noxalis,est
1222 1619 1293 1646 acho
1306 1620 1375 1657 in40
1390 1631 1412 1647 c.
1428 1629 1462 1653 29
1484 1622 1559 1654 Quae
1582 1630 1665 1656 quum
1686 1622 1757 1648 Zeno
1783 1622 1912 1650 didicisset
1932 1632 1947 1650 a
1966 1624 2078 1656 nostriS,
2104 1630 2133 1650 vt
2152 1623 2181 1650 in
2201 1616 2340 1650 ac'tio'nibu
2384 1630 2388 1631 ⁷
2410 1622 2411 1626 ¹
2430 1627 2431 1631 ’

280 1661 434 1694 personam,
454 1666 500 1692 pei·
514 1666 594 1692 quam
609 1665 647 1688 is,
668 1664 742 1681 cuius
757 1655 846 1681 seruus
865 1664 962 1681 noxam
983 1654 1100 1689 aliquam
1120 1656 1268 1688 commisit,
1290 1662 1336 1682 aut
1391 1657 1473 1683 scribi
1487 1657 1568 1690 solet,
1588 1657 1620 1683 de
1633 1666 1662 1683 re
1676 1657 1767 1684 'eadem
1783 1659 1881 1691 (fecit)
1900 1659 1954 1685 alio
1967 1660 2057 1686 modo.
2115 1659 2294 1695 Tranquillus
2307 1659 2329 1686 C

279 1696 335 1722 litis
348 1694 560 1721 aestimationem
573 1692 699 1723 sufferre,
720 1697 764 1717 aut
784 1691 870 1725 ipsum
892 1690 1030 1717 hominem
1049 1700 1134 1717 noxae
1150 1692 1248 1718 dedere
1264 1692 1335 1726 cogi·
1391 1693 1464 1720 Nam
1486 1701 1512 1719 et
1535 1694 1583 1725 iis,
1599 1693 1647 1727 qui
1661 1693 1730 1728 apud
1743 1695 1863 1728 priuatos
1890 1695 1990 1722 iudices
2011 1695 2069 1730 plus
2095 1695 2210 1730 petendo
2230 1695 2380 1722 formula·-

280 1738 324 1758 tur
344 1732 409 1765 Imp.
423 1731 464 1756 tit.
481 1729 513 1755 de
527 1737 605 1754 noxa.
616 1727 701 1768 bacho.
712 1726 771 1767 inst.
852 1727 965 1753 Noxalis
980 1726 1011 1752 de
1026 1728 1161 1761 pauperie,
1169 1727 1205 1753 est
1220 1727 1292 1754 atqie
1307 1729 1336 1754 in
1391 1728 1499 1761 dissent,
1516 1729 1634 1755 restituit
1646 1729 1773 1756 aetiones.
1810 1731 1866 1757 Cic.
1881 1731 1934 1757 Att.
1950 1739 1993 1764 14,
2009 1740 2032 1757 ιι
2051 1732 2106 1766 Ego
2119 1741 2174 1758 non
2185 1731 2294 1758 dimitto
2308 1731 2347 1758 ist
2372 1733 2382 1743 ⁴³

281 1768 436 1806 personam,
457 1774 504 1799 per
517 1773 596 1798 quam
612 1773 635 1802 ιε
645 1783 652 1794 ,
677 1772 750 1801 cuius
764 1762 933 1801 quadrupeS,
950 1771 1017 1796 quae
1032 1762 1153 1789 cicursini
1168 1772 1281 1789 numero
1296 1763 1336 1795 fit,
1390 1773 1465 1797 ram,
1486 1764 1529 1791 sed
1544 1765 1682 1799 suscipiam
1702 1774 1810 1792 omnem
1828 1766 1904 1793 istam
1919 1766 2062 1794 aelionem.
2212 1765 2233 1802 q
2253 1769 2270 1794 6
2293 1768 2341 1794 An.

279 1803 361 1829 alicui
381 1801 507 1827 damnum
528 1799 646 1828 dederit,
664 1805 709 1822 aut
729 1798 783 1822 litis
805 1798 1015 1822 aestimationem
1031 1798 1176 1831 praestare,
1194 1805 1239 1825 aut
1252 1800 1335 1839 ipsam
1343 1812 1377 1838 45
1390 1809 1451 1827 nem
1459 1807 1509 1836 pro
1524 1800 1656 1827 Aufflone
1668 1800 1782 1827 dixerint
1796 1802 1853 1828 ICti
1872 1809 1982 1835 veteres,
2001 1803 2132 1835 viderint,
2153 1805 2196 1838 qui
2211 1803 2268 1830 illos
2282 1802 2347 1830 libro

280 1835 478 1873 quadrupedem
491 1842 576 1874 noxae
589 1833 685 1859 dedere
699 1832 805 1866 cogitur
833 1832 873 1857 1.1
896 1832 927 1857 D.
949 1832 976 1873 Si
997 1832 1155 1867 quadrupes,
1237 1836 1334 1861 Oneris
1390 1839 1474 1864 ratius
1493 1834 1617 1862 traHant.
1674 1837 1744 1863 Certe
1762 1837 1780 1862 l.
1798 1845 1813 1863 2
1833 1837 1860 1863 ff.
1881 1846 1930 1872 pro
1951 1843 2054 1864 emtore
2073 1835 2131 1874 §.8
2156 1843 2183 1865 et
2200 1846 2226 1871 9.
2255 1847 2316 1875 quae
2329 1835 2349 1874 ᾖ

278 1873 376 1905 auersi,
398 1878 454 1898 erat
473 1870 545 1897 acho
566 1878 599 1911 ιιι-
615 1869 770 1908 personam,
791 1876 859 1907 quae
879 1866 1002 1907 aduersus
1017 1874 1124 1893 nautam
1138 1869 1336 1903 intendebatur,
1391 1875 1489 1898 notione
1504 1871 1652 1903 laudantur,
1665 1871 1704 1906 fic
1720 1872 1838 1909 Gothofr.
1874 1873 1968 1900 Tutor
1981 1882 2012 1900 ex
2025 1873 2122 1908 pupilli
2140 1873 2265 1900 auffione
2301 1876 2334 1901 Et

279 1911 353 1936 cuius
368 1909 396 1934 in
410 1916 477 1934 naue
492 1915 558 1933 onus
574 1905 619 1937 (id
634 1904 687 1936 cst,
707 1905 807 1930 sarcina
821 1903 929 1938 aliqua)
943 1904 1133 1936 interuersum,
1142 1913 1170 1929 ac
1185 1905 1336 1938 surreptum
1390 1913 1509 1933 ratorem
1528 1916 1650 1941 quoque,
1670 1908 1717 1941 qui
1738 1916 1769 1933 ex
1787 1907 1912 1935 au6fione
1931 1918 1976 1936 etc.
2032 1909 2079 1937 Sed
2096 1912 2123 1935 in
2140 1910 2201 1936 Tit.
2215 1894 2311 1944 leian

279 1946 339 1972 esset
360 1944 449 1970 Alfen.
459 1943 509 1974 l.31
519 1943 550 1968 D.
560 1941 637 1967 locat.
739 1939 993 1979 Paulliana,est-qua
1005 1939 1186 1972 creditor-,cui
1201 1939 1336 1967 bonorum
1391 1945 1466 1967 etiam
1481 1942 1598 1977 Gothofr.
1636 1943 1686 1968 Pro
1700 1942 1797 1968 herede
1812 1944 1899 1977 gerit,
1920 1946 1968 1979 qui
1980 1944 2059 1972 rebus
2073 1944 2242 1972 hereditariis
2257 1930 2337 1981 tanqu

279 1980 411 2007 debitoris
430 1978 547 2004 damnati
567 1974 682 2010 possessio
702 1973 761 1999 data
781 1974 833 2006 est,
855 1975 872 2000 st
891 1976 959 2014 quid.
971 1984 999 2000 in
1014 1976 1086 2001 suam
1100 1975 1224 2002 fraudem
1238 1976 1336 2002 aliena·
1350 1989 1382 2015 50
1392 1977 1481 2003 minus
1501 1977 1606 2003 vtitur:
1634 1977 1708 2003 velut
1728 1978 1776 2012 qui
1791 1978 1925 2006 actionem
1942 1980 2036 2007 'rerum
2055 1980 2275 2008 hereditariarum
2295 1981 2358 2008 facit
2390 1967 2419 2002 d‘'-

279 2023 337 2044 tum
356 2016 404 2041 effe
424 2012 581 2043 contendat,
602 2010 726 2050 aduersus
745 2009 908 2043 possessorem
922 2015 1024 2048 vritur,
1042 2017 1071 2036 vt
1091 2010 1109 2036 fi
1125 2011 1233 2044 planum
1245 2012 1336 2044 faciat,
1391 2013 1409 2038 l.
1425 2021 1441 2038 2
1462 2012 1507 2038 fin.
1525 2016 1564 2038 ors
1574 2012 1606 2038 de
1620 2012 1764 2039 collatione
1777 2019 1807 2039 vt
1819 2019 1907 2041 tamen
1921 2015 1953 2041 de
1965 2015 2008 2041 his
2038 2024 2106 2050 quae
2117 2025 2194 2042 mora
2207 2015 2341 2045 deteriora·
2401 1999 2419 2022 ὴ

235 2049 236 2054 ’
281 2062 338 2080 rem
353 2052 380 2077 in
395 2051 465 2076 suam
480 2047 602 2074 fraudem
615 2046 756 2072 alienatam
777 2045 841 2076 esse,
864 2044 1029 2070 aduersarius
1048 2045 1243 2079 deposseffione
1263 2046 1336 2071 dece·
1391 2048 1466 2077 sunt,
1487 2047 1528 2072 his
1543 2048 1591 2080 qui
1610 2048 1638 2073 in
1652 2049 1778 2081 potestate
1795 2050 1855 2076 sunt
1890 2050 1961 2077 atstio
1977 2035 2063 2078 det’ur.
2101 2052 2132 2077 Et
2149 2051 2167 2077 l.
2181 2057 2214 2085 48
2233 2063 2252 2077 π
2304 2061 2306 2065 ’

281 2088 325 2115 dat
345 2087 413 2114 Paul.
429 2085 445 2111 l.
455 2090 481 2117 38
490 2082 572 2120 §.3D.
582 2083 613 2108 de
622 2083 692 2107 vfur.
807 2080 979 2114 Pigneratitia
995 2080 1336 2113 (vtes.-verbi'notationein-
1391 2086 1417 2106 et
1433 2081 1504 2106 vsuc.
1542 2081 1624 2106 Aliud
1638 2081 1656 2106 fi
1670 2089 1775 2114 putem,
1797 2094 1840 2110 me
1850 2071 1882 2111 e’x
1896 2088 1972 2113 causa
1984 2087 2089 2113 venditi
2100 2087 2186 2114 teneri
2215 2093 2242 2114 et
2253 2072 2282 2113 id
2316 2103 2325 2111 .

281 2123 425 2156 tellsrritur)
440 2120 511 2147 aelio
526 2120 561 2145 cst
576 2118 607 2144 ad
622 2118 716 2152 pignus
731 2115 940 2150 persequendum
956 2115 1083 2141 instituta.
1133 2116 1274 2151 Vfiirpatur
1291 2121 1336 2141 aut
1389 2115 1442 2141 Hic
1455 2115 1545 2146 enim,
1565 2114 1614 2140 nisi
1631 2114 1702 2141 aeuo
1716 2118 1870 2150 praecedat,
1891 2129 1941 2153 pro
1958 2128 2061 2148 emtore
2074 2107 2203 2157 vsucapiti
2219 2123 2289 2150 locui

276 2148 382 2197 proffrie
396 2159 424 2184 de
439 2167 480 2185 ea,
499 2164 566 2190 quae
580 2153 699 2180 debitori
712 2153 837 2178 aduersus
850 2151 1026 2184 creditorem,
1050 2151 1094 2177 cui
1108 2151 1153 2178 sua
1171 2151 1282 2186 pecunia
1296 2151 1335 2177 so·
1353 2167 1377 2174 -.
1391 2150 1445 2177 bet.
1488 2150 1621 2180 Viderint,
1639 2152 1754 2186 inquam,
1776 2152 1840 2177 ICti.
2103 2168 2106 2172 ·
2299 2177 2302 2180 Δ
2331 2166 2333 2169 .
2428 2166 2432 2172 ι
2456 2159 2460 2171 ι’

281 2198 337 2222 lum
352 2195 404 2226 est,
424 2191 561 2227 repetendi
584 2189 703 2224 pignoris
722 2189 797 2214 causa
818 2187 988 2219 conceditur,
1006 2191 1088 2223 itaque
1098 2188 1214 2223 Jiimitur
1228 2187 1276 2223 Jiib
1294 2187 1336 2213 tit.
1350 2176 1376 2193 υ
1429 2183 1715 2218 ACTIVNCV⁹LA,
1737 2194 1776 2213 ae.
1795 2186 1815 2212 f.
1836 2187 1938 2214 Dimin.
1975 2188 2041 2214 Ptin.
2056 2189 2137 2224 Epist.
2149 2198 2178 2222 9,
2191 2197 2217 2223 ις
2237 2187 2434 2217 Retractoiietss

281 2232 313 2258 de
328 2228 496 2265 Pigncr.'a6h
510 2227 557 2254 lib.
574 2227 605 2252 D.
620 2235 652 2257 13.
689 2227 827 2259 improprie
840 2230 968 2258 ve›·o‚pr0
977 2223 1174 2257 Hypothecaria
1184 2223 1334 2259 incrpatur,
1389 2222 1498 2249 unculas
1513 2221 1647 2257 quasdam.
1904 2247 1911 2254 ,
2350 2239 2353 2241 -

281 2275 311 2298 vt
324 2266 390 2302 apati
402 2263 513 2292 Modest.
530 2263 557 2289 in
572 2259 1000 2293 LT‘itiuS.9D.Qiib.inod.pig.
1015 2258 1183 2297 uelHypoth.
1240 2274 1242 2278 ι
1270 2259 1334 2284 Poe·
1430 2265 1527 2285 AC‘ri
1539 2259 1646 2290 Osvs,
1666 2266 1696 2290 a,
1716 2267 1771 2284 um.
1805 2256 1972 2284 Obsoletum.
2015 2259 2091 2285 Varr.
2112 2259 2143 2286 de
2162 2259 2193 2286 L.
2208 2260 2238 2285 L.
2259 2260 2293 2292 6,
2311 2267 2324 2292 3
2348 2259 2385 2285 Vt
2403 2267 2416 2284 a

281 2305 372 2331 nariae
388 2301 505 2328 {ustiones
518 2300 636 2325 dicuntur
647 2307 662 2323 a
678 2296 778 2327 Fabio,
799 2304 859 2331 quae
871 2304 886 2320 a
901 2296 1089 2329 Iuri'scmzstiltis
1109 2296 1182 2330 vulgo
1202 2294 1336 2326 Poenales,
1389 2298 1442 2321 vna
1455 2293 1580 2320 faciendo
1587 2292 1743 2326 ,factiosae
1759 2293 1845 2320 dietae
1856 2294 1928 2319 sunt:
1951 2293 1984 2319 sic
1998 2293 2031 2320 ab
2042 2303 2095 2321 vna
2110 2294 2220 2329 agendo,
2235 2294 2365 2321 Affiotae.
2405 2295 2416 2319 1

283 2340 380 2375 quibus
404 2345 517 2372 poenam
539 2333 700 2361 commissam
722 2331 923 2367 persequimur,
951 2335 980 2357 vt
1004 2330 1096 2362 Furti,
1122 2331 1245 2364 rapinae,
1270 2329 1375 2365 legis60
1391 2330 1514 2356 Aetiosae
1528 2338 1658 2355 annonam
1673 2338 1759 2356 caram
1775 2338 1789 2356 e
1802 2329 1853 2355 vili
1867 2329 2026 2356 concinnant
2038 2330 2117 2356 viris.
2153 2332 2184 2357 Et
2198 2328 2316 2357 Aeiiosas
2330 2329 2416 2356 demon

284 2375 408 2411 Aquiliae
428 2372 491 2400 Fab.
506 2380 565 2404 4,3,
575 2379 599 2403 9.
638 2374 668 2395 it.
689 2376 716 2403 7,
724 2378 752 2401 4,
760 2376 802 2394 20.
922 2365 1063 2407 Populares
1078 2364 1195 2392 atstiones
1213 2365 1337 2398 dicimus,
1392 2365 1469 2392 strari
1485 2365 1671 2399 suspicatrices.
1709 2365 1756 2392 Sed
1771 2364 1870 2402 quidam
1883 2365 1944 2391 libri
1961 2363 2076 2392 axiosa'e.
2398 2391 2408 2397 ,

284 2420 351 2448 quae
366 2411 440 2437 suum
453 2409 495 2435 ius
508 2406 608 2443 populo
621 2411 746 2436 tuentur,
767 2406 849 2439 inquit
863 2402 968 2429 Paullus
983 2411 1012 2428 in
1025 2402 1042 2428 l.
1057 2411 1065 2428 1
1086 2402 1118 2428 D.
1134 2402 1166 2428 de
1178 2402 1270 2436 Popul.
1285 2401 1337 2427 aet.
1429 2408 1451 2428 A
1461 2407 1508 2428 CT
1519 2408 1581 2434 OR,
1601 2401 1664 2427 oris.
1683 2410 1718 2427 m.
1747 2398 1900 2436 [πράκτωρ]
1939 2401 2067 2442 Qui-agit.
2105 2401 2162 2427 Cic.
2175 2409 2224 2436 pro
2236 2400 2307 2427 Sext.
2321 2401 2350 2434 61
2371 2403 2392 2432 e.
2408 2414 2416 2421 2
2427 2399 2452 2426 -.”

283 2449 334 2476 Pro
353 2447 442 2478 socio,
463 2444 498 2471 est
518 2443 590 2469 affin
610 2442 639 2468 in
660 2441 816 2476 personam,
835 2448 882 2474 per
902 2447 999 2474 quam,
1018 2438 1066 2473 qui
1079 2447 1134 2464 non
1147 2438 1272 2470 fortuna,
1293 2436 1337 2463 sed
1393 2438 1453 2464 Dux
1466 2443 1491 2463 et
1507 2436 1600 2463 ametor
1613 2443 1638 2463 et
1651 2436 1726 2463 after
1745 2436 1853 2462 illarum
1870 2445 1962 2462 reruni
1980 2437 2043 2462 tuit.
2080 2437 2158 2463 Hunc
2177 2438 2206 2463 in
2224 2436 2300 2462 omni
2318 2443 2382 2470 prs*

283 2484 420 2510 voluntate
434 2489 475 2507 res
493 2487 647 2506 communes
661 2476 774 2508 habent,
792 2475 905 2501 diremta
919 2474 1119 2507 communione,
1129 2473 1203 2509 quod
1217 2483 1248 2500 ex
1263 2473 1337 2505 dolo,
1391 2473 1467 2499 tione
1480 2472 1595 2507 reipubl.
1611 2472 1747 2500 διιᾶσι-ειη
1761 2471 1931 2507 actoremque
1946 2471 2078 2498 habebant
2091 2471 2161 2508 Nep.
2175 2480 2207 2506 23
2214 2492 2223 2505 ,
2234 2480 2246 2504 3
2255 2492 2264 2504 ,
2276 2480 2301 2498 2..
2344 2471 2397 2497 0152,

284 2520 394 2554 culpane
408 2518 477 2544 inter
490 2516 516 2542 se
532 2514 643 2546 debent,
665 2512 796 2548 postulare
810 2512 912 2546 possunt
938 2511 955 2537 l.
973 2520 996 2543 31
1012 2516 1037 2537 et
1051 2511 1168 2545 sequent.
1183 2511 1213 2536 D.
1222 2518 1271 2545 pro
1280 2510 1336 2535 Soc.
1349 2510 1380 2541 63
1394 2510 1470 2536 Orat.
1485 2518 1514 2542 3,
1531 2517 1562 2543 57
1585 2517 1607 2535 c.
1622 2517 1647 2542 ις
1668 2508 1785 2535 Phoenix
1805 2509 1830 2540 se
1849 2522 1894 2527 ·--
1914 2507 2014 2539 Achilli
2034 2509 2160 2534 comitem
2180 2509 2228 2534 ess'e
2250 2507 2356 2536 datum..

284 2555 438 2583 Publiciana
451 2552 547 2587 duplex
563 2550 615 2583 est,
636 2555 662 2576 et
675 2549 756 2575 altera
769 2547 846 2574 alteri
858 2556 889 2574 ex
901 2546 1011 2573 aduerso
1017 2546 1167 2582 respondet.
1206 2545 1337 2578 Priorest‚
1393 2552 1423 2572 vt
1438 2545 1516 2572 illum
1529 2543 1644 2571 efficeret
1657 2551 1792 2571 oratorem
1805 2541 1951 2570 verborum
1965 2543 2137 2579 aetoremque
2149 2552 2248 2571 rerum.
2282 2540 2352 2570 'Oui

285 2600 337 2627 qua
349 2596 534 2623 recuperamus
549 2595 622 2618 rem,
641 2585 707 2612 iusta
722 2593 753 2611 ex
767 2585 842 2610 causa
857 2582 1024 2618 aliquamdiu
1038 2591 1052 2609 a
1065 2582 1143 2609 nobis
1161 2582 1293 2617 possessam
1313 2586 1340 2607 et
1394 2590 1420 2615 1,
1442 2589 1472 2615 95
1501 2581 1604 2608 Pecoris
1625 2580 1714 2614 atior,
1741 2582 1760 2606 i.
1773 2577 1870 2614 pastor.
2026 2577 2053 2617 ff
2074 2588 2089 2606 2
2121 2579 2206 2606 Αὸὶοι·
2222 2578 2328 2615 fabulae
2340 2601 2346 2612 ¹.

283 2633 344 2654 ante
356 2625 542 2662 vsucapionem
557 2619 841 2655 aniissam‚tanqiia1nsi
852 2619 988 2645 eaanobis
1003 2619 1125 2654 vsucapta
1137 2619 1206 2645 esset.
1291 2618 1338 2644 Po·
1395 2616 1560 2652 [ὑποκριτὴς]
1580 2644 1586 2648 ,
1596 2615 1652 2642 Cic.
1667 2616 1706 2650 Q
1716 2615 1737 2642 F
1737 2620 1800 2642 ratr.
1815 2624 1824 2641 ι
1833 2635 1840 2647 ,
1860 2623 1868 2641 ι
1892 2615 2038 2650 Tanquam
2052 2616 2148 2642 Po'e'tae
2161 2615 2228 2642 boni
2241 2620 2268 2642 et
2280 2611 2341 2642 aelf<

285 2663 381 2690 sterior
395 2660 445 2692 est,
456 2663 519 2694 'qua
530 2666 714 2691 recuperamus
727 2665 784 2682 rem
797 2656 830 2682 ab
844 2655 898 2682 alio
915 2654 1020 2681 absente
1034 2656 1194 2689 vsucaptam,
1202 2659 1338 2688 tamquam
1396 2653 1492 2680 dustrii
1506 2653 1603 2679 solent:
1626 2651 1658 2678 sic
1676 2657 1704 2678 tu
1719 2651 1747 2677 in
1760 2656 1880 2678 extrema
1894 2657 1968 2685 parte
1989 2657 2015 2677 et
2029 2651 2196 2678 conclusione
2214 2650 2347 2685 muner‘ss

285 2698 304 2726 fi
319 2699 441 2731 vsucapta
454 2704 508 2722 non
523 2695 583 2720 esset
604 2691 627 2730 §.
650 2701 774 2726 namque.
795 2698 821 2718 et
842 2688 865 2729 6.
887 2692 939 2726 seq.
961 2690 1045 2717 Instit.
1067 2690 1098 2717 de
1113 2689 1243 2717 aetionib.
1257 2689 1274 2716 l.
1290 2698 1299 2716 i
1314 2695 1381 2726 et70
1396 2689 1465 2724 gotii
1485 2690 1525 2715 tui
1544 2687 1754 2723 diligentissimus
1773 2686 1813 2713 fis.
1851 2687 1908 2713 Cic.
1926 2686 2047 2714 deOrat.
2061 2695 2094 2720 2,
2111 2696 2146 2721 34
2164 2696 2186 2714 c.
2201 2692 2215 2718 8
2241 2686 2337 2721 Qui*

285 2733 381 2769 pamm.
391 2734 422 2759 D.
434 2732 465 2758 de
473 2730 572 2766 public.
582 2729 610 2755 in
621 2737 677 2755 rem
691 2727 740 2754 aet.
811 2727 892 2762 Qiod
902 2727 966 2753 iussu
981 2730 991 2757 (
999 2729 1081 2762 inquit
1089 2725 1280 2761 Theophilus)
1295 2725 1341 2758 est,
1382 2724 1542 2757 imitanda,
1561 2732 1640 2759 quam
1653 2729 1744 2750 orator
1758 2723 1786 2748 in
1801 2721 1962 2758 suscipienda
1983 2723 2097 2749 veritate
2119 2720 2263 2750 iucundior
2275 2722 2286 2749 3

286 2778 339 2805 qua
354 2768 385 2795 de
398 2767 513 2802 negotiis
526 2775 586 2792 cum
601 2766 677 2791 seruo
690 2762 767 2798 gestis
781 2763 868 2796 agitur
882 2759 904 2798 6.
920 2771 929 2788 ι
954 2762 1013 2788 Inst.
1029 2762 1109 2796 Qiod
1124 2772 1184 2789 cum
1198 2771 1241 2794 eo,
1249 2761 1297 2796 qui
1311 2761 1341 2787 in
1395 2770 1417 2787 c.
1433 2762 1467 2787 26
1488 2760 1586 2787 Nullae
1601 2759 1660 2787 lites
1685 2773 1730 2779 —
1757 2759 1830 2791 sunt,
1852 2767 1918 2794 quae
1939 2764 2034 2793 cogant
2046 2758 2168 2786 homines
2186 2758 2252 2792 sieut
2264 2757 2297 2793 ’μι-

285 2806 366 2833 alien.
463 2801 544 2836 Qod
559 2808 643 2826 metus
656 2798 785 2831 causa,est
798 2799 826 2825 in
840 2798 1043 2832 personam,per
1058 2807 1137 2833 quam
1151 2798 1183 2831 is,
1196 2807 1211 2824 a
1224 2806 1279 2832 quo
1293 2805 1341 2831 per
1395 2796 1481 2823 bonos
1500 2803 1635 2829 oratores,
1655 2795 1718 2822 item
1740 2795 1768 2820 in
1790 2794 1895 2822 theatro
1915 2794 2018 2821 adores
2039 2794 2122 2821 malos
2143 2794 2246 2830 perpeti

285 2842 342 2868 vim
352 2861 360 2873 ,
381 2839 424 2866 vel
437 2845 539 2865 metum
554 2845 596 2863 res
610 2841 713 2862 extorta
727 2835 778 2867 est,
799 2833 978 2869 quadruplum
993 2834 1025 2859 ab
1040 2842 1089 2866 eo,
1109 2835 1157 2868 qui
1174 2842 1232 2860 rem
1250 2839 1338 2859 extor-
1395 2841 1417 2859 c.
1431 2840 1468 2867 47
1490 2833 1587 2867 Neque
1599 2831 1672 2859 anr
1685 2831 1761 2857 essem
1775 2831 1876 2857 alienae
1889 2831 2031 2865 personae,
2049 2830 2094 2857 fed
2109 2830 2204 2864 audior
2219 2839 2248 2857 m

286 2883 341 2904 tam
355 2874 478 2911 possidet,
497 2872 669 2907 consequitur
689 2868 760 2907 §.26
777 2870 836 2896 [nst.
851 2870 883 2896 de
897 2869 995 2906 ειὲὶίοιι.
1069 2870 1119 2895 Rei
1132 2869 1262 2901 vitoriae,
1283 2874 1339 2894 erat
1349 2873 1382 2901 ’ῖς
1397 2868 1465 2895 Sext.
1481 2870 1523 2895 116
1544 2877 1565 2895 c.
1579 2876 1612 2902 54
1637 2867 1693 2902 Ipse
1716 2866 1762 2893 ille
1780 2867 1910 2893 maximus
1930 2866 2035 2899 ludius,
2058 2875 2114 2893 non
2129 2865 2216 2894 solum
2234 2867 2312 2901 spe‚.

286 2914 354 2940 olim
369 2911 440 2938 aftio
453 2911 482 2937 in
495 2918 569 2941 rem,
589 2916 635 2942 per
663 2915 743 2941 quam
764 2914 832 2932 vxor
853 2905 943 2932 dotem
965 2906 1037 2931 suam
1057 2905 1145 2931 soluto
1163 2904 1340 2931 matrimonio
1397 2903 1472 2930 ae‘tor
1492 2911 1518 2930 et
1538 2912 1666 2931 acroama.
1716 2903 1758 2930 Sic
1770 2902 1905 2938 Jitmimtur
1918 2902 2025 2929 Aooris
2042 2902 2128 2937 parter
2145 2903 2242 2930 Horat.

287 2947 433 2984 repetebat.
477 2944 569 2972 Hodie
583 2951 649 2970 vero
665 2943 692 2968 in
707 2941 839 2968 adtionem
854 2949 885 2967 ex
899 2941 1023 2975 stipulatu
1036 2940 1291 2967 omnino-transfusa
1304 2939 1340 2966 est
1397 2938 1418 2979 Ἴ
1437 2948 1450 2972 3
1479 2941 1547 2966 Hinc
1562 2939 1658 2972 Αὸὶοτ,
1677 2941 1813 2974 quicunque
1829 2941 1901 2975 agn,
1919 2941 1937 2964 i.
1957 2939 2068 2974 quuitur
2080 2938 2188 2974 publice.
2232 2937 2289 2967 Cio.
2308 2943 2320 2968 η’

287 2986 304 3012 l.
320 2985 390 3012 vnic.
404 2984 435 3010 C.
450 2980 482 3008 de
494 2981 535 3007 rei
549 2988 626 3007 vxor.
642 2978 691 3005 ac't.
765 2977 928 3009 Rcscifl’oria,
937 2977 973 3003 est
982 2977 1010 3002 in
1018 2985 1075 3002 rem
1083 2975 1164 3008 aetio,
1178 2985 1257 3011 quam
1267 2977 1341 3002 Prae·
1396 2984 1419 3008 3,
1436 2984 1472 3009 40
1491 2985 1512 3002 c.
1527 2982 1552 3006 18
1574 2975 1655 3002 Αᾶἱοι·
1668 2973 1742 3001 enirn'
1753 2973 1908 3002 moderatur
1920 2980 1947 3000 et
1962 2974 2039 3009 fingit
2053 2983 2108 3000 non
2122 2973 2205 3001 modo
2219 2975 2280 3000 meti
2297 2975 2321 2995 ..²

287 3027 332 3049 tor
351 3020 394 3053 ei,
412 3018 486 3045 cuius
505 3025 562 3044 rem
581 3013 762 3046 aduei·sariu5‚
781 3012 843 3039 dum
865 3021 896 3038 ex
911 3012 976 3038 iusta
990 3012 1064 3038 causa
1080 3012 1191 3045 abesset,
1211 3012 1340 3046 vsucepit,
1397 3012 1526 3045 luntates,
1546 3011 1589 3038 sed
1601 3009 1776 3047 paenevultus
1788 3019 1893 3042 eorum,
1901 3009 1970 3045 apud
1981 3010 2117 3045 quosagit.
2155 3011 2237 3037 Sermo
2251 3018 2262 3035 e
2302 3010 2323 3029 .“
2336 3034 2342 3037 .

287 3057 390 3084 rescissa
403 3063 452 3090 pro
466 3052 599 3088 imperio,
620 3056 645 3077 et
660 3059 708 3085 pro
722 3049 811 3076 nihilo
826 3047 918 3075 habita
932 3048 1107 3082 vsucapione,
1128 3047 1250 3074 concedit
1282 3047 1305 3086 §.
1328 3052 1383 3081 580
1397 3048 1452 3081 agit
1466 3057 1525 3074 cum
1539 3047 1652 3082 populo,
1667 3046 1708 3073 vel
1722 3046 1751 3072 in
1764 3045 1892 3080 patribus.
1947 3046 2071 3073 Infirmus
2085 3045 2160 3074 atior
2174 3043 2313 3079 Qine’til„
2323 3046 2349 3073 -ἥ

287 3093 348 3120 Inst.
361 3092 393 3118 de
407 3090 505 3117 ac’tion.
598 3085 772 3113 Reuocandac
790 3084 931 3111 donationi
951 3083 1060 3116 dicitur,
1069 3092 1120 3119 qua
1133 3085 1219 3110 vtitur
1235 3084 1272 3116 is,
1293 3084 1341 3118 qui
1397 3082 1542 3110 Mediocris
1555 3084 1630 3111 atStor
1643 3082 1776 3110 causarum
1792 3082 1860 3109 Hor.
1875 3082 1907 3109 de
1915 3082 1978 3108 Arte
1993 3082 2066 3108 Po'e‘t.
2076 3083 2133 3115 369.
2171 3081 2228 3108 Cic.
2243 3081 2272 3107 in
2285 3080 2318 3108 Bt
2331 3083 2339 3109 s

288 3137 345 3155 rem
358 3126 510 3163 quampiam
525 3123 653 3158 donauit,
668 3121 792 3148 aduersus
807 3120 928 3153 euin‚cui
943 3119 1069 3158 donauit,
1088 3119 1104 3145 si
1125 3129 1186 3146 eum
1206 3120 1340 3154 ingratum
1397 3118 1495 3146 Eodem
1509 3128 1578 3146 anno
1592 3119 1672 3146 etiam
1684 3118 1789 3145 Moloni
1802 3117 1912 3145 Rhodio
1924 3118 2023 3144 Romae
2038 3117 2160 3144 dedimus
2173 3124 2297 3152 operam,
2337 3112 2339 3115 ’

289 3163 446 3198 probauerit
468 3162 485 3188 l.
499 3160 546 3188 vlt.
561 3160 592 3186 C.
601 3157 632 3185 de
645 3166 735 3185 reuoc.
744 3157 840 3184 Donat.
919 3156 1043 3183 Seruiana
1052 3155 1152 3190 est,per
1161 3164 1240 3190 quam
1254 3155 1340 3181 domi-
1396 3156 1501 3182 summo
1514 3157 1650 3182 causarum
1664 3160 1689 3182 et
1701 3153 1836 3190 magistre.
1892 3154 1933 3182 Sic
1949 3161 1973 3180 er
1987 3152 2118 3188 Qiinffis.
2135 3161 2170 3186 4,
2189 3161 2216 3186 i,
2237 3154 2263 3179 6.
2303 3156 2317 3177 ο

289 3209 336 3226 nus
357 3198 475 3233 praedii,
496 3197 552 3223 eius
570 3195 621 3228 rei,
636 3202 717 3229 quam
735 3193 761 3219 ei
776 3193 886 3219 colonus
902 3200 950 3227 pro
964 3191 1130 3218 mercedibus
1144 3191 1342 3226 oppignerauit,
1389 3191 1496 3227 subinde
1509 3191 1610 3218 aetores
1617 3190 1766 3227 simpliciter
1776 3189 1900 3226 appellat,
1920 3198 1978 3226 ug.
1999 3197 2033 3222 2,
2053 3197 2096 3222 12,
2110 3197 2141 3216 ιι.
2186 3197 2216 3222 3,
2228 3197 2254 3222 1,
2268 3194 2293 3222 5:
2332 3184 2342 3204 Ὺ

290 3234 480 3270 possessionem,
499 3232 531 3259 ab
545 3241 588 3264 eo,
596 3231 645 3266 qui
659 3239 717 3256 eam
730 3234 818 3261 tenet,
838 3228 957 3255 vindicat
978 3229 1036 3263 Pap.
1052 3227 1080 3253 in
1094 3227 1109 3253 l.
1125 3227 1160 3254 60*
1174 3228 1204 3254 D.
1215 3227 1247 3253 de
1255 3227 1339 3253 Euift.
1354 3229 1382 3257 85
1398 3224 1419 3265 fl
1440 3237 1460 3262 4
1491 3226 1538 3254 Sed
1549 3226 1596 3263 i'pfi
1607 3229 1681 3255 etiam
1692 3227 1824 3264 litigantes
1837 3224 1948 3252 actores
1955 3225 2027 3262 Jiint.
2064 3226 2094 3252 ln
2101 3227 2210 3271 primis,
2230 3226 2273 3261 qut·
2284 3231 2314 3250 ac
2330 3222 2336 3227 “

290 3270 366 3298 Serui
379 3269 498 3303 corrupti
512 3267 638 3302 competit
652 3267 680 3293 in
693 3274 770 3297 eum,
787 3265 862 3291 cuius
882 3263 1007 3296 hortatu,
1026 3262 1171 3290 consilioue
1191 3263 1279 3290 seruus
1293 3263 1341 3289 ali·
1395 3266 1508 3294 ratione,
1542 3273 1571 3289 ua
1583 3273 1598 3290 a
1617 3262 1651 3290 ud
1663 3263 1769 3290 Gran-or
1788 3258 1897 3287 δδιώκων
1916 3261 2025 3293 dicitur,
2045 3267 2077 3287 vt
2096 3273 2106 3287 o
2130 3260 2214 3296 φώνων
2235 3266 2302 3287 reus:
2326 3263 2330 3271 ¹

290 3315 356 3334 enus
385 3305 501 3339 sugerit,
518 3310 659 3330 contumax
681 3301 766 3328 faetus
788 3301 856 3332 erit,
877 3299 1013 3326 luxuriose
1030 3300 1125 3326 viuere
1140 3299 1275 3334 coeperit,
1296 3303 1341 3325 aut
1396 3298 1413 3324 l.
1428 3307 1450 3331 13
1470 3298 1496 3324 ff.
1535 3307 1549 3325 e
1563 3299 1592 3327 iu
1612 3299 1678 3327 iciis.
1714 3298 1745 3325 In
1757 3296 1843 3325 tribus
1859 3297 1914 3324 istis
1927 3297 2036 3324 iudiciis
2049 3296 2168 3324 familiae
2181 3293 2338 3323 erciscunda

290 3342 405 3377 denique
426 3339 548 3375 quolibet
567 3339 648 3365 modo
668 3337 786 3364 deterior
805 3335 889 3363 faetus
910 3335 961 3362 erit
984 3337 1108 3370 Imperat.
1130 3333 1153 3372 6.
1168 3344 1194 3362 21
1211 3335 1294 3361 Instit.
1309 3334 1341 3361 de
1396 3334 1473 3361 muni
1486 3333 1652 3369 diuidundo,
1665 3339 1691 3361 et
1703 3333 1798 3361 finium
1810 3332 2001 3368 regundorum,
2015 3333 2168 3369 quaeritur,
2183 3331 2242 3367 quis
2255 3329 2322 3368 ³3..

290 3376 420 3406 aetionib.
495 3374 689 3410 Sequestraria,
706 3373 742 3400 est
756 3371 826 3399 afflo
841 3372 869 3398 in
882 3372 1030 3406 personam,
1039 3379 1171 3407 perquam
1188 3371 1219 3404 is,
1228 3371 1339 3406 quirem
1396 3375 1486 3405 gatar:
1508 3371 1570 3405 quia
1586 3380 1633 3407 par
1652 3370 1726 3398 causa
1744 3369 1867 3396 oninium
1881 3369 1996 3396 videtur.
2033 3368 2082 3396 Sed
2094 3369 2178 3402 magis
2190 3366 2290 3402 placuit
2312 3370 2318 3374 ’

290 3415 408 3450 aliquam
420 3410 566 3446 litigiosam
580 3409 649 3444 apud
662 3408 823 3444 sequestrum
838 3407 968 3442 deposuit,
982 3416 1055 3440 eam,
1072 3407 1180 3441 impleta
1198 3405 1379 3442 depositio-90
1397 3405 1455 3433 deri
1471 3405 1602 3438 actorem,
1623 3406 1671 3443 qui
1682 3405 1714 3433 ad
1728 3405 1859 3434 iudicium
1872 3405 2043 3440 prouocasset.
2080 3405 2112 3431 Et
2123 3403 2228 3438 leian.
2241 3402 2251 3430 l

291 3451 332 3478 nis
344 3448 509 3479 conditione,
517 3445 549 3472 ab
563 3445 620 3480 ipso
633 3446 729 3480 repetit
744 3445 760 3471 l.
771 3454 787 3478 9
800 3443 822 3482 §.
831 3444 887 3471 21).
895 3442 927 3470 de
941 3442 994 3470 dol.
1075 3443 1236 3470 Subsidiaria
1250 3441 1286 3469 est
1298 3451 1340 3476 ea,
1395 3441 1476 3470 ambo
1489 3442 1521 3470 ad
1537 3443 1667 3471 iudicium
1679 3440 1826 3478 prouoeant
1835 3461 1843 3474 ,
1858 3441 1928 3468 sorte
1942 3450 1982 3468 res
1997 3439 2112 3468 disce'rni'
2123 3440 2198 3466 solet.

290 3495 358 3522 quac
382 3490 474 3512 contra
494 3481 676 3516 magistratum
697 3481 814 3507 instituta
832 3479 885 3513 est,
905 3479 952 3515 qui
971 3484 1016 3506 aut
1034 3479 1146 3505 omnino
1166 3487 1181 3505 a
1195 3477 1340 3513 tutoribus,
1395 3477 1422 3504 ff.
1437 3477 1470 3504 de
1484 3477 1711 3507 Procurator-ibus.
1762 3477 1795 3504 Et
1813 3476 1876 3504 ideo
1897 3485 1952 3504 non
1972 3475 2056 3512 potest
2068 3474 2158 3502 videri
2177 3460 2229 3506 (xiil

290 3523 333 3549 vel
350 3518 517 3549 curatoribus
531 3516 650 3544 satisdari
663 3525 717 3543 non
731 3516 852 3549 curauit,
870 3521 915 3543 aut
928 3523 982 3542 non
990 3514 1092 3542 idonee
1105 3515 1187 3548 passus
1201 3514 1237 3540 est
1250 3514 1340 3541 caueri
1394 3519 1465 3541 tratu
1480 3514 1554 3541 litem
1569 3513 1709 3542 defendere
1724 3512 1761 3546 is,
1776 3513 1823 3549 qui
1836 3512 1953 3541 actorem
1967 3509 2119 3546 frustrando
2129 3509 2234 3546 efficiat,

291 3558 308 3584 l.
323 3566 332 3585 1
348 3564 374 3584 et
387 3566 405 3590 4
418 3556 449 3582 C.
465 3553 496 3581 de
509 3552 614 3587 Magist.
627 3561 739 3579 conuen.
787 3555 790 3558 ’
812 3550 994 3584 Tributoria,
1013 3550 1049 3578 est
1063 3550 1134 3577 attio
1148 3550 1176 3576 in
1191 3551 1338 3585 personam,
1395 3550 1575 3579 controuersia
1592 3549 1745 3580 deducatur.
1789 3548 1854 3576 Plin.
1875 3557 1908 3583 9,
1919 3557 1969 3582 -13‚
1981 3545 2157 3577 18‘LA6torem
2170 3546 2202 3582 J?
2219 3549 2292 3572 vocae

292 3602 338 3628 per
350 3602 430 3628 quain
442 3591 480 3623 is,
498 3589 575 3617 ,cuius
588 3589 676 3615 seruus
690 3588 718 3614 in
731 3596 818 3615 merce
832 3587 960 3623 peculiari
975 3587 1072 3614 sciente
1085 3585 1198 3613 domino
1219 3586 1340 3620 negotia>
1348 3591 1380 3617 95
1394 3585 1530 3620 aecufiztor.
1671 3582 1700 3624 ff
1722 3592 1735 3618 ς
1764 3584 1848 3612 Δὲὶοι·
1866 3583 2026 3612 dicim-'non
2045 3581 2120 3613 modo.
2131 3581 2274 3614 Syndieu's,

292 3635 332 3657 tus
345 3627 494 3659 contraxit,
513 3626 541 3652 in
555 3624 703 3656 tributum,
723 3622 750 3649 id
763 3623 815 3656 est,
839 3629 869 3651 vt
881 3626 982 3652 merces
1002 3621 1179 3658 aequabiliter
1198 3622 1338 3648 creditori·
1393 3621 1522 3655 misturis
1536 3623 1577 3649 uel
1588 3620 1685 3658 collegii
1698 3622 1808 3648 alicuius
1818 3623 1882 3662 agit.
1927 3617 2006 3646 Caius
2027 3616 2044 3643 1.
2060 3625 2079 3643 ι.
2099 3614 2123 3653 6.
2134 3622 2158 3644 ἰ.
2171 3617 2210 3643 Ἰ).
2243 3613 2296 3643 uod

292 3664 341 3691 bus
356 3663 506 3694 distribuat,
515 3667 626 3688 vocatur
646 3659 664 3685 l.
679 3667 688 3685 ι
703 3665 728 3685 et
742 3664 790 3685 tot.
798 3659 839 3687 tit.
848 3659 881 3686 de
890 3659 1004 3687 Tribut.
1080 3657 1207 3689 Tutelae,
1215 3664 1240 3684 et
1256 3658 1337 3684 ratio·
1394 3657 1511 3684 vniucrs.
1537 3657 1642 3692 Qiibus
1656 3663 1744 3684 autem
1759 3655 1909 3692 permissum
1921 3653 1959 3681 est
1969 3661 2066 3689 eorpus
2079 3651 2177 3679 habere
2190 3651 2231 3678 col
2245 3649 2300 3687 egii

292 3699 371 3726 nibus
384 3697 572 3729 distrahendis,
589 3695 625 3722 est
644 3703 712 3730 quae
733 3694 856 3721 aduersus
875 3701 991 3722 tutorem
1011 3694 1040 3722 in
1052 3693 1162 3729 duplum
1177 3692 1269 3726 datur,
1289 3693 1338 3728 qui
1394 3692 1444 3726 tis,
1464 3691 1517 3719 flue
1536 3695 1612 3721 cuius
1626 3693 1734 3727 alterius
1754 3700 1847 3720 eurum
1865 3688 1994 3727 nomine:
2017 3688 2158 3722 proprium
2178 3687 2216 3714 est
2233 3685 2266 3714 id
2283 3689 2287 3692 ”

252 3758 254 3760 .
292 3734 388 3771 pupilli
401 3734 537 3768 pecuniam
551 3733 651 3759 interce
673 3731 708 3763 it,
729 3729 852 3762 abstulit,
871 3731 975 3758 fui-atus
989 3730 1025 3758 est
1043 3729 1060 3756 l.
1074 3735 1127 3757 tres
1140 3734 1240 3756 tutores
1253 3736 1289 3762 55.
1304 3729 1336 3755 D.
1395 3729 1444 3755 Rei
1464 3727 1519 3756 ubl.
1540 3729 1638 3757 habere
1659 3737 1704 3756 resv
1721 3726 1994 3760 conimunes,'arcain
2013 3727 2226 3752 communenret
2246 3720 2287 3748 a&

293 3771 326 3799 de
340 3769 470 3797 administ.
488 3775 571 3795 tutor.
653 3741 851 3799 gleffigalisssst
867 3766 938 3794 afiio
952 3768 979 3794 in
992 3774 1118 3801 rein,qua
1129 3765 1214 3792 vritur
1229 3765 1267 3797 is,
1287 3764 1442 3800 quiioosyn
1463 3764 1534 3792 icum
1549 3776 1554 3791 :
1581 3775 1628 3800 per
1647 3773 1727 3800 quem
1742 3761 1868 3798 'tanquam
1880 3760 1916 3788 *m
1929 3757 2074 3794 Republica
2094 3759 2166 3794 quod
2179 3761 2290 3788 vcomm'u

292 3805 449 3840 veffigalcm
483 3805 595 3831 fundum
631 3801 780 3833 conduxit,
807 3801 929 3829 aduersus
968 3802 1129 3838 possess'orem
1144 3821 1152 3834 ,
1180 3807 1206 3827 et
1236 3809 1297 3832 εοε,
1322 3809 1336 3827 a
1394 3799 1454 3828 fieri
1468 3807 1605 3836 oporteat,
1619 3797 1811 3836 agatnrsfiat.1
1834 3793 2065 3830 Sedeti'amseruiis
2081 3795 2122 3821 vel
2132 3794 2251 3827 libertus,
2266 3801 2307 3830 qiu

312 3842 391 3869 uibus
419 3848 480 3866 eum
515 3839 628 3866 fundum
658 3837 785 3864 conduxit
811 3837 851 3862 1.ι
873 3837 903 3864 D.
924 3838 950 3864 Si
970 3847 1033 3874 ager
1046 3837 1143 3872 veffig.
1217 3835 1338 3869 Venditi‚
1395 3843 1419 3862 et
1437 3840 1547 3863 rationes
1564 3838 1668 3873 patroni·
1683 3831 1797 3861 wibert
1813 3828 1919 3869 trafl'at5
1976 3830 2103 3864 eptimam
2117 3828 2178 3867 fere
2197 3832 2225 3856 in
2238 3827 2299 3864 fam

293 3852 348 3906 gne
378 3884 410 3903 cx
429 3874 556 3907 vendito,
577 3874 614 3901 cst
638 3873 710 3901 aeiio
734 3873 763 3899 in
787 3873 941 3907 personam,
962 3884 1008 3909 per
1025 3878 1106 3910 quam
1126 3872 1174 3908 qui
1196 3880 1253 3898 rem
1275 3880 1337 3898 ven-
1394 3870 1529 3905 actorem,
1549 3872 1676 3908 intelligas
1695 3878 1724 3897 ex
1734 3866 1770 3896 Vl
1789 3867 1842 3898 ian.
1853 3865 1876 3900 ΑΙ,
1886 3873 1926 3900 37.
1945 3863 1978 3892 de
1991 3865 2029 3891 Le
2047 3865 2097 3905 ati·
2109 3866 2130 3892 Ι.
2165 3865 2266 3901 Legato
2282 3875 2290 3893 ε

293 3913 385 3946 didit,
406 3909 537 3946 pretium,
560 3911 687 3945 eiusque,
705 3907 761 3944 post
774 3908 813 3934 rei
827 3907 1016 3943 traditionem,
1058 3909 1161 3937 uaniuis
1181 3908 1338 3943 precariam,
1393 3907 1505 3941 relifto,
1526 3908 1600 3935 velut
1618 3903 1751 3936 hominis,
1770 3876 1852 3930 ‹Bsaim
1867 3899 1962 3928 Caffius
1981 3900 2032 3927 scri
2053 3905 2091 3940 it,
2111 3899 2140 3927 id
2159 3901 2208 3927 effe
2223 3897 2276 3935 obs
2290 3926 2293 3927 .

293 3950 400 3981 vsuras,
421 3947 538 3980 itemque
559 3947 657 3972 sumtus
676 3946 705 3972 in
724 3953 783 3972 rem
802 3943 903 3976 factos,
923 3951 949 3972 et
961 3945 1034 3981 quod
1047 3952 1118 3972 mter
1129 3943 1338 3984 contrahendum
1349 3951 1427 3980 105ne
1440 3942 1614 3986 optimus'vel
1627 3939 1744 3978 pessimus
1755 3937 1914 3972 accipiatur:
1932 3944 2000 3971 quae
2014 3935 2141 3963 sententia
2154 3924 2292 3969 refer-ipio>
2307 3967 2317 3970 -
2328 3962 2346 3982 ι,
