2474 4182
672 155 1580 208 PRAEFATIO.

71 294 197 330 rere:
245 277 319 328 hic
334 272 527 327 adiestae
544 269 644 320 sunt
660 309 671 329 ‚
710 270 739 318 fi
758 271 855 335 quis
873 270 1060 319 omnino
1081 282 1155 315 eas
1174 267 1411 327 defideret‚
1445 279 1490 316 et
1511 269 1807 325 Germanicae
1834 288 1881 325 et
1902 277 2098 329 Gallicae
2126 282 2189 329 in-

71 360 422 423 terpretationes.
491 352 673 401 Debent
700 365 841 414 porro
866 348 970 398 illud
995 346 1132 395 veluti
1161 347 1450 396 corollarium
1476 349 1653 419 studiofi
1680 352 1920 406 industriae
1954 360 2118 408 eruditi
2145 374 2191 408 et

73 439 266 488 modesti
281 434 452 484 iuuenis
470 433 542 480 M.
561 431 622 481 I0.
639 429 838 495 Castmiri
854 426 1070 490 Happach
1086 465 1099 489 ,
1143 425 1340 475 hominis
1370 427 1429 475 ad
1456 443 1644 477 omnem
1676 430 1855 480 laudem
1881 440 1974 485 nati
2000 451 2044 487 et
2068 438 2191 500 fani,

74 521 152 583 qui
177 519 246 567 illa
270 513 414 577 opella
439 511 709 572 maioribUS,
738 523 848 575 quae
866 507 1028 571 partim
1046 508 1136 555 iam
1154 522 1262 570 prae
1280 508 1488 556 manibus
1506 507 1666 569 habet,
1699 511 1866 573 ingenii
1885 529 1936 562 ac
1960 517 2192 568 dostriuae

76 595 365 646 monimentis
389 591 624 655 praeludit.

197 693 235 739 8.
289 682 423 741 Dixi,
456 692 673 744 quatenus
700 675 952 727 omittendo
978 686 1024 723 et
1058 678 1093 729 ἐξ
1115 679 1340 735 οἰφοιιρέσεως
1381 678 1635 726 curauerim
1663 677 1925 730 thesaurum
1949 685 2192 738 nostrum:

74 764 218 813 maior
241 763 377 824 longe
399 775 540 823 opera
566 755 865 822 impendenda
882 753 966 803 fuit
983 757 1273 815 immutando,
1308 755 1399 804 hoc
1419 758 1483 805 est
1501 758 1803 808 emendando.
1877 761 1979 811 Dici
1994 763 2194 814 breuiter

74 858 169 892 non
188 841 355 904 potest,
387 851 600 905 quantam
617 838 708 885 vim
724 850 933 884 errorum
950 835 1118 883 multae
1135 850 1317 897 manus,
1349 850 1432 899 per
1452 853 1560 901 quas
1580 838 1643 885 ire
1662 837 1774 887 solet
1792 838 1883 888 hoc
1902 857 2043 903 genus
2061 844 2197 893 libro—

73 937 197 981 rum,
230 921 491 969 inuexerint.
553 920 706 980 Itaque
723 913 851 978 saepe
869 915 1132 976 deliberaui,
1165 929 1222 963 an
1240 930 1336 963 non
1353 915 1596 965 consultius
1614 915 1776 979 fuisset,
1808 920 1939 982 plane
1956 937 2051 970 non
2072 922 2198 971 adhi-

74 1002 183 1051 bere
209 1001 405 1049 alienum
422 1012 534 1061 opus
561 1007 775 1059 tanquam
800 993 1014 1055 fundum,
1046 1006 1125 1041 aut
1151 995 1541 1058 quemadmodum
1568 995 1697 1059 supra
1717 999 1948 1061 dicebam,
1982 1014 2198 1067 tanquam

73 1081 244 1131 loculos
269 1092 315 1128 et
338 1076 613 1141 repofitoria,
645 1077 693 1122 in
716 1090 831 1138 quae
855 1074 1018 1136 fingula
1044 1072 1401 1136 disponerentur.
1476 1076 1546 1123 Ac
1573 1075 1684 1125 mihi
1710 1091 1832 1128 certe
1850 1078 2017 1130 facilius
2035 1081 2200 1144 fuiffet,
2231 1098 2233 1101 ’

74 1172 209 1224 atque
235 1160 294 1208 ad
321 1158 480 1206 multas
507 1170 578 1203 res
606 1154 892 1202 commodius
920 1155 1152 1217 perlegere
1178 1169 1340 1203 omnes
1358 1155 1522 1204 ordine
1540 1156 1792 1221 Scriptores
1816 1160 2025 1222 Latinos,
2058 1177 2200 1210 anno-

73 1251 169 1289 tare
201 1240 247 1287 in
272 1236 476 1300 separatis
501 1233 672 1284 scidulis
689 1235 843 1283 omnia
860 1250 874 1296 3
915 1249 988 1282 eas
1006 1249 1147 1297 porro
1167 1232 1362 1297 scidulas,⁴
1372 1237 1525 1299 primo
1543 1236 1685 1285 aliena
1703 1253 1843 1301 opera
1862 1253 2090 1305 vtcunque
2115 1242 2201 1290 dis-

74 1332 273 1382 ponere:
321 1315 484 1364 deinde
511 1329 617 1363 meo
643 1314 808 1363 iudicio
829 1313 1043 1363 ordinare
1066 1316 1325 1363 accuratius.
1419 1316 1614 1378 Verum,
1645 1329 1697 1366 vt
1724 1318 1794 1377 fit,
1828 1321 2057 1369 confilium
2092 1322 2203 1372 illud

73 1397 172 1448 sero
203 1384 250 1446 in
271 1407 469 1444 mentem
487 1391 611 1443 venit
626 1432 639 1455 ,
670 1389 728 1442 et
754 1409 860 1442 cum
877 1393 1002 1442 bona
1018 1395 1109 1442 iam
1126 1410 1229 1458 pars
1249 1395 1398 1458 operis
1422 1394 1637 1444 exhausta
1655 1396 1779 1459 esset,
1796 1397 1869 1464 fir
1887 1416 1939 1448 ne
1949 1402 2204 1463 perdiderit

74 1493 159 1526 non
186 1474 314 1539 cqffizt
340 1476 526 1538 perdere
541 1474 672 1536 lusor.
735 1474 903 1539 Neque
918 1475 1040 1523 enim
1057 1475 1207 1538 primo
1227 1476 1557 1537 cogitaueram,
1577 1477 1736 1525 decem
1753 1479 1942 1542 amplius
1962 1496 2108 1530 annos
2125 1482 2205 1530 im-

73 1555 273 1619 pendere
289 1552 394 1602 huic
412 1539 622 1616 negotio,
655 1552 732 1602 sed
748 1555 876 1603 intra
894 1556 1082 1604 tertium
1101 1570 1262 1604 armum
1281 1555 1390 1603 illud
1410 1558 1652 1606 exiturum
1679 1558 1726 1605 in
1744 1573 2083 1627 programmate
2100 1576 2205 1633 pro-

73 1633 290 1683 miseram.
356 1634 618 1682 Inciderunt
633 1635 797 1685 deinde
813 1635 955 1684 multa
972 1635 1053 1684 alia
1064 1672 1076 1695 ,
1103 1651 1218 1700 quae
1236 1634 1309 1684 hic
1329 1650 1694 1686 commemorare
1709 1637 1819 1686 nihil
1836 1641 2020 1700 attinet,
2054 1641 2103 1689 in
2120 1642 2208 1704 pri-

74 1716 158 1764 mis
176 1728 306 1762 amor
323 1711 505 1776 suscepti
528 1715 698 1777 operis,
738 1726 784 1762 et
797 1714 994 1762 studium
1013 1714 1237 1764 efficiendi
1252 1715 1441 1780 aliquid,
1475 1717 1601 1779 quod
1618 1718 1725 1779 vtile
1747 1718 1830 1766 efle
1846 1719 1989 1781 posset
2005 1721 2208 1772 studiofis

73 1806 120 1843 et
135 1791 379 1842 faciliorem
395 1793 589 1842 reddere
606 1795 745 1852 illam,
777 1811 916 1858 quam
933 1796 1238 1857 expetendam
1261 1794 1392 1841 valde
1410 1792 1622 1854 equidem
1640 1786 1860 1853 arbitror,
1889 1812 1993 1845 cum
2014 1800 2208 1861 antiquis

74 1873 307 1923 Romanae
323 1874 595 1935 reipublicae
611 1886 656 1920 et
673 1874 849 1933 imperii
865 1872 1131 1934 proceribus
1146 1868 1502 1918 familiaritatem.
1575 1870 1736 1917 Verbo
1756 1873 1870 1925 ratio
1891 1875 2091 1922 ineunda
2110 1873 2209 1936 fuit,

74 1953 208 2002 nobis
226 1951 349 1999 haud
365 1950 514 2012 paullo
533 1949 755 1996 difficilior
772 1961 818 1992 et
833 1948 1062 2005 ingratior.
1137 1946 1330 2010 Qoties
1346 1947 1393 1993 in
1411 1947 1578 2011 aliquid
1594 1948 1845 1998 inciderent
1862 1968 1992 2002 mens
2012 1966 2058 2002 et
2076 1955 2209 2016 oculi,

77 2032 226 2094 qualia
251 2030 388 2076 multa
413 2027 460 2071 in
489 2023 663 2084 fingulis
689 2022 863 2084 paginis
891 2023 1112 2072 obuenire
1139 2024 1309 2073 necesse
1335 2038 1432 2075 erat
1458 2025 1637 2077 homini
1666 2044 1763 2077 non
1785 2031 2008 2092 ignauiter
2024 2051 2108 2098 per
2134 2036 2209 2084 tri-

75 2108 198 2170 ginta
223 2105 411 2168 amplius
428 2117 573 2151 annos
592 2103 638 2150 in
656 2100 725 2150 his
743 2102 879 2151 literis
898 2101 1096 2165 versato,
1136 2105 1300 2169 quique
1319 2104 1388 2154 bis
1407 2106 1684 2156 Fabrianum
1700 2108 1961 2160 thesaurum
1982 2114 2208 2178 curassem,

74 2186 250 2252 quoties
278 2198 388 2246 ergo
417 2182 582 2247 aliquid
608 2182 825 2245 legerem,
859 2183 986 2246 quod
1011 2183 1198 2248 aliquod
1223 2198 1514 2235 momentum
1539 2188 1778 2265 T&rideretur
1803 2190 1995 2254 habere,
2036 2196 2084 2242 in
2115 2210 2210 2259 quo

75 2267 147 2316 vel
170 2265 381 2313 minimus
408 2261 645 2314 dubitandi
669 2262 795 2312 locus
828 2262 931 2311 esset
947 2302 957 2322 ,
989 2263 1099 2313 nulli
1125 2279 1232 2313 meo
1259 2264 1405 2314 labori
1431 2269 1614 2330 peperci
1636 2307 1648 2330 ,
1699 2282 1749 2319 vt
1777 2270 2042 2336 inspicerem
2070 2274 2210 2338 ipsam

77 2345 295 2395 orationis
319 2342 499 2403 seriem,
532 2355 577 2391 et
600 2342 788 2407 quidem
806 2343 854 2391 in
880 2342 1025 2405 libris,
1058 2345 1135 2408 qui
1163 2343 1306 2394 hodie
1331 2344 1560 2395 habentur
1583 2350 1947 2414 emendatissimi,
1981 2366 2027 2402 et
2053 2355 2210 2403 instru-

77 2424 261 2475 ffiffimi.
333 2423 405 2473 Sic
429 2434 534 2472 nata
550 2423 614 2471 est
631 2421 802 2471 occasio
821 2421 968 2485 plura,
1002 2429 1138 2487 quam
1157 2425 1358 2487 cogitare
1375 2427 1546 2490 potest,
1578 2430 1771 2493 quinon
1788 2444 2000 2495 expertus
2017 2434 2081 2493 est
2095 2472 2107 2494 ,
2148 2435 2212 2482 vi-

12 2500 15 2504 ’
78 2503 191 2553 tiosa
206 2500 446 2566 detegendi
463 2502 850 2566 emendandique:
870 2501 1000 2568 Qot
1010 2504 1145 2566 enim,
1156 2518 1382 2568 putamuS,
1393 2507 1494 2568 loci,
1505 2510 1563 2556 ab
1589 2523 1646 2557 eo
1664 2509 1772 2558 inde
1786 2522 1995 2575 tempore
2011 2528 2104 2577 quo
2122 2512 2212 2562 col-

81 2581 193 2632 lesta
209 2581 310 2631 sunt
326 2582 513 2641 Lexica‚
529 2582 757 2646 speciatim
775 2582 834 2631 ab
853 2589 999 2631 aetate
1015 2583 1121 2632 inde
1142 2584 1256 2633 Rob.
1266 2585 1495 2650 Stephani,
1520 2589 1780 2638 criticorum
1801 2606 1890 2654 ope
1908 2593 1982 2641 vel
1999 2609 2055 2641 ex
2076 2593 2213 2652 libris,

80 2662 152 2712 vel
173 2677 230 2710 ex
247 2659 363 2710 felici
379 2661 635 2711 coniestura
650 2663 876 2712 emendati
895 2660 996 2710 sunt
1006 2663 1030 2712 ?
1049 2677 1163 2728 quot
1177 2663 1309 2714 falsae
1327 2667 1724 2736 interpretationes
1739 2670 1969 2721 reuielae?
1980 2673 2121 2736 Saepe
2139 2672 2213 2721 hic

81 2741 263 2803 accidit,
301 2753 352 2790 vt
375 2739 521 2806 plures
539 2741 682 2791 hosae
698 2742 1027 2807 impendendae
1045 2744 1181 2793 essent
1199 2746 1277 2794 vni
1295 2747 1400 2795 loco
1418 2747 1619 2810 primum
1639 2749 1939 2813 inueniendo,
1972 2753 2000 2800 si
2020 2768 2119 2801 non
2137 2752 2213 2801 nifi

80 2822 178 2884 laxe
189 2860 202 2883 ,
232 2821 358 2886 quod
374 2820 503 2886 saepe
518 2820 686 2891 fastum
702 2823 923 2873 indicatus
939 2823 1062 2886 esset,
1095 2836 1195 2874 tum
1213 2825 1335 2875 re&e
1352 2827 1719 2892 interpretando,
1748 2832 1874 2894 quod
1889 2844 2134 2896 Vtrumque
2151 2833 2212 2880 ita

81 2888 278 2950 breuiter
301 2917 328 2950 a
353 2901 487 2951 nobis
515 2902 778 2968 expeditum
800 2904 885 2966 est,
915 2906 967 2953 v't
991 2905 1267 2970 plerumque
1283 2922 1343 2955 ne
1369 2907 1609 2970 vestigium
1635 2909 1820 2974 quidem
1839 2926 2006 2974 operae
2033 2912 2213 2959 nostrae

83 2981 249 3029 exstet:
295 2993 417 3031 certe
437 2982 523 3047 'qui
549 2979 733 3033 vtentur
757 2983 966 3034 thesauro
992 2986 1151 3035 nostro
1181 3002 1279 3035 non
1305 2985 1522 3054 sentient,
1555 2989 1647 3039 illas
1664 3005 1829 3053 paucas
1847 3003 1980 3039 notas
1998 3004 2213 3056 numero-

82 3075 209 3118 rum,
247 3050 316 3110 illa
341 3063 424 3111 tria
445 3075 524 3112 aut
548 3075 746 3128 quatuor
762 3057 901 3114 verba
917 3066 1319 3129 interpretationiS,
1347 3079 1476 3116 tanta
1495 3068 1629 3119 nobis
1647 3071 1868 3133 temporis
1888 3082 1933 3118 et
1950 3069 2117 3118 laboris
2136 3078 2214 3120 irn-

83 3136 220 3202 pensa
245 3141 486 3191 constitisse.
567 3143 711 3193 Multa
737 3142 867 3192 hic-a
890 3141 1024 3194 nobis
1052 3145 1360 3196 animaduersa
1379 3187 1390 3206 ,
1423 3163 1541 3213 quae
1566 3149 1764 3212 primum
1792 3148 1865 3199 hic
1890 3146 2215 3211 proferuntur,

84 3218 251 3266 multos
270 3219 397 3267 locos
412 3234 617 3271 veterum
642 3225 796 3273 nostra
812 3239 951 3288 opera
968 3225 1040 3274 vel
1059 3227 1396 3278 emendatiores
1414 3229 1487 3278 vel
1502 3229 1836 3293 explicatiores,
1875 3226 1950 3278 hic
1967 3228 2214 3292 inuenient,

85 3296 390 3368 quijconferre
407 3301 558 3362 nostra
572 3318 678 3351 cum
694 3304 787 3352 aliis
813 3305 924 3374 tan'ti
951 3305 1188 3368 putabunt.

209 3401 253 3448 9.
295 3387 383 3436 Sed
411 3402 496 3439 nec
523 3389 630 3438 illud
643 3384 922 3460 fdiffimula'r'e
937 3395 1028 3443 mei
1044 3395 1234 3458 pudoris
1250 3396 1337 3463 est,
1368 3412 1464 3446 non
1483 3395 1670 3461 potuisse
1686 3394 1805 3456 hanc
1827 3398 2103 3465 diligentiam
2121 3396 2215 3444 fim-

86 3465 258 3527 pliciter
283 3467 516 3526 omnibUS,
550 3462 787 3538 dequibus
812 3445 1099 3533 dffhitabam,
1129 3473 1359 3525 sufficere:
1391 3475 1513 3526 forte
1531 3475 1761 3543 interdum
1777 3492 1862 3525 nec
1881 3477 2110 3538 dubitaui,
2137 3476 2217 3525 vbi

82 3542 211 3592 >locus
232 3546 482 3609 quaestioni
501 3560 609 3596 erat.
675 3545 782 3619 Eia}
799 3535 1107 3630 vbi'sstempore
1133 3548 1335 3604 exclusus
1353 3568 1460 3604 ante
1479 3555 1677 3617 cogebar
1695 3544 1811 3604 vltra
1824 3555 2059 3619 progredi,
2079 3571 2217 3620 quam
2236 3620 2246 3630 ⁶

89 3617 187 3670 satis
206 3615 296 3685 ipse
311 3619 423 3673 mihi
443 3627 488 3673 in
505 3625 574 3676 his
591 3623 803 3694 fecissem,
834 3639 946 3714 qulae
962 3627 1261 3698 typographis
1279 3635 1501 3683 tradenda
1521 3641 1670 3684 erant.'
1727 3637 1781 3685 In
1798 3634 2010 3698 epithetis
2029 3635 2218 3699 quidem

91 3701 365 3762 vulgaribus,
396 3717 442 3753 et
467 3708 723 3772 notioribus
748 3703 974 3777 formulis,
1013 3714 1061 3761 in
1077 3729 1271 3778 quarum
1297 3725 1446 3778 neque
1461 3715 1803 3777 fignificatione,
1822 3730 1971 3779 neque
1988 3713 2068 3763 vsu
2086 3713 2218 3764 valde

90 3783 261 3841 peccari
277 3782 395 3845 posse
417 3788 642 3846 putabam,
652 3788 807 3836 indulsi
825 3782 935 3839 mihi
958 3790 1168 3850 securius,
1186 3806 1231 3842 et
1247 3793 1440 3856 pluscula
1456 3794 1616 3858 reliqui
1631 3796 1780 3859 qualia
1797 3795 2075 3852 inueneram,
2093 3794 2219 3841 cuius

85 3858 154 3906 rei
173 3855 264 3907 hoc
272 3858 374 3911 fere
390 3863 606 3915 indicium
623 3869 708 3930 est,
739 3870 767 3918 fi
795 3868 1010 3923 indicium
1034 3871 1187 3924 versus
1209 3874 1256 3922 in
1283 3874 1458 3934 PoetiS,
1479 3887 1557 3922 aut
1579 3875 1736 3937 capitis
1755 3875 1803 3923 in
1818 3873 1912 3923 aliis
1928 3871 2220 3936 scriptoribus

1255 3961 1286 4009 d
2090 3958 2221 4008 omis-
