2474 4182
43 136 131 188 ,073
413 134 448 174 C
531 135 568 174 O
644 134 692 174 M

46 223 185 256 auriculis,
197 230 318 257 compara
335 223 432 250 labella
445 231 504 251 curn
519 220 636 255 labellis,
657 228 687 248 vt
697 224 775 256 paria
787 221 858 257 fiant
871 222 939 250 leiim.
1032 222 1055 262 q
1070 230 1087 260 7

46 262 77 288 Et
89 263 147 297 quia
157 262 222 285 inter
237 260 309 293 paria
324 263 455 295 proportio
475 259 590 295 quaedam
604 257 753 283 intercedo-t·
772 259 839 284 ‹irbct
853 267 926 295 atque
942 260 1088 295 Analogia:

20 309 21 333 1
45 297 103 323 hinc
115 295 169 321 Cic.
187 294 305 321 Timaeo
319 305 340 322 c.
356 304 368 327 ς
396 297 435 322 113
454 295 582 328 contigit,
595 300 624 319 vt
642 293 711 319 inter
731 295 819 328 ignem
837 302 862 322 ct
880 302 977 322 terram
992 305 1088 331 aquam

20 349 21 370 1
47 333 114 358 Deus
127 330 296 365 animamque
310 337 435 365 poneret,
456 339 537 365 eaque
551 329 620 354 inter
633 329 658 354 se
672 336 852 364 compararet,
872 337 898 357 et
912 333 1087 366 proportione

20 376 21 407 1
45 366 223 399 coniungeret.
276 366 350 403 Conf.
372 367 454 401 princ.
469 374 522 399 cap.
536 364 599 399 quod
619 367 656 390 ita
677 366 803 401 legendum
821 374 953 401 putamus,
973 368 1088 401 Qlando

20 416 21 424 1
47 401 117 428 0111111
131 403 212 427 11111111
226 402 268 428 vel
281 411 455 429 numerorum
468 400 508 427 vel
528 400 687 434 figurarum,
707 402 749 428 vel
770 411 991 437 quorumcunque
1012 412 1087 438 gene.

46 445 106 464 rum
124 437 267 472 contingit,
287 444 315 464 vt
334 437 406 472 quod
428 436 545 463 medium
564 435 609 468 fit,
623 442 652 462 vt
671 437 696 462 ci
716 440 800 474 (vulg.
815 438 870 470 vti,
883 438 948 473 quod
965 445 1046 465 ortum
1059 448 1089 464 cx

44 473 157 508 vteipro
173 479 199 500 vt
214 474 257 505 ci)
273 473 388 507 primum
400 471 574 507 proportione
585 491 593 504 ,
614 472 650 499 ita
668 472 695 498 id
709 474 840 507 postremo
854 481 1031 508 comparetur,
1049 475 1089 500 vi-

1545 141 1580 182 C
1660 144 1696 184 O
1775 143 1823 185 M
2103 170 2197 208 1074

1152 224 1287 260 Gregibus,
1308 225 1395 252 Varro
1411 226 1442 252 R.
1457 227 1489 254 R.
1504 237 1519 254 2
1538 239 1576 269 pr.
1591 239 1603 264 ς
1625 231 1752 260 Pabulum
1772 234 1802 261 in
1819 232 1906 262 fundo
1923 241 2099 274 compascere,
2120 253 2198 279 quam

1153 260 1284 292 vendere,
1305 261 1461 297 plerumque
1474 273 1556 298 magis
1570 268 1685 302 expedit.
1723 271 1754 296 Et
1774 278 1793 303 1,
1814 279 1837 303 2,
1862 277 1886 301 18
1905 279 1962 298 ante
1981 274 2119 303 ViHoriwn
2138 281 2199 305 lesse.

1152 296 1242 327 batur,
1272 296 1315 322 Nc
1335 306 1422 337 capras
1449 303 1602 332 compascat.
1623 304 1679 329 dum
1695 304 1772 338 Jimul
1791 306 1908 341 pascunt.
1945 307 2012 333 Plin.
2034 318 2059 341 9,
2078 320 2110 344 54
2132 303 2199 348 [579

1153 332 1283 358 Nondum
1302 333 1454 359 Britannica
1475 335 1624 364 seruiebant
1647 339 1742 372 litora,
1768 351 1851 376 quum
1872 343 1952 369 Orata
1969 339 2083 371 Lucrina
2102 348 2200 375 nobili-

1154 367 1239 393 tabat:
1261 369 1349 401 postea
1362 369 1448 395 visum
1463 371 1530 396 tanti
1544 372 1571 396 in
1586 381 1702 401 extrema
1711 375 1785 403 Italia
1800 384 1889 411 petere
1903 379 2076 405 Brundulium
2092 382 2201 410 ostreas:

1155 412 1183 429 ac
1202 412 1234 428 ne
1254 403 1286 443 lis
1303 404 1364 443 effct
1385 405 1454 431 inter
1472 406 1537 446 duos
1559 407 1678 441 sapores,
1697 420 1780 445 nuper
1794 414 1980 447 excogitatum,
1995 415 2093 443 famem
2108 416 2201 452 longae

1155 438 1322 465 aducftionis
1337 448 1351 465 a
1366 440 1699 477 Brundulio,compascere
1715 447 1741 472 iu
1758 449 1882 475 Lucrino.
1920 450 2092 485 Compascere
2105 452 2202 481 famem

1155 483 1202 500 noti
1212 472 1244 506 1.st
1256 475 1417 510 compescere,
1430 476 1622 512 Ji'durcfamcm
1631 490 1638 504 :
1652 480 1839 520 Jiafaniclicas
1849 493 1898 510 vna
1905 486 2021 521 post-erc,
2030 487 2202 523 thtlopparct

20 515 22 538 7
45 507 179 543 cjffimque
193 515 221 535 vt
235 516 380 535 extremum
402 516 461 533 cum
480 507 585 537 medio,
606 507 638 534 fic
656 509 773 535 medium
792 518 850 535 cum
869 509 956 543 primo
970 511 1088 536 confera-
1156 519 1232 542 ex32,
1245 512 1261 535 6
1276 511 1294 535 s»
1311 519 1337 535 21
1359 512 1398 537 Sic
1408 512 1578 540 Brundifiana
1591 512 1668 546 oslrm
1684 525 1712 541 111
1729 518 1836 545 Auerno
1855 521 1984 555 compasta
2014 529 2040 549 et
2055 525 2128 549 suum
2141 526 2203 551 reti·

19 541 22 569 ἓ
45 550 106 574 tur;
128 544 154 570 id
170 544 241 579 quod
259 544 374 571 medium
388 542 424 568 est
438 549 495 568 tum
511 544 627 577 primum
650 544 678 570 iit
692 551 748 571 tum
764 545 939 579 postremum3
957 546 1087 580 postrema
1106 548 1136 568 10
1156 554 1219 572 nere
1232 546 1353 577 succum,
1373 553 1398 572 et
1410 556 1424 572 a
1438 548 1556 575 Lucrino
1575 551 1700 584 adoptare
1713 553 1864 581 creduntur.
1901 558 1960 583 Pais.
1970 543 2054 585 V'arro
2064 558 2191 586 delclm

20 582 23 612 1
44 588 110 606 vero
123 586 148 606 et
162 581 246 614 prima
259 579 344 606 media
358 578 424 604 fiunt
437 586 483 604 etc.
525 579 582 605 ls'iu'.
607 585 827 608 COMPARATio
848 590 874 606 n.
888 590 913 607 2.
1155 590 1182 615 53
1205 581 1285 607 Mess'e
1300 581 1386 613 facia,
1404 583 1569 617 spicilegium
1583 587 1676 612 venire
1690 594 1810 621 oportet,
1823 596 1867 616 aut
1880 590 1953 619 domi
1968 593 2052 620 leuci-e
2066 581 2203 628 stipulamf

22 624 23 628 ¹
82 617 312 645 COMPAR.·iTvs‚
326 623 350 646 a,
365 623 418 640 um.
440 615 507 640 Part.
534 616 577 646 Vt,
592 615 690 642 Bestiae
702 622 869 651 comparatae
881 617 951 643 Suet.
960 615 1032 643 Caes.
1048 623 1088 651 75.
1155 622 1200 644 aut
1221 616 1238 642 fi
1258 617 1316 643 sunt
1338 617 1423 650 spicae
1443 628 1532 652 rarae,
1554 627 1579 647 et
1600 631 1695 655 operae
1713 632 1802 655 carae,
1821 628 1965 660 compasci,
1987 616 2007 655 1³?
2022 631 2144 665 pascendo
2163 632 2201 658 ab⁴

14 630 23 693 ξ
46 650 106 677 Liu.
122 659 162 684 30,
176 657 204 681 28
224 652 366 677 Erexerunt
378 651 500 676 omnium
515 651 617 677 animos
631 652 720 687 Scipio
735 659 760 679 et
775 652 905 685 Annibal,
918 653 991 679 velut
1004 652 1035 679 ad
1049 653 1089 678 su·
1149 653 1226 689 sumi.
1298 652 1420 679 Scaeuola
1438 655 1466 679 in
1479 655 1495 680 l.
1516 656 1654 683 Testatrix
1673 656 1696 693 9.
1717 658 1806 685 Plures
1820 661 1851 687 D.
1868 663 1893 687 Si
1914 658 2026 691 seruitus
2040 667 2195 694 vendicetur

14 712 17 722 f
44 695 165 720 premum
185 685 326 720 comparati
346 685 439 718 duces,
459 689 476 712 i.
496 686 633 721 Coniposi'ti,
649 698 678 714 cx
690 687 878 724 significatione
901 689 972 715 verbi
990 690 1088 715 ultima.
1157 689 1245 716 Plures
1259 696 1290 714 ex
1305 689 1501 722 municipibus,
1522 693 1569 725 qui
1583 693 1685 719 diuersa
1698 695 1805 728 praedia
1822 697 1982 729 possidebant
2019 700 2110 728 saltum
2133 688 2203 729 corni

21 718 23 758 ἶ
45 722 157 748 Familia
166 722 338 756 gladiatorum
354 728 514 756 comparata,
535 726 552 748 i.
575 724 672 749 Coamta
682 724 751 750 Suet.
761 725 833 750 Caes.
842 732 863 749 c.
873 731 909 749 10.
948 725 1022 751 Curt.
1033 734 1053 750 c.
1063 726 1089 756 6,
1108 731 1134 757 ις
1157 733 1282 756 munem,
1304 729 1331 750 vt
1345 725 1388 750 Ius
1404 726 1586 759 compascendi
1601 728 1742 762 haberent,
1758 732 1866 758 mercati
1882 733 1955 766 sunt,
1976 721 1997 761 1.,
2016 747 2065 762 ona
2077 739 2201 772 poscendi.

21 769 23 774 1
43 765 69 789 2,
83 766 101 789 4
125 758 193 784 Hinc
205 757 302 791 saepius
317 765 481 792 comparatae
498 760 525 784 in
539 759 595 784 eius
610 759 818 792 caputinfidiae,
837 762 855 784 i.
875 761 991 785 Paratae.
1011 768 1035 786 et
1050 762 1091 787 Sic
1192 768 1209 786 c
1220 768 1239 787 o
1249 767 1273 786 Μ
1284 767 1298 785 P
1308 767 1408 787 ASTv
1419 768 1448 792 s,
1472 770 1485 787 a
1495 781 1503 793 ,
1524 771 1580 788 um.
1617 765 1683 790 Pliu.
1699 774 1737 798 32,
1752 769 1768 792 6
1786 766 1803 792 s.
1817 775 1853 793 21,
1874 775 1901 793 ut
1914 770 2023 797 fimum—‚75
2058 769 2204 801 Bruhdffia-

18 809 23 825 ¹«
43 793 163 827 Supellex
183 799 330 827 comparata
352 795 428 820 Curt.
444 802 466 827 ς,
484 797 510 826 6,
526 803 546 826 3.
605 794 714 821 Nullius
736 803 853 829 vnquam
877 794 1016 821 confilium
1035 802 1089 821 non
1156 805 1190 822 na
1207 796 1234 822 in
1248 797 1356 822 Auerno
1370 796 1508 831 compasta.
2031 792 2038 803 '

21 828 23 853 2
41 828 123 855 modo
137 828 293 860 antelatum,
308 829 351 855 scd
365 838 397 855 ne
413 836 593 864 comparatum
607 829 715 865 quidem
729 830 765 856 cst
786 831 855 865 Nep.
870 839 918 862 20,
934 839 957 863 3,
978 833 1003 857 6.
1039 833 1089 858 Ve-
1191 839 1235 858 CO
1245 839 1269 858 M
1280 839 1294 857 Ρ
1304 839 1325 858 Α
1336 839 1347 858 s
1358 839 1433 858 TOR
1443 853 1451 864 ,
1479 832 1545 858 bris.
1573 842 1608 859 111.

14 862 16 866 ’
43 873 141 890 1101111111
153 866 333 898 comparatum
346 865 416 892 Suet.
429 866 527 892 Tiber.
542 874 586 898 49.
1155 867 1218 893 Fab.
1234 873 1278 901 187
1305 868 1379 893 Alter
1398 868 1554 902 compastor.

518 902 623 928 Vitruu.
643 907 661 935 7
681 901 790 935 praefat.
804 900 856 936 fin.
879 900 976 935 Amplo
995 901 1088 928 modu·
1101 910 1137 930 20
1192 909 1269 929 colu
1281 909 1295 927 Ρ
1307 910 1405 930 ASCV
1417 912 1434 928 v
1446 912 1458 930 s
1475 924 1483 936 ,
1508 913 1536 935 a,
1563 913 1618 930 um.
1655 904 1716 931 Adi.
1753 907 1765 936 [
1781 909 1915 944 σωγόμης]
1958 912 2007 943 Vt,
2029 913 2204 948 Compasi-uus

1155 946 1232 972 ager,
1251 938 1368 964 Relicius
1384 940 1415 965 ad
1429 939 1585 974 pascendum
1605 941 1783 967 communiter
1799 943 1909 975 vicinis,
1925 949 2006 980 inquit
2021 949 2116 975 Festus.
2147 953 2204 979 Cic.

584 1006 587 1007 .
1154 974 1182 999 in
1197 975 1299 1008 Topic.
1315 983 1342 1000 12
1357 984 1377 1001 c.
1392 984 1403 1007 3
1438 976 1464 1001 si
1480 977 1648 1010 compascuus
1668 985 1730 1011 ager
1746 977 1798 1009 est,
1815 979 1857 1004 ius
1871 979 1906 1004 cst
1921 984 2091 1014 compascere.
2162 988 2204 1013 111,

18 1019 19 1022 ¹
40 1007 201 1042 Apparatus:
224 1015 262 1040 vt,
283 1009 456 1043 Comparatio
474 1009 540 1034 noui
561 1007 624 1034 belli
644 1007 700 1033 Cic.
722 1016 770 1041 pro
790 1008 859 1042 Lege
877 1009 971 1035 Manil.
984 1017 1001 1041 9
1024 1018 1045 1034 c.
1060 1017 1087 1041 4.
1154 1011 1412 1045 coinpal'cuum‚pro
1433 1012 1614 1047 Compqsccntii,
1642 1012 1765 1039 Scaeuola
1783 1014 1813 1039 in
1831 1012 1848 1040 1.
1870 1015 2006 1041 Testatrix
2028 1017 2049 1053 9.
2071 1020 2151 1047 finali,
2173 1023 2204 1049 Ι),

17 1061 19 1067 «
39 1042 150 1069 Initium
164 1050 188 1069 et
203 1045 368 1079 comparatio
384 1054 469 1071 nouae
481 1042 686 1071 amicitiaeSen.
701 1043 747 1077 Ep.
762 1052 787 1076 9.
835 1043 888 1069 Cic.
904 1045 942 1077 Q
953 1045 1023 1071 Frat.
1038 1053 1057 1076 1,
1073 1052 1088 1070 2
1154 1046 1180 1071 Si
1195 1046 1309 1071 seruitus
1328 1047 1498 1078 vendicetur,
1519 1049 1585 1074 Itcm
1599 1056 1714 1082 quaero,
1736 1058 1769 1075 an
1782 1058 1864 1084 quum
1885 1059 1943 1085 pars
1958 1051 2065 1079 illorum
2086 1058 2207 1090 proprio.

18 1076 24 1111 5
39 1078 181 1113 Pompeius
193 1081 284 1107 omnia
298 1081 454 1115 pollicetur,
469 1087 493 1106 et
507 1080 614 1107 Caesar:
635 1078 733 1113 quibus
749 1079 785 1105 ita
799 1079 888 1112 credo,
905 1087 933 1106 vt
948 1079 1016 1105 nihil
1032 1088 1090 1105 mea
1105 1084 1136 1109 τις
1155 1090 1216 1107 rum
1230 1081 1378 1107 fundorum
1400 1082 1486 1116 legato
1506 1082 1539 1109 ad
1559 1083 1677 1118 aliquem
1691 1086 1832 1112 transmissa
1849 1085 1896 1119 fit,
1915 1086 2019 1122 aliquid
2039 1088 2104 1115 iuris
2120 1092 2207 1120 secum

20 1115 236 1148 icomparationc
259 1117 414 1143 diminuam.
488 1115 694 1150 Compar-atione
722 1115 915 1150 disciplinaque
935 1114 1040 1140 dicendi
1061 1115 1089 1141 in
1155 1117 1235 1144 huius
1250 1118 1399 1151 compascui
1419 1119 1539 1144 traxerit.

38 1155 214 1184 patronorum
233 1161 374 1178 numerum
395 1152 535 1186 peruenire
555 1151 611 1178 Cic.
626 1150 658 1176 de
672 1151 742 1177 Clar.
759 1152 833 1177 Orat.
854 1153 907 1182 263.
933 1150 1018 1177 Paullo
1031 1158 1089 1177 anre
1192 1159 1209 1179 c
1223 1160 1241 1180 o
1252 1160 1276 1178 M
1287 1160 1301 1179 r
1311 1160 1331 1179 A
1341 1161 1353 1179 s
1363 1161 1375 1179 s
1387 1161 1424 1180 10
1434 1173 1441 1186 ,
1464 1160 1480 1180 c
1491 1161 1510 1180 0
1521 1161 1544 1180 M
1556 1159 1571 1179 Ρ
1582 1160 1602 1180 Α
1611 1161 1623 1180 s
1634 1161 1735 1182 51311,
1746 1165 1755 1182 1
1764 1164 1788 1189 s,
1809 1163 1854 1182 etc.
1879 1156 1933 1183 uid.
1956 1163 2160 1187 COMPATloR.

38 1186 200 1220 Apparatum
213 1187 287 1214 dni-it.
359 1188 531 1223 Comparatio
540 1206 547 1219 ,
560 1186 707 1222 Aequisitio.
723 1194 768 1219 vt,
783 1187 955 1220 Comparatio
970 1186 1090 1221 volupta-
1192 1195 1210 1216 c
1222 1196 1275 1215 OM
1287 1195 1302 1214 Ρ
1314 1196 1336 1215 A
1345 1196 1357 1215 s
1366 1196 1387 1215 T
1397 1197 1405 1216 1
1415 1197 1431 1216 c
1441 1197 1461 1216 v
1471 1198 1495 1222 s,
1508 1199 1532 1222 a,
1548 1199 1601 1215 11111.
1623 1191 1684 1217 Adi.
1713 1190 1884 1218 Inflabwzdus
1896 1200 1937 1227 ap.
1952 1193 2034 1220 Plaut.
2046 1196 2134 1223 Truc.
2148 1206 2172 1231 5,
2188 1206 2209 1231 1,

39 1223 74 1249 ξω
89 1223 143 1248 Cic.
161 1223 193 1249 de
206 1223 291 1250 finib.
306 1232 332 1255 2,
368 1241 374 1250 .
415 1243 421 1250 .
493 1223 622 1258 Ἀγορασίκ
638 1224 695 1248 Vet.
707 1222 786 1249 Gloff.
814 1222 887 1248 Idem
903 1231 952 1256 pro
967 1223 1088 1249 Muraen.
1156 1233 1187 1257 50
1207 1226 1270 1261 legit
1283 1225 1456 1258 Laurenm'erg.
1470 1228 1578 1261 Antiqu.
1588 1233 1615 1261 p.
1627 1231 1670 1261 96.
1686 1228 1718 1253 al.
1733 1229 1844 1263 Cainpas
1863 1228 1946 1261 dicis,
1968 1239 1992 1256 υ.
2007 1240 2031 1256 v.

39 1266 78 1290 44
99 1259 162 1284 Non
177 1259 258 1293 placet
278 1259 346 1285 mihi
367 1258 506 1293 inquisitio
521 1258 653 1285 candidati
667 1258 821 1293 praenuntia
833 1259 966 1291 repulsae:
984 1268 1039 1285 uon
1054 1265 1089 1285 tc·
1104 1265 1136 1289 30
1192 1265 1209 1286 c
1222 1268 1240 1287 0
1251 1267 1275 1286 Μ
1285 1267 1300 1285 1>
1311 1259 1362 1287 ᾸΤ
1374 1268 1411 1288 10
1421 1256 1456 1294 εἴ,
1475 1263 1555 1296 passus
1570 1262 1624 1288 sum
1636 1283 1642 1293 ‚
1661 1264 1724 1297 pati.
1762 1263 1935 1301 [συμπάχω]
1979 1267 2035 1292 Vna
2047 1269 2115 1301 pati.
2137 1268 2208 1295 Ter-

39 1293 117 1319 stium
137 1296 237 1329 potius,
257 1304 336 1330 quam
357 1295 558 1330 suffragatorum
583 1295 756 1329 comparatio.
825 1293 993 1320 Diuitiarum
1011 1295 1089 1321 anxia
1155 1296 1212 1322 tull.
1228 1296 1288 1323 adu.
1303 1298 1426 1323 Praxean]
1443 1307 1464 1324 c.
1474 1306 1508 1330 29
1536 1298 1594 1324 Nec
1613 1301 1755 1333 compali'us
1773 1300 1810 1326 cst
1823 1306 1897 1335 pater
1910 1300 1978 1327 filio.
1997 1303 2028 1328 Et
2041 1312 2112 1329 mox:
2135 1304 2210 1338 Qud

40 1331 203 1364 comparatio
219 1331 304 1357 Valer.
320 1332 389 1358 Max.
404 1342 434 1365 4,
448 1340 476 1364 4,
492 1339 512 1364 ς.
584 1330 756 1364 Comparatio
777 1329 896 1356 criminis
916 1329 1034 1365 qmdsh,
1049 1331 1089 1357 dc·
1156 1332 1192 1358 est
1206 1333 1339 1366 compati,
1357 1342 1438 1367 quam
1455 1343 1515 1359 cum
1535 1333 1590 1359 alio
1604 1335 1667 1367 pati.
1845 1333 1865 1373 ἦ
1888 1345 1901 1362 2
1939 1339 2001 1364 Item
2015 1345 2064 1372 pro
2083 1348 2123 1372 eo,
2143 1340 2211 1375 quod

39 1367 122 1391 clarat
141 1367 196 1393 Cic.
212 1365 243 1392 de
256 1368 357 1393 Inucnt.
373 1375 393 1399 1,
408 1375 432 1400 13
447 1376 468 1393 c.
482 1376 504 1393 11
523 1366 694 1400 Comparatio
707 1364 769 1397 est,
782 1373 864 1399 quum
884 1365 957 1392 aliud
977 1366 1088 1401 aliquod
1153 1371 1254 1403 antiqui
1267 1368 1368 1401 dicunt,
1388 1370 1449 1405 Casu
1463 1371 1569 1396 alicuius
1582 1369 1650 1404 offici
1658 1391 1666 1403 ,
1679 1370 1850 1406 misericordia
1865 1376 1965 1399 moueri.
2002 1375 2115 1401 Hieron.
2129 1376 2208 1411 Epist.

40 1400 140 1427 facium
159 1401 277 1435 redium,
296 1408 341 1430 aut
361 1402 428 1429 vtile
453 1401 640 1433 contenditur,
658 1400 730 1435 quod
751 1406 780 1426 vt
799 1399 889 1431 fieret,
909 1401 995 1434 illud,
1014 1403 1088 1437 quod
1155 1409 1196 1437 87.
1212 1410 1238 1428 et
1254 1403 1283 1428 in
1296 1405 1350 1429 Esa.
1373 1413 1394 1430 c.
1410 1413 1444 1437 ις.

40 1437 175 1471 arguitur,
196 1438 294 1465 dicitur
309 1439 357 1465 else
377 1439 548 1465 commissum.
586 1437 632 1464 Sed
645 1436 775 1463 Criminis
794 1438 959 1471 comparatio
978 1438 1087 1465 inuenta
1106 1447 1134 1473 35
1189 1445 1206 1465 c
1216 1445 1235 1465 O
1245 1445 1293 1464 ΜΡ
1303 1445 1323 1464 A
1333 1446 1430 1466 T113N
1440 1447 1464 1472 s,
1479 1440 1555 1466 entis.
1574 1441 1642 1467 Part.
1662 1441 2044 1477 Cael.Aurel.Acut.2‚16,98
2073 1446 2209 1474 Tufficula

40 1479 65 1498 et
79 1473 206 1500 adornata
225 1473 258 1500 ab
276 1475 368 1509 aliquo
381 1475 437 1501 Cic.
450 1482 499 1508 pro
511 1473 615 1499 Cluent.
631 1480 671 1505 191
692 1481 713 1498 c.
726 1474 770 1506 67.
791 1475 810 1498 i.
832 1473 954 1509 accusatio
970 1473 1087 1510 conficio.
1154 1474 1184 1500 fit
1198 1474 1422 1508 compatientibus
1436 1476 1597 1510 quibusdam
1611 1476 1739 1510 partibus.
1769 1477 1826 1502 Vid.
1842 1481 1916 1503 etiam
1929 1479 2002 1505 idem
2016 1480 2208 1516 Tard.5‚3‚5g.

39 1505 61 1544 ff
81 1517 96 1534 2
133 1510 207 1542 Quae
217 1511 314 1537 Graece
328 1510 464 1542 οἰναλογία,
485 1509 579 1535 Latine
599 1524 644 1528 —
663 1508 829 1542 comparatio
842 1510 1019 1543 proportione
1033 1510 1088 1536 dici
1191 1516 1209 1537 c
1221 1517 1273 1536 OM
1283 1518 1298 1537 P
1308 1517 1328 1536 A
1338 1517 1350 1535 s
1361 1517 1373 1536 s
1384 1517 1404 1535 v
1415 1518 1438 1543 s,
1456 1520 1480 1542 a,
1500 1521 1553 1537 um.
1574 1513 1641 1537 Part.
1669 1511 1787 1538 Alcimus
1803 1514 1899 1539 Auitus
1912 1522 1925 1545 3
1939 1522 2003 1540 extr.
2017 1515 2050 1541 ad
2063 1516 2210 1552 Christum,

37 1543 120 1577 potest
133 1545 189 1571 Cic.
204 1545 321 1572 Timaeo
334 1555 355 1571 c.
368 1554 386 1578 4
399 1551 462 1571 extr.
521 1546 552 1571 Et
566 1553 588 1570 c.
602 1552 615 1577 ς
643 1543 684 1570 Ab
700 1544 734 1570 iis
747 1543 826 1570 rebus
845 1553 958 1572 numero
973 1552 1089 1580 quatuor
1156 1547 1212 1573 Ceu
1225 1546 1278 1572 tibi
1293 1547 1564 1581 compasso-miserans
1578 1548 1699 1573 succurre
1711 1547 1819 1574 latroni.

36 1579 130 1606 mundi
144 1580 181 1606 est
194 1589 287 1614 corpus
301 1580 423 1606 effectum
432 1600 439 1613 ‚
464 1588 495 1606 03
509 1579 691 1606 0001111161οη1
704 1581 920 1614 comparatione,
949 1590 1001 1616 qua
1021 1581 1088 1608 dixi.
1191 1588 1209 1609 c
1221 1589 1240 1609 ο
1250 1589 1275 1608 Μ
1285 1589 1300 1609 Ρ
1309 1589 1332 1609 A
1342 1590 1353 1609 s
1363 1589 1440 1615 810,
1460 1583 1528 1609 onis.
1550 1583 1571 1608 f.
1608 1582 1792 1618 [συμπάθεια]
1829 1584 1947 1611 Το1-11111.
1962 1584 1995 1611 de
2008 1586 2114 1614 Resurr.
2128 1589 2208 1616 Carn.

34 1615 77 1640 Sic
87 1613 191 1650 metor.
205 1618 238 1642 al.
253 1617 444 1650 proportione,
458 1625 519 1651 quae
533 1614 610 1652 gloffil
623 1615 730 1642 videtur.
774 1618 805 1642 Et
818 1624 839 1642 c.
853 1624 870 1651 7
897 1616 1021 1644 Habebat
1040 1627 1088 1644 nu-
1097 1624 1134 1652 40
1154 1627 1174 1644 c.
1189 1628 1234 1652 40.
1274 1618 1356 1651 Qiod
1372 1627 1421 1653 pro
1436 1618 1611 1653 compassione
1628 1619 1804 1654 promittitur,
1819 1627 1866 1646 etc.

34 1658 122 1676 merus
142 1650 252 1677 eandem
271 1652 477 1686 proportionem
496 1651 784 1686 comparationemque.
822 1654 890 1678 Hinc
904 1655 979 1678 etiam
998 1653 1034 1679 ad
1050 1654 1088 1679 di·
1188 1661 1511 1687 COMPASSIBH.IS‚
1530 1664 1552 1681 c.
1573 1655 1634 1681 Adi.
1671 1655 1790 1681 Tertull.
1805 1655 1865 1682 adu.
1873 1657 1998 1683 Praxeam
2015 1666 2036 1684 c.
2049 1666 2084 1691 29
2103 1659 2179 1687 Pater
2191 1659 2210 1687 fi

54 1688 182 1712 antiarum
195 1687 220 1722 s
235 1687 423 1714 internanarum
435 1690 623 1723 proportionem
636 1687 757 1723 refertur.
811 1688 867 1713 Cic.
882 1687 914 1713 de
929 1688 991 1714 Nat.
1006 1689 1087 1715 Deor.
1153 1689 1357 1724 compassibilis,
1378 1691 1473 1724 vtique
1489 1690 1630 1724 passibilis,
1644 1697 1690 1716 etc.

34 1729 58 1753 2,
71 1729 98 1753 51
118 1730 140 1748 c.
156 1731 188 1748 20
208 1723 299 1749 Annus
317 1731 426 1758 magnus
447 1729 504 1749 tum
523 1722 651 1753 efficitur,
669 1732 729 1748 cum
744 1722 811 1748 Solis
830 1729 855 1748 et
869 1723 960 1749 Lunae
981 1739 1033 1744 —
1053 1724 1086 1750 ad
1188 1731 1205 1752 C
1217 1733 1236 1753 0
1247 1733 1295 1752 ΜΡ
1307 1728 1464 1753 ATR16T
1476 1733 1514 1757 Α,
1535 1734 1574 1752 ae.
1595 1735 1630 1752 tn.
1671 1726 1755 1758 Ciuis,
1770 1726 1960 1754 Conterraneus.
1989 1729 2068 1756 Gloff.
2087 1731 2134 1757 Gr.
2150 1732 2215 1761 Lat.

33 1757 143 1784 eandem
165 1759 239 1785 inter
259 1759 284 1785 se
305 1759 546 1794 comparationem,
566 1757 694 1784 confctfi'tis
712 1758 834 1784 omnium
848 1759 938 1793 spatiis
961 1759 998 1786 est
1015 1759 1086 1786 facta
1151 1763 1319 1794 συμπολίτης,
1334 1762 1526 1796 Compatriota.
1562 1762 1632 1788 Dare
1646 1761 1739 1788 ducem
1754 1763 1938 1797 compatriotis
1953 1765 2049 1792 Sarisb.
2061 1775 2090 1799 4,
2106 1775 2137 1793 11.

34 1793 180 1820 conum-fio.
253 1794 358 1821 Colmn.
375 1803 400 1826 2,
415 1803 440 1826 2,
454 1803 466 1826 3
486 1793 694 1820 Recurrendum
708 1794 744 1820 est
757 1794 789 1820 ad
803 1794 961 1829 qualitatum
976 1796 1046 1823 inter
1060 1797 1085 1823 se
1099 1801 1133 1828 45
1188 1804 1204 1824 C
1214 1804 1232 1824 O
1243 1804 1267 1823 M
1277 1804 1291 1823 Ρ
1301 1804 1353 1823 AT
1363 1804 1382 1823 R
1392 1799 1471 1824 ONV
1481 1805 1493 1822 ς
1503 1818 1511 1830 ,
1533 1798 1551 1824 1.
1573 1807 1608 1824 m.
1644 1796 1751 1832 leian.
1772 1798 1800 1824 in
1820 1798 1838 1825 l.
1857 1808 1867 1825 1
1889 1800 1921 1825 D.
1946 1800 1972 1826 Si
1986 1801 2052 1835 quid
2072 1803 2102 1828 in
2120 1803 2209 1830 fraud.

33 1828 212 1856 diffidentium
232 1830 301 1864 quasi
320 1830 446 1865 quasdam
460 1829 679 1862 coniunctiones,
700 1839 763 1864 quas
777 1830 872 1856 Graeci
889 1830 1003 1865 συζυγίας
1023 1833 1086 1857 §vuu—
1151 1838 1218 1866 patr.
1238 1832 1370 1859 Aduersus
1389 1839 1610 1868 compatronum,
1632 1834 1680 1868 qui
1699 1840 1791 1860 contra
1810 1834 1913 1861 tabulas
1933 1835 2067 1863 bonorum
2081 1839 2209 1873 poffeffio-

31 1865 160 1900 ‹toz-tirum,
175 1873 223 1891 nos
251 1865 460 1893 discordantium
486 1866 698 1900 comparationes
726 1866 903 1893 tolerabiliter
929 1867 1086 1894 dixerimus.
1149 1877 1211 1894 nem
1225 1869 1330 1902 01111111,
1349 1869 1465 1896 Fauiana
1479 1879 1533 1896 non
1548 1870 1691 1904 competit:
1726 1869 1744 1896 11
1760 1879 1814 1896 11011
1828 1870 1886 1905 plus
1901 1871 1931 1897 fit
1945 1872 1974 1898 iu
1986 1874 2114 1908 eo‚quod
2129 1874 2209 1902 dona-

32 1901 116 1926 Etiam
127 1901 169 1928 hic
181 1900 216 1927 ad
222 1905 409 1937 proportionem
423 1908 446 1927 et
459 1902 601 1937 analogiam
613 1911 654 1927 res
667 1901 740 1928 redit.
767 1901 824 1928 Vid.
844 1909 999 1929 COMPARO
1018 1913 1044 1930 n.
1058 1911 1085 1938 7.
1149 1910 1207 1930 tum
1221 1904 1274 1937 est,
1295 1913 1374 1939 quam
1389 1915 1447 1940 pars
1467 1906 1558 1932 debita
1574 1912 1696 1940 patrono.
1734 1906 1826 1939 Qare
1845 1905 1863 1932 fi
1877 1908 1973 1934 mortis
1994 1911 2069 1936 causa
2085 1910 2111 1936 ei
2128 1910 2209 1937 dona-

31 1933 55 1998 ἒ
76 1944 89 1968 3
127 1936 175 1964 Sed
190 1937 288 1964 collatio
309 1941 398 1969 etiam,
413 1943 444 1963 vt
460 1943 581 1972 appareat
598 1936 660 1972 quid
680 1940 760 1964 maius
777 1940 888 1965 minusue
904 1937 952 1972 fit,
966 1937 1084 1972 ivstituta
1151 1946 1208 1966 tuni
1224 1940 1269 1971 fit,
1289 1947 1391 1975 partem
1415 1942 1495 1969 faciet
1514 1947 1706 1976 compatrono‚
1729 1941 1955 1976 quemadmodum
1968 1944 2110 1979 legatarius
2121 1952 2209 1981 patro·

56 1973 206 2006 omparatio
218 1971 260 2006 est.
276 1983 302 1999 υ.
315 1983 340 2010 g.
358 1973 516 2007 Magnitudo
528 1981 583 1999 non
596 1972 675 1999 habet
694 1978 796 1999 certum
809 1974 934 2006 modum,
948 1984 1084 2010 compara·
1099 1979 1132 2007 50
1151 1985 1200 2002 nus
1219 1977 1293 2003 facit.

1185 2019 1203 2039 C
1213 2020 1232 2039 o
1242 2019 1266 2038 M
1276 2020 1291 2039 P
1300 2019 1322 2039 A
1332 2019 1353 2039 v
1363 2019 1379 2039 Ε
1389 2019 1401 2039 s
1409 2019 1426 2040 c
1434 2019 1452 2040 o
1462 2033 1470 2045 ,
1498 2014 1552 2039 ere.
1595 2013 1630 2039 Vt
1638 2033 1647 2046 ,
1666 2013 1768 2040 Animo
1801 2015 2001 2049 compauescere
2032 2015 2153 2043 Macrob.
2167 2017 2209 2044 Sa·

1150 2053 1221 2076 turn.
1245 2057 1265 2080 1,
1284 2050 1310 2075 6.
1352 2049 1427 2085 Conf.
1442 2048 1510 2075 Gell.
1525 2058 1546 2081 1,
1559 2056 1598 2080 23.

1645 833 1793 868 [συννομειὶς
1820 837 1900 864 Glofl'.
1921 840 1967 866 Gr.
1988 841 2069 876 Lat.]
2105 845 2204 879 Hygin.

78 901 364 933 comr.1xn.›‘xrvs‚
386 900 424 927 us.
445 910 481 928 m.

16 959 17 964 ,
42 935 128 962 10111111
141 943 292 970 comparatu
306 937 483 964 architcfflari.

75 976 92 997 C
102 977 120 997 Ο
129 978 153 997 Μ
164 979 178 997 P
189 979 209 998 Λ
218 979 236 998 R
246 979 266 998 A
276 980 296 999 Τ
307 980 313 998 1
324 980 343 998 0
353 993 361 1005 ‚
381 974 448 999 bnis.
476 973 495 999 f.
531 970 706 1006 [παρασκευὴ]
742 969 820 998 Aetio
842 972 1018 1007 comparandi,
1030 975 1089 998 item

31 2007 72 2034 tio
91 2016 149 2034 eam
175 2015 220 2035 aut
239 2009 313 2035 tollit
333 2015 378 2035 aut
397 2008 523 2043 deprimit
544 2009 601 2035 Sen.
624 2008 703 2044 Epist.
724 2017 764 2043 43.
836 2010 902 2037 Plin.
917 2010 997 2045 Epist.
1012 2019 1037 2046 7,
1052 2020 1084 2043 30

31 2042 81 2070 Sed
95 2052 178 2078 quum
191 2043 266 2078 lego,
286 2053 319 2070 ex
342 2044 541 2079 comparatione
555 2045 651 2077 sentio,
666 2053 746 2079 quam
765 2044 833 2071 male
848 2046 969 2073 scribam.
1026 2048 1084 2074 Cic.

31 2078 85 2105 Off.
102 2087 120 2110 1,
137 2086 165 2112 52
184 2079 270 2106 Potest
283 2080 402 2107 incidere
416 2080 490 2115 saepe
502 2081 638 2108 contentio
652 2086 679 2107 et
691 2081 855 2115 comparatio
869 2082 901 2108 de
913 2082 1018 2109 duobus
1035 2083 1084 2110 ho·
1186 2091 1202 2111 c
1217 2091 1236 2110 o
1245 2091 1270 2110 M
1280 2091 1295 2110 P
1305 2091 1327 2110 A
1335 2090 1356 2108 v
1367 2083 1380 2110 1⁹
1388 2092 1407 2111 D
1416 2091 1435 2109 v
1445 2092 1458 2110 s
1468 2104 1476 2115 ‚
1496 2085 1521 2118 s.
1544 2087 1633 2118 potius
1657 2089 1674 2108 c
1683 2088 1702 2108 ο
1710 2089 1735 2108 Μ
1745 2090 1760 2108 Ρ
1770 2089 1792 2109 Α
1802 2091 1823 2110 ν
1832 2091 1843 2110 1
1853 2091 1874 2111 ‘r
1884 2092 1905 2111 v
1915 2092 1928 2112 s
1935 2104 1946 2118 ,
1971 2095 1985 2112 a
1993 2105 2001 2117 ‚
2020 2095 2074 2113 um.
2111 2088 2208 2115 Lauda-

32 2114 223 2148 nestis‚vtrum
240 2115 383 2142 honestius.
421 2117 462 2143 Sic
476 2116 625 2142 Deterior-is
643 2116 808 2150 comparatio
821 2117 912 2143 Tacit.
921 2119 989 2144 Ann.
1010 2127 1029 2148 1,
1046 2127 1083 2144 10.
1148 2125 1191 2144 tur
1205 2119 1283 2151 Apul.
1297 2120 1362 2143 Met.
1382 2126 1400 2152 7
1419 2127 1443 2152 p.
1466 2125 1522 2152 197,
1542 2127 1579 2151 24
1614 2117 1714 2145 Misera
1735 2118 1781 2144 illa
1806 2121 1964 2155 compauida
1985 2127 2065 2157 atque
2092 2122 2207 2159 dirupta.

32 2149 179 2177 Melior-um
199 2152 364 2185 comparatio
385 2153 458 2178 Curt.
471 2160 492 2183 3,
506 2160 540 2183 11,
556 2160 599 2177 20.
668 2151 805 2177 Orationis
820 2151 932 2177 alicuius
947 2160 1083 2186 compara·
1100 2155 1129 2181 55
1146 2154 1205 2178 Alii
1217 2153 1386 2187 compauita,
1401 2153 1466 2189 quod
1476 2151 1587 2186 rcHius,
1600 2160 1623 2180 et
1636 2153 1770 2188 probatum
1784 2155 1976 2190 Elmetihorstio,
1998 2160 2015 2183 i.
2036 2160 2188 2187 conculcata.

32 2185 73 2212 tio
93 2195 154 2212 cum
179 2187 281 2220 scriptis
297 2187 390 2213 alienis
420 2187 476 2212 Cic.
492 2186 525 2212 de
539 2187 612 2212 Orat.
628 2194 648 2218 1,
661 2193 716 2219 217.
788 2186 895 2212 Parium
915 2187 1081 2222 comparatio
1183 2195 1199 2215 C
1210 2195 1229 2215 0
1239 2195 1287 2215 ΜΡ
1297 2195 1363 2216 ECC
1373 2196 1392 2216 0
1402 2209 1410 2221 ,
1430 2193 1483 2216 ζει-0.
1521 2190 1595 2216 Cael.
1613 2189 1705 2216 Aurei.
1722 2190 1799 2217 Acut.
1814 2200 1840 2223 2,
1855 2200 1893 2225 12,
1906 2197 1940 2225 84
1972 2193 2022 2219 His
2036 2194 2118 2221 etiam
2134 2205 2206 2223 com—

29 2228 78 2246 nec
89 2221 232 2248 elationem
252 2221 345 2254 habet,
365 2230 412 2247 nec
432 2221 641 2248 submiffionem:
674 2222 711 2247 est
726 2221 799 2248 enim
821 2222 940 2257 aequalis
959 2223 1034 2250 Idem
1051 2224 1080 2250 in
1149 2225 1269 2258 peccauit
1282 2224 1444 2251 Themison.
1481 2225 1555 2260 Conf.
1569 2224 1656 2251 Tard.
1670 2233 1694 2256 3,
1711 2233 1732 2256 1,
1746 2234 1782 2251 12.

0 2277 2 2280 ,
30 2255 130 2290 Topic.
145 2263 174 2291 71
188 2265 210 2283 c.
226 2261 260 2286 18.
330 2256 465 2283 Similium
479 2258 644 2292 comparatio
665 2256 797 2291 Qine‘ffl.
812 2266 832 2289 1,
845 2260 872 2290 6,
885 2268 904 2292 4
917 2259 955 2293 sq.
993 2260 1035 2287 Sic
1054 2268 1080 2292 2,
1185 2266 1203 2286 c
1215 2267 1234 2286 o
1243 2265 1268 2286 M
1278 2266 1294 2285 P
1304 2267 1321 2286 E
1331 2267 1348 2287 c
1358 2266 1380 2285 'r
1390 2267 1409 2287 o
1419 2263 1438 2286 R
1447 2267 1470 2286 A
1480 2266 1501 2286 T
1511 2267 1531 2286 v
1540 2267 1552 2286 s
1561 2279 1570 2291 ‚
1597 2268 1626 2291 a,
1652 2268 1706 2285 um.
1739 2260 1800 2286 Adi.
1836 2262 1889 2296 Qui
1898 2261 2000 2297 peHori
2011 2265 2118 2292 alterius
2130 2266 2206 2302 ἱ[1411111

28 2299 58 2324 4,
72 2300 101 2319 21
120 2292 281 2319 Exercitatio
293 2293 516 2328 comparationis,
536 2298 596 2320 vter
613 2292 726 2323 melior,
740 2299 833 2320 vterue
849 2293 986 2321 deterior?
1023 2295 1082 2322 Vti-
1140 2294 1232 2330 pestus
1245 2301 1276 2329 ap
1295 2296 1376 2324 licuit.
1433 2294 1512 2328 Apul·
1532 2294 1560 2320 in
1582 2295 1817 2330 Pseudepigraphis
1838 2298 1944 2324 Petron.
1962 2308 1988 2333 p.
2006 2305 2054 2331 228
2081 2302 2206 2330 Membra

28 2326 136 2355 litatum
158 2328 369 2363 comparationes
393 2329 450 2355 Cic.
471 2328 525 2355 Off.
545 2337 572 2362 2,
586 2333 624 2359 88.
699 2327 827 2356 Difficiles
852 2329 884 2356 ad
909 2330 1082 2358 iudicandum
1091 2335 1127 2360 60
1146 2328 1224 2356 molli
1244 2329 1269 2354 le
1298 2329 1344 2356 ulo
1357 2330 1555 2365 compectorata
1567 2329 1711 2357 adhaerent
1724 2332 1835 2358 Veneris
1859 2332 1972 2367 glutino.

30 2364 229 2398 comparatione
243 2372 284 2390 res
297 2364 371 2391 Idem
384 2365 457 2391 Fam.
480 2373 518 2397 10,
537 2372 560 2397 ς.
615 2366 646 2391 In
659 2367 859 2399 comparatione
870 2366 910 2392 vis
923 2375 1016 2393 rerum
1029 2375 1084 2392 cer·
1185 2371 1202 2391 C
1214 2372 1232 2392 O
1243 2371 1267 2391 Μ
1277 2372 1292 2391 Ρ
1301 2372 1317 2391 E
1327 2372 1343 2392 C
1353 2373 1374 2392 T
1384 2372 1405 2391 V
1416 2373 1428 2392 s
1437 2386 1445 2399 ‚
1461 2375 1475 2392 a
1484 2386 1491 2398 ,
1511 2376 1566 2393 um.
1604 2367 1672 2394 Idem
1685 2367 1752 2403 quod
1764 2368 1924 2403 Compae‘tus
1940 2370 2023 2397 Plaut.
2037 2372 2128 2399 Pseud.
2143 2381 2165 2406 1,
2180 2381 2205 2407 ς,

29 2399 105 2426 nitur
122 2399 277 2434 1d.Topic.
291 2404 324 2430 80
337 2409 358 2426 c.
376 2405 410 2430 18.
481 2401 584 2427 Ducere
596 2402 826 2436 comparationem
837 2411 889 2428 vna
902 2403 948 2428 via
970 2400 1082 2434 Qiineh
1149 2409 1195 2433 129
1235 2400 1277 2427 Sic
1299 2400 1319 2427 fi
1340 2402 1429 2429 sumus
1452 2402 1601 2437 compecti,
1625 2402 1679 2429 fiue
1704 2402 1844 2431 consilium
1866 2414 1984 2441 vnquam
2006 2408 2138 2436 iniuimus
2163 2409 2204 2437 De

28 2442 56 2469 7,
70 2443 93 2468 3.
164 2433 293 2462 Disserere
313 2435 346 2462 de
365 2436 563 2471 comparatione
583 2436 735 2472 aliquarum
755 2445 846 2463 rerum
868 2437 925 2462 Cic.
940 2435 993 2462 Off.
1009 2444 1029 2468 1,
1044 2445 1082 2462 10.
1148 2435 1211 2463 istac
1232 2445 1269 2463 re.

28 2469 51 2510 Ἴ
72 2479 92 2505 4
128 2471 314 2506 Comparatio,
329 2470 478 2505 Corzstitutio
493 2472 554 2499 Liu.
569 2475 595 2505 6,
609 2482 640 2505 30
666 2471 776 2498 Manliis
789 2470 879 2497 Volsci
899 2471 1039 2505 prouincia
1052 2471 1082 2498 fi·
1185 2478 1202 2499 c
1214 2478 1260 2499 OM
1270 2479 1387 2500 PEDEs
1397 2493 1405 2506 ,
1432 2480 1613 2507 comrrmo,
1637 2480 1866 2508 comrrm'rvs,
1893 2477 1948 2504 vid.
1966 2485 2096 2507 compes.

28 2515 63 2534 ne
83 2507 169 2540 sorte,
188 2507 242 2534 fine
254 2508 454 2543 comparatione
471 2514 545 2535 extra
560 2508 686 2535 ordinem
700 2506 760 2532 data
774 2505 819 2532 est.
846 2505 906 2533 Vid.
927 2513 945 2534 c
957 2514 976 2534 o
986 2513 1011 2533 M
1022 2513 1038 2534 P
1048 2515 1082 2535 A·
1096 2506 1129 2539 65
1185 2514 1202 2535 C
1214 2514 1233 2534 0
1244 2515 1269 2535 M
1278 2515 1293 2535 Ρ
1302 2515 1344 2535 ΕΙ.
1354 2517 1370 2536 L
1380 2515 1399 2535 o
1410 2529 1418 2542 ‚
1434 2513 1488 2536 are.
1524 2510 1537 2544 [
1545 2511 1731 2544 κσινολογέμαι,
1752 2511 1910 2547 ἐντυγχάνω]
1946 2516 2058 2551 Alloqui.
2076 2517 2132 2544 Cic.
2145 2517 2204 2553 post

30 2549 76 2570 Ro
96 2551 123 2569 n.
143 2550 166 2576 ς,
1145 2544 1225 2570 redit.
1239 2545 1269 2571 in
1282 2544 1366 2571 Senat.
1379 2554 1401 2571 11
1421 2546 1518 2580 Neque
1532 2545 1619 2573 solum
1633 2546 1661 2572 id
1674 2546 1754 2580 dixit,
1772 2548 1815 2574 sed
1830 2557 1897 2582 quos
1913 2549 1939 2576 ei
1954 2551 2127 2579 commodum
2141 2554 2204 2587 fuit,

67 2585 328 2606 coMPARATE.
359 2577 428 2604 Adu.
465 2577 658 2612 [συγκριτικῶς]
695 2576 753 2603 Cic.
776 2577 804 2603 in
825 2577 926 2612 Topic.
945 2584 979 2612 84
1009 2589 1030 2606 c.
1046 2587 1081 2606 22
1146 2581 1329 2615 compellauit.
1379 2581 1435 2608 Cic.
1450 2582 1504 2608 Att.
1518 2590 1552 2614 13,
1568 2591 1594 2614 23
1627 2583 1718 2616 Qiare
1732 2583 1765 2609 da
1779 2589 1805 2610 te
1819 2585 1849 2610 in
1863 2585 2031 2618 sermonem,
2051 2593 2077 2614 et
2089 2591 2204 2623 perseca,

29 2616 127 2649 (Qum>
135 2620 224 2641 autem
239 2613 380 2647 quaeritur
394 2612 474 2647 quale
493 2612 558 2648 quid
576 2613 622 2645 fit,
635 2618 681 2639 aut
694 2612 849 2648 fimpliciter
862 2615 1016 2649 quaeritur,
1036 2621 1082 2642 aut
1146 2622 1172 2643 et
1186 2616 1301 2649 confice,
1314 2617 1416 2650 excita,
1430 2618 1576 2652 compella,
1589 2617 1717 2653 loquere,
1737 2625 1767 2646 vt
1779 2626 1806 2646 te
1820 2629 1880 2646 cum
1891 2620 1942 2647 illo
1956 2622 2053 2651 Scaeua
2065 2624 2142 2660 loqui
2156 2634 2203 2660 pu⁷

30 2655 198 2685 eomparate,
211 2655 258 2674 etc.
279 2651 299 2675 i.
319 2657 372 2674 cum
385 2652 584 2683 comparatione,
597 2650 700 2675 relatiue
708 2669 716 2681 ,
730 2646 874 2685 respectare.
1145 2657 1193 2679 tes.
1265 2652 1365 2679 Blande
1387 2654 1549 2689 compellare
1562 2654 1653 2681 virum
1672 2654 1755 2681 Plaut.
1769 2657 1848 2682 Poen.
1864 2664 1887 2689 3,
1905 2665 1933 2690 3,
1947 2664 1987 2692 72.
2058 2661 2201 2696 Magnifice

25 2714 27 2722 ,
69 2690 87 2711 c
98 2684 372 2716 OMPARATOR,
393 2684 458 2710 oris.
484 2693 520 2711 m.
557 2685 626 2719 Lege
641 2693 661 2711 1.
675 2685 704 2711 C.
719 2684 752 2712 de
765 2683 854 2720 praed.
869 2685 1007 2712 decurion.
1027 2687 1081 2722 Op-
1090 2691 1126 2720 70
1146 2688 1306 2723 compellare
1320 2688 1454 2724 aliquem,
1467 2689 1578 2726 oid.sub
1599 2696 1748 2718 MAGNVS.
1785 2692 1842 2719 Cic.
1858 2700 1907 2727 pro
1917 2693 2006 2720 Domo
2018 2697 2050 2728 6,-
2069 2696 2201 2723 Nomina-

25 2721 128 2757 }pressus
140 2720 258 2755 potentia
270 2719 469 2754 comparatoris.
489 2721 520 2746 Et
535 2720 614 2748 Glois.
626 2722 686 2747 Vet.
700 2721 888 2756 Comparator‚
900 2721 1036 2752 συνωνήτης.
1136 2724 1196 2751 v'tim
1217 2724 1265 2751 alii
1287 2725 1532 2760 compellabantur,
1557 2725 1605 2752 alii
1628 2726 1792 2760 citabantur,
1813 2728 1862 2754 alii
1881 2729 2075 2763 relegabantur.
2127 2731 2197 2758 Add.

66 2761 85 2783 c
95 2756 382 2789 OMPARATnix,
401 2756 460 2782 icis.
487 2756 508 2782 f.
545 2756 616 2783 Zeno
629 2758 730 2784 Veron.
748 2756 851 2784 Iustitia
869 2758 1080 2785 immortalitatis
1145 2761 1176 2787 A.
1191 2760 1223 2787 ad
1235 2761 1300 2787 Her.
1317 2769 1326 2787 1
1344 2770 1366 2787 c.
1381 2770 1418 2796 14.
1491 2762 1569 2789 Vltro
1589 2761 1679 2789 verbis
1693 2763 1787 2790 amicis
1805 2765 1880 2798 Virg.
1894 2765 1959 2791 Aen.
1974 2773 2001 2797 2,
2014 2774 2072 2800 372.
2127 2767 2197 2794 Add.

29 2791 215 2827 comparatrix.
291 2824 301 2832 ..
1144 2796 1184 2829 Id.
1199 2796 1237 2823 ib.
1251 2806 1276 2823 v.
1291 2802 1348 2827 280.
1419 2797 1516 2824 Catull.
1531 2800 1574 2832 62,
1590 2807 1626 2832 24
1650 2799 1755 2828 Heroe's
1767 2800 1880 2832 saluere,
1894 2798 1973 2826 desim
1988 2810 2084 2835 genus,
2097 2801 2114 2828 ὃ
2126 2802 2198 2830 bona

65 2835 82 2856 C
91 2835 110 2855 o
119 2834 196 2855 MPA
205 2834 224 2854 R
233 2833 298 2855 ABI
311 2833 327 2853 L
337 2834 347 2854 1
355 2834 368 2854 s
378 2847 386 2860 ,
405 2836 430 2854 e.
451 2826 512 2854 Adi.
532 2827 720 2865 [συγκριτικὰ]
749 2827 824 2864 Qod
832 2833 975 2865 comparari
988 2828 1079 2866 potest.
1144 2838 1246 2866 mater,
1267 2833 1322 2859 Vos
1337 2841 1387 2867 ego
1406 2833 1481 2868 saepe
1499 2843 1576 2866 meo,
1590 2843 1638 2862 vos
1658 2835 1785 2862 Carmine
1798 2835 1972 2871 compellabo.
2045 2837 2131 2864 Didiis
2150 2838 2198 2865 ali-

53 2863 308 2898 ic.de1nuent.t,49
326 2862 517 2898 Comparabile
531 2870 618 2891 autem
635 2864 686 2895 est,
707 2865 779 2899 quod
794 2864 822 2890 in
835 2864 914 2891 rebus
927 2865 1036 2893 diuersis
1050 2866 1080 2893 si-
1094 2873 1126 2902 75
1144 2877 1224 2903 quem
1251 2868 1334 2895 Ouid.
1353 2869 1420 2896 Met.
1441 2878 1479 2903 12,
1499 2875 1551 2903 585.
1623 2871 1736 2898 Honore
1755 2871 1841 2897 multo
1860 2871 1995 2906 aliquem,
2015 2875 2033 2898 i.
2052 2874 2197 2910 Honor-{fiee

57 2899 120 2926 ilem
133 2899 250 2934 aliquam
261 2899 394 2926 rationem
408 2900 536 2926 continet.
606 2900 662 2927 Cic.
670 2900 702 2926 de
715 2901 818 2927 Inuent.
829 2909 849 2933 1,
857 2910 893 2935 42
907 2911 927 2928 c.
936 2907 967 2932 28
985 2902 1079 2930 Simile
1144 2905 1220 2939 Virg.
1235 2905 1300 2931 Aen.
1314 2913 1338 2937 3,
1352 2912 1418 2940 474.
1488 2906 1558 2941 Lege
1574 2907 1734 2942 compellare
1747 2906 1863 2941 aliquem
1872 2926 1881 2939 ,
1897 2910 1915 2933 i.
1936 2910 1962 2933 in
1975 2910 2016 2934 ius
2028 2917 2132 2942 vocare,
2144 2912 2196 2947 lege

43 2941 116 2963 utem
129 2944 162 2962 ex
175 2935 260 2971 specie
273 2934 465 2970 comparabili,
485 2936 664 2970 comparabile
677 2942 764 2963 autem
777 2945 809 2963 ex
823 2938 982 2965 conferenda
998 2944 1079 2974 atque
1143 2950 1215 2977 agere
1226 2947 1315 2968 contra
1329 2941 1397 2967 illum
1413 2941 1468 2968 Cic.
1482 2942 1554 2969 Fam.
1571 2947 1594 2975 8,
1609 2951 1634 2969 12
1655 2942 1760 2976 Quibus
1775 2951 1857 2977 quum
1872 2951 1964 2976 parum
1981 2944 2152 2977 procederet,
2166 2952 2196 2973 vt

44 2969 186 3001 l'limilanda
212 2976 306 2998 natura
327 2971 472 2998 iudicatur.
542 2972 603 2999 Liu.
624 2981 664 3005 39,
684 2981 710 3003 52
751 2972 854 2999 Trium
878 2973 1078 3002 clariffimorum
1142 2977 1198 3003 vlla
1211 2977 1282 3011 Lege
1301 2976 1371 3003 mihi
1388 2983 1518 3012 ponerent
1538 2979 1731 3010 accusatorem,
1751 2977 1906 3012 compellari
1926 2987 1955 3005 03
1975 2979 2032 3014 lege
2046 2989 2089 3006 me
2102 2981 2196 3008 volue-

40 3015 90 3034 uae
101 3007 228 3042 cuiusque
248 3007 334 3042 gentis
353 3007 477 3035 virorum
496 3017 551 3035 non
565 3010 647 3043 magis
662 3014 782 3043 tempore
801 3015 962 3044 congruente
974 3019 1078 3046 compa·
1143 3019 1216 3045 runt,
1226 3022 1278 3047 qua
1290 3012 1378 3040 dicere
1390 3022 1445 3040 non
1458 3020 1589 3048 poterant.
1661 3013 1723 3039 Liu.
1739 3022 1777 3046 10,
1791 3019 1822 3043 28
1851 3014 1954 3041 Patrem
1969 3015 1993 3041 Ρ.
2012 3016 2125 3051 Decium
2138 3018 2196 3044 No.

43 3036 123 3070 abilis
148 3051 222 3070 mors
243 3042 352 3070 videtur
375 3043 442 3076 ess’e,
469 3053 549 3078 quam
569 3044 642 3079 quod
665 3053 746 3071 nemo
765 3053 860 3071 eorum
887 3046 947 3072 satis
967 3046 1077 3082 dignum
1090 3053 1124 3079 80
1141 3049 1214 3075 mine
1229 3049 1405 3084 compellans,
1424 3050 1498 3084 Qud
1511 3049 1580 3076 vltra
1591 3050 1702 3075 moror?
1738 3049 1813 3075 Idem
1827 3057 1864 3081 23,
1877 3057 1915 3084 47
1933 3051 2070 3078 Tauream
2083 3054 2195 3081 nomine

39 3077 167 3114 plendore
178 3078 250 3106 vitae
264 3079 366 3106 exitum
383 3078 486 3107 habuit.
539 3080 581 3109 Sic
595 3080 698 3116 Species
715 3080 902 3115 comparabilis
919 3082 976 3109 Cic.
990 3083 1023 3110 de
1035 3085 1078 3110 In-
1127 3085 1331 3119 ¹compellauit,
1345 3086 1525 3120 congredique
1537 3084 1585 3111 vbi
1597 3084 1696 3117 vellet,
1711 3084 1788 3111 iuffit.
1845 3085 1926 3112 Ouid.
1939 3087 2004 3113 Met.
2017 3096 2040 3120 3,
2055 3090 2104 3122 146
2123 3090 2194 3117 Cum

43 3120 96 3142 ent.
115 3123 141 3148 1,
167 3122 210 3148 42·
1142 3121 1247 3148 iuuenis
1260 3121 1366 3156 placido
1379 3131 1427 3157 per
1442 3121 1519 3148 deuia
1532 3120 1614 3147 lustra
1626 3126 1750 3155 vagantes
1768 3120 1911 3155 Participes
1926 3130 2037 3156 operum
2051 3125 2195 3160 conipellat

59 3157 78 3178 C
87 3157 107 3177 ο
118 3157 142 3176 Μ
151 3155 227 3177 PAR
239 3156 261 3177 Α
271 3155 293 3177 Τ
303 3157 313 3176 1
321 3156 339 3177 c
348 3157 358 3176 1
366 3157 388 3177 v
397 3157 422 3183 s,
434 3158 459 3182 a,
470 3159 526 3178 um.
539 3150 602 3178 Adi.
622 3152 725 3178 Aurum
734 3153 997 3188 comparaticium‚in
1008 3161 1078 3182 vtro·
1141 3158 1275 3189 Hyantius
1288 3166 1345 3184 ore.
1402 3156 1517 3191 Q1aestu
1531 3156 1649 3191 aliquem
1667 3156 1756 3183 Valer.
1770 3157 1870 3190 Argon.
1884 3165 1908 3187 2,
1922 3167 1977 3191 402
2029 3159 2103 3187 Voce
2116 3162 2192 3197 Virg.

59 3197 70 3214 e
83 3185 186 3213 Codice
202 3187 258 3212 Tit.
272 3184 306 3212 de
319 3185 434 3213 Militari
447 3187 526 3214 veste.
563 3186 622 3214 Th.
637 3187 654 3214 l.
668 3196 680 3219 3
699 3193 726 3214 01
738 3188 800 3214 Iust.
813 3188 832 3214 l.
847 3197 863 3215 2
876 3197 996 3224 vocatur,
1013 3191 1078 3227 quod
1141 3193 1208 3220 Aen.
1221 3201 1244 3227 ς,
1259 3195 1308 3220 161.
1344 3195 1412 3220 Hor.
1427 3195 1477 3220 Sat.
1494 3201 1513 3223 1,
1527 3199 1553 3226 7,
1568 3200 1604 3224 31.
1675 3191 1794 3218 Vocibus
1806 3192 1877 3218 notis
1889 3193 2007 3228 aliquem
2021 3197 2192 3231 compellare,

0 3228 7 3251 ¹,
40 3222 59 3250 d
77 3221 269 3257 compensandus
279 3221 305 3257 s
326 3221 485 3249 adaerandas
497 3223 609 3259 species,
629 3232 690 3259 quae
711 3225 823 3260 alioquin
840 3224 974 3259 debentur,
990 3227 1075 3260 datur,
1093 3234 1123 3263 85
1140 3231 1160 3255 i.
1181 3229 1242 3263 (ait
1257 3229 1381 3262 Seruius)
1397 3227 1592 3255 Amicabilibus
1606 3227 1681 3262 Virg.
1695 3228 1761 3254 Aen.
1775 3229 1793 3254 6
1804 3236 1877 3261 ,499.
2046 3231 2067 3268 ᾖ
2080 3241 2096 3258 2
2117 3234 2191 3268 Saepe

42 3265 55 3285 t
66 3259 108 3285 hic
120 3265 167 3293 pro
183 3254 248 3290 veste
258 3258 383 3290 militari,
400 3267 460 3294 quae
468 3268 534 3286 auro
547 3259 592 3285 hoc
607 3265 776 3294 comparatur
788 3259 814 3296 s.
829 3264 927 3288 emitur.
963 3263 1075 3289 Antista-
1138 3264 1211 3291 habet
1224 3264 1335 3301 asperum
1348 3264 1479 3302 quiddam,
1493 3270 1518 3290 et
1527 3263 1718 3299 accufiztorium.
1737 3273 1764 3289 υ.
1777 3272 1803 3300 g.
1826 3264 1886 3290 Hoc
1899 3265 2013 3293 crimine
2024 3266 2058 3293 ab
2072 3268 2190 3295 inimicis

0 3298 2 3310 ¹
21 3305 24 3309 ’
45 3303 65 3322 is
84 3293 286 3328 comparaticius
306 3293 469 3328 Angelorum
480 3294 600 3321 Tertull.
620 3294 681 3322 adu.
696 3295 799 3322 Valent.
819 3304 841 3322 c.
858 3304 882 3329 13
902 3300 970 3325 inter
985 3308 1075 3326 aeona:
1141 3301 1349 3335 compellabatur
1363 3302 1432 3335 Nep.
1445 3307 1472 3334 7,
1486 3308 1515 3332 4,
1532 3308 1551 3325 1.
1623 3299 1698 3331 Qun
1710 3307 1771 3325 eum
1785 3299 1951 3328 fratricidam
1964 3302 2131 3338 impiumque
2144 3304 2188 3329 de-

50 3331 262 3358 alentinianorum
275 3328 393 3364 quidstbi
404 3330 483 3363 velit,
497 3330 625 3364 viderint,
643 3330 730 3367 quibus
746 3334 822 3358 otium
835 3330 876 3365 est.
1139 3336 1234 3363 testans
1247 3337 1419 3372 compellaret
1437 3335 1475 3361 Id.
1489 3343 1534 3367 20,
1550 3343 1571 3366 1,
1586 3342 1607 3367 ς.
1663 3335 1704 3361 Si'c
1718 3334 1773 3361 Cic.
1789 3335 1841 3362 Att.
1856 3345 1882 3369 2,
1895 3345 1911 3363 2
1939 3337 1988 3364 Sed
2007 3338 2071 3365 heus
2085 3346 2127 3371 tu,
2148 3348 2187 3365 ec-

51 3371 163 3394 ‘coMP
172 3371 222 3392 AR
231 3371 253 3391 A
262 3371 284 3391 'r
293 3365 304 3390 ῑ
314 3371 365 3391 vv
374 3372 387 3391 S
396 3384 405 3397 ,
424 3373 455 3398 a,
472 3374 527 3392 um.
563 3366 624 3393 Adi.
661 3365 850 3402 [συγκριτικδς]
886 3369 924 3394 Ex
936 3377 963 3395 ea
970 3368 1073 3406 signifi·
1138 3371 1204 3406 quid
1229 3373 1304 3400 vides
1324 3370 1432 3399 Calend.
1456 3371 1567 3397 venire?
1597 3370 1745 3396 Antonium
1765 3379 1819 3397 11011
1838 3372 1950 3399 venire?
1978 3374 2081 3400 Iudices
2108 3375 2187 3408 cogi?

5 3414 22 3441 †
38 3398 119 3429 atione
133 3401 221 3433 verbi,
245 3409 294 3436 qua
312 3400 428 3436 conferre
444 3404 512 3428 inter
527 3401 556 3437 Ji·
574 3409 598 3428 et
613 3410 755 3438 componere
762 3402 909 3440 fignificat,
929 3411 968 3437 vt,
988 3411 1072 3432 utrum
1080 3413 1118 3439 90
1138 3407 1210 3435 Nam
1230 3408 1268 3435 ita
1288 3408 1320 3435 ad
1339 3416 1382 3434 me
1400 3407 1526 3438 mittunt,
1544 3405 1688 3440 Nigidium
1708 3407 1806 3434 minari
1821 3407 1848 3433 in
1863 3409 2008 3442 concione,
2020 3410 2046 3435 se
2058 3409 2186 3442 iudicem,

0 3432 24 3471 l}
50 3439 199 3464 afflrwtrum
207 3439 290 3462 minus
294 3435 342 3470 fit,
350 3442 479 3472 appareat.
516 3437 648 3471 Quintffll.
663 3446 687 3471 ς,
701 3447 738 3469 10,
753 3440 785 3469 86
807 3439 932 3475 Appofita
944 3440 988 3467 vel
1000 3450 1072 3467 com-
1138 3444 1184 3478 qui
1202 3453 1257 3471 non
1273 3443 1394 3476 affluerit,
1422 3442 1652 3476 compellaturum.
1723 3443 1781 3469 Cic.
1796 3442 1865 3470 Phili
1886 3454 1910 3479 p.
1924 3453 1947 3477 3,
1963 3453 1991 3479 17
2020 3444 2091 3470 Idem
2105 3445 2186 3471 etiam

0 3479 14 3496 .’
43 3472 146 3500 aratiua
157 3472 298 3504 dicuntur,
318 3481 386 3506 quae
398 3472 503 3499 maiora
514 3481 546 3499 ex
559 3473 726 3507 minoribus,
747 3474 853 3501 minora
866 3484 898 3501 ex
913 3476 1072 3508 maioribus,
1137 3480 1354 3513 QCieeronem,
1369 3478 1459 3505 fratris
1477 3478 1531 3504 mei
1545 3477 1642 3509 filium,
1654 3478 1795 3512 compellat
1807 3479 1850 3506 edi
1881 3489 1911 3506 o:
1935 3489 1984 3506 nec
2001 3480 2078 3506 sentit
2096 3489 2185 3510 amens

0 3515 2 3520 ’
42 3508 143 3536 ariaex
155 3508 264 3543 paribus
283 3507 412 3542 probant:
431 3507 460 3534 de
472 3512 643 3544 argumentis.
673 3511 741 3536 Hinc
754 3512 836 3546 nempe
849 3519 935 3537 nomen
947 3512 1019 3538 habet
1036 3519 1072 3538 et·-
1136 3515 1395 3543 commendationem
1410 3514 1460 3540 eil‘e
1473 3513 1707 3547 compellationem
1722 3514 1802 3542 suam.
1822 3515 1972 3550 Compellat
1980 3534 1987 3546 ‚
2001 3518 2018 3540 i.
2032 3518 2143 3542 nominat
2156 3520 2184 3541 t'n

0 3544 15 3569 1¹.
34 3553 73 3574 am
87 3544 291 3578 Comparatiuus
302 3543 398 3580 gradus
410 3547 534 3570 nominum
547 3544 614 3579 apud
627 3546 816 3572 Grammaticos.
859 3546 916 3573 ls'id.
929 3556 954 3574 v.
962 3557 987 3584 g.
1002 3547 1071 3575 Cha·
1135 3553 1185 3584 iis,
1203 3561 1265 3588 quos
1277 3553 1333 3577 volt
1344 3549 1479 3585 infamare.
1550 3548 1619 3574 Suet.
1634 3549 1707 3576 Caes.
1720 3559 1742 3576 c.
1755 3557 1784 3584 17
1811 3552 1841 3577 In
1855 3560 1984 3578 carcerem
1996 3550 2111 3577 coniecit
2125 3551 2184 3578 No-

39 3580 69 3606 is.
83 3587 108 3606 2*
120 3588 145 3614 p.
158 3587 201 3612 130
213 3579 250 3615 sq.
308 3581 365 3606 Huc
378 3589 404 3606 re
414 3583 480 3615 picit
494 3582 568 3606 etiam
581 3580 713 3614 Quinctil.
727 3589 754 3614 9,
765 3590 788 3614 3,
803 3590 832 3614 19
865 3582 973 3610 Vtimur
987 3583 1069 3618 vulgo
1085 3592 1119 3619 95
1135 3586 1210 3614 vium
1226 3586 1414 3621 Qiaestorem,
1434 3593 1467 3611 co
1489 3583 1561 3619 quod
1579 3584 1734 3619 compellari
1754 3586 1823 3621 apud
1842 3587 1868 3613 se
1886 3587 2014 3612 maiorem
2022 3586 2182 3620 potestatem

62 3614 252 3650 comparatiuis
265 3624 314 3649 pro
331 3614 394 3642 abso
407 3616 472 3641 ntis:
491 3620 520 3642 vt
534 3624 616 3650 quum
629 3616 655 3642 se
668 3616 729 3650 quis
743 3616 920 3644 infirmiorem
933 3620 984 3646 else
997 3619 1069 3646 dixe·
1135 3622 1216 3657 pass'us
1231 3624 1307 3655 effer,
1327 3624 1346 3647 i.
1363 3620 1461 3657 deferri
1469 3640 1477 3652 ‚
1488 3619 1615 3655 accufim',
1628 3627 1659 3646 vt
1671 3621 1826 3657 Cafimbonus
1837 3625 2025 3657 interpretatur.
2065 3622 2110 3648 Ad
2129 3629 2183 3649 tur-

39 3651 72 3678 ·t.-
104 3651 165 3677 Duo
179 3649 249 3677 inter
260 3651 286 3677 se
297 3652 478 3686 comparatiua
493 3651 704 3683 committimus,
723 3666 770 3672 —
790 3653 878 3686 potius
892 3652 957 3681 boni
977 3664 1070 3682 omncs
1128 3658 1270 3693 pitudinem
1284 3666 1376 3694 quoque
1384 3658 1498 3692 pertinet
1510 3655 1598 3683 Valer.
1613 3657 1685 3683 Max.
1697 3659 1725 3690 6,
1739 3667 1758 3684 1.
1778 3657 1807 3684 de
1823 3658 1848 3683 C.
1864 3658 1967 3688 Mario,
1983 3657 2004 3682 A
2020 3656 2110 3685 milite
2122 3658 2182 3685 iure

35 3686 106 3714 erius
120 3694 135 3713 a
148 3694 208 3718 me,
226 3693 305 3720 quam
325 3688 466 3723 quisquam
485 3686 618 3714 crudelius
637 3686 739 3713 fac'him
759 3688 808 3713 etse
829 3687 908 3715 dicat.
979 3691 1068 3717 Genus
1133 3695 1237 3721 caestum
1251 3692 1451 3729 pronuntiauit,
1470 3691 1534 3725 quia
1548 3700 1609 3718 eum
1623 3691 1656 3718 de
1668 3692 1759 3728 stupro
1773 3692 1931 3726 compellare
1942 3692 2017 3718 ausus
2031 3700 2096 3719 erat.
2137 3695 2181 3721 Sa'c

38 3721 115 3749 ausae
132 3721 342 3757 comparatiuuni
355 3723 500 3757 -Qiinc'tiL
520 3732 543 3756 3,
558 3724 584 3755 6,
596 3730 641 3758 74.
666 3730 690 3755 3,
704 3731 742 3754 10,
755 3731 776 3754 3-
804 3730 831 3758 7,
847 3732 875 3757 4,
889 3733 925 3751 12.
996 3725 1069 3752 Iudi·
1134 3728 1200 3756 Non
1214 3731 1274 3757 satis
1290 3729 1369 3763 digne
1380 3727 1414 3753 ab
1427 3727 1520 3762 aliquo
1540 3727 1696 3763 compellari
1710 3728 1777 3755 Gell.
1792 3737 1830 3760 19,
1846 3736 1865 3753 1.

0 3769 13 3784 ν,
37 3757 93 3785 atio
110 3757 306 3791 comparatiua,
331 3759 384 3786 Vbx
403 3760 530 3787 rhetorum
550 3759 607 3785 Cic.
627 3758 660 3785 de
681 3759 784 3784 inuent-
802 3766 829 3791 2,
842 3761 878 3794 76
895 3769 917 3787 c.
932 3769 965 3795 ²4
985 3768 1009 3788 et
1027 3769 1066 3792 25·
1076 3771 1124 3791 100
1169 3771 1218 3793 co
1229 3770 1328 3791 MPEL
1339 3768 1434 3789 ιΑτι
1447 3769 1484 3795 0,
1504 3763 1572 3790 onis.
1591 3766 1611 3790 t.
1650 3763 1707 3790 Cic.
1723 3764 1794 3790 Fam.
1809 3771 1847 3794 12,
1860 3768 1891 3794 ας
1911 3762 2003 3796 Itaque
2017 3761 2122 3791 crebras
2136 3763 2178 3790 vel

0 3796 3 3809 ⁸
43 3801 120 3820 orma
133 3793 163 3819 3⁰
173 3791 354 3827 toml'antino
365 3793 407 3822 Ib·
441 3794 610 3822 Vocabulum
623 3794 835 3828 comparatiuum
853 3795 921 3822 Gen·
935 3803 959 3829 52
975 3805 1009 3823 21·
1131 3800 1222 3835 potius
1235 3798 1404 3836 quotidianas
1418 3798 1634 3834 compellationes
1647 3808 1717 3826 meas
1729 3807 1782 3825 non
1798 3798 1876 3829 tulit,
1895 3797 1975 3831 seque
1988 3797 2017 3824 in
2031 3798 2124 3825 vrbem
2137 3808 2177 3825 re-

2 3818 18 3845 ’1
59 3833 367 3856 COMFARATIVE-
403 3830 471 3858 Adu.
508 3831 577 3857 Gell.
590 3839 613 3864 ς,
626 3839 651 3857 21
676 3829 847 3864 Compluries
865 3839 925 3858 cum
943 3831 1066 3866 dicimus,
1129 3845 1160 3863 ce
1179 3836 1200 3864 it
1213 3836 1324 3867 inuitus,
1345 3838 1362 3860 i.
1384 3834 1578 3870 Obiurgationes
1593 3842 1617 3862 et
1630 3837 1751 3861 conuicia.
1786 3833 1855 3859 Gell.
1869 3839 1891 3864 1,
1906 3840 1920 3865 ς
1939 3832 2091 3860 Μ31οἀ16115
2106 3842 2175 3861 com-

39 3873 76 3892 on
88 3863 269 3900 crmnparatiue¹
279 3863 403 3891 dicimus.
1129 3881 1162 3907 pe
1174 3870 1374 3905 lationibusque
1390 3868 1523 3905 probrosis
1537 3870 1647 3897 iae‘katus
1660 3869 1706 3896 est.

28 3903 29 3906 ’
57 3901 137 3927 cOM
148 3905 165 3925 P
175 3905 254 3926 ΛΚΤ
264 3906 273 3926 Ι
283 3905 326 3927 ΩΒ
335 3907 390 3934 Ps,
412 3901 472 3936 ipis.
505 3901 584 3938 Vulg.
600 3903 697 3937 Interp.
711 3900 803 3936 Ephes.
824 3909 846 3933 3,
860 3903 878 3927 6
895 3903 1064 3937 συμμέτοχοι.
1166 3914 1184 3935 c
1193 3916 1210 3933 1)
1221 3913 1245 3933 Μ
1258 3913 1273 3933 Ρ
1283 3913 1300 3932 Ε
1309 3913 1325 3932 L
1337 3911 1354 3931 1.
1367 3912 1386 3932 0
1397 3926 1406 3939 ,
1420 3905 1478 3941 piili
1487 3926 1496 3939 ,
1515 3905 1635 3941 pulsum,
1660 3908 1713 3932 ere.
1750 3902 1876 3937 [emolpi-n,
1894 3902 2027 3944 mrdpyoe,
2043 3902 2175 3942 βιάζομαξ,

55 3941 235 3998 ΩΟΜΡᾺὺΒΕ
243 3941 281 3968 02
294 3936 360 4000 {¹⁰12
373 3935 478 3971 *astuuh
497 3939 553 3967 ὅτε.
589 3937 775 3974 [animum]
811 3938 917 3974 Proprie
928 3937 1023 3968 dicitur
1035 3939 1119 3980 de105
1125 3942 1274 3973 σννιλαύνω,
1291 3940 1419 4006 σένιῧᾶέω]
1447 3942 1564 3977 Proprie
1577 3942 1613 3968 est
1626 3942 1655 3967 in
1669 3948 1751 3966 vuum
1762 3939 1870 3971 locum,
1883 3937 1928 3965 vel
1945 3938 2047 3966 diuersa
2053 3937 2173 4000 ,tii-523¹-

204 3976 260 3999 QL·
310 3991 318 4000 -
1359 3997 1361 4000 -
2035 3982 2051 3998 V
