2474 4182
30 176 105 225 769
419 160 454 201 c
527 158 664 200 AR

62 258 288 286 ἐΑιιιΝΑιιιι,
305 258 393 278 orum.
412 259 448 277 m.
468 247 535 285 apud
543 247 624 274 Plaut.
637 244 736 288 'A¹¹¹·.3’
749 246 816 286 ,336
840 244 910 278 Sunt,
926 248 969 281 qui
981 248 1064 272 cerina

43 295 104 322 olore
111 298 221 327 pannum
231 286 358 323 inficiunt.
396 288 462 313 Nam
477 292 536 312 cera
545 284 636 310 Dorice
647 291 718 315 καρος
731 279 834 313 dieitur,
850 290 909 316 quae
922 284 982 307 aliis
990 283 1065 307 Grae·

18 304 107 358 {orum
120 327 213 366 linguis
222 323 289 358 κηρὸς
301 328 419 349 uocatur:
436 321 552 348 libentius
562 324 643 344 autem
653 325 670 341 a
684 316 795 354 Dorlbifs
808 324 831 342 er
843 317 958 360 Asolibizs
975 319 1065 360 Iss‘m'li

18 348 131 393 lmutuum
141 364 256 398 sumunt,
270 368 342 394 quam
360 358 390 384 ab
409 358 469 384 aliis
481 355 589 382 Graecis.
627 352 668 379 sic
685 355 713 377 in
730 353 850 385 Asinaria
869 364 961 391 ammos,
982 362 1066 385 ονοιγος

45 404 155 426 ocatura
169 395 261 422 Plauto
274 394 342 421 Prol.
358 402 386 419 ιο
411 392 482 419 Huic
499 397 594 416 nomen
611 387 711 413 Graece
730 387 767 413 est
785 398 882 423 onagos
902 388 1021 415 fabulae:
1042 394 1066 414 ct

27 410 44 443 ι’)
65 434 110 461 hac
124 441 139 458 2
162 440 177 458 2
201 439 234 457 20
248 430 325 465 ζημία
355 429 447 463 ζημίας
468 425 510 453 Ibi
522 428 614 451 onerat
626 423 744 457 aliquam
758 425 880 451 zamiain.
924 426 1018 451 Tamen
1036 424 1065 450 in

24 445 54 498 gi
65 467 134 496 idico
141 452 161 493 '2
180 452 198 493 ³7.
219 475 255 500 49
267 450 396 492 Ceriimm
414 462 490 493 dicit,
505 466 534 486 vt
540 458 595 493 flue
608 460 777 491 Carinarios,
787 460 841 495 stu.-
854 460 1008 486 Ccrinarios
1026 459 1065 497 dl-

20 474 68 533 ledi·
94 486 238 530 eantu'nd’em
258 503 380 537 eloquaris
389 497 444 532 fine
456 496 505 522 vlla
516 495 629 521 vocabuli
648 495 782 531 dqpcmiso.
819 495 932 522 Cerinns
951 496 1065 534 colors«.

25 524 161 578 gnij’icatur
182 537 249 575 apud
272 535 352 563 Ouid.
370 533 402 561 de
419 533 476 559 Art.
488 530 547 557 Am.
567 536 645 565 3,184
677 533 708 558 iit
728 532 772 558 sua
790 532 935 559 velleribus
955 537 1065 557 uomina

27 584 85 604 cera
100 574 182 601 dedit.

61 614 259 640 cariora,
277 605 330 634 vid.
350 608 546 632 CARYOTA.

61 641 322 674 CARi'rAs,vid.
346 644 479 666 CARVS.
575 673 581 678 .
683 673 688 677 ¹
833 673 838 678 ⁸
1035 670 1041 676 ι

60 689 78 709 c
87 683 109 708 A*
118 688 136 708 R
148 687 157 706 1
167 688 179 706 s
188 699 196 712 ,
214 678 272 705 idis.
291 677 311 703 f.
330 675 410 701 Genus
417 673 508 709 piscis.
527 672 609 699 Ouid.
626 673 744 699 Halicut.
752 681 796 706 ¹30
814 672 976 706 sinuosaque
989 679 1065 698 caris.

14 726 25 730 ·¹
61 714 246 746 eduissA,
265 721 305 740 ae.
326 710 346 737 f.
371 710 454 736 Vafra
473 709 572 736 mulier
591 709 659 743 apud
676 709 779 735 Festum
792 717 824 735 ex
838 708 963 736 Lucillio.
986 707 1065 734 Gloff.

17 734 20 748 l
45 751 128 779 ffllox,
150 750 238 777 Carisa
255 744 384 781 μαυριςῆς,
400 744 564 779 πορνοβοσκός.
602 747 631 772 ln
651 745 731 771 Gloss'.
750 744 933 773 Ifidor.rLcna
952 750 1026 780 vetus
1041 749 1067 769 ct

18 772 21 806 l
37 787 142 822 itigiosa
167 783 258 813 ancilla
269 780 367 813 dolosa,
376 780 464 808 fallax.
482 781 529 808 sed
541 783 634 817 legitur
647 780 851 820 etiamCapriffa.
956 780 975 817 ί]
988 788 1002 805 2
1020 780 1067 805 '1¹2¹-

16 812 22 819 .
41 827 132 860 ‘genur
145 807 245 848 laudant
262 817 314 844 Ser.
328 817 460 843 Sammon.
475 821 521 849 830
542 817 647 851 Longae
661 816 739 842 caede
752 816 864 842 cariss‘ae.
891 815 938 843 Sal
953 821 1068 850 typorum

19 868 23 883 e
51 858 94 885 odo
107 866 176 884 error
194 854 299 882 videtur.
320 854 439 879 Msltorci
445 852 519 888 forte
533 853 617 889 legunt
630 852 744 878 Sarillae.

19 903 23 917 9
61 895 304 922 carimonias,
326 888 448 925 vidsub
472 895 599 921 CARo,
624 887 656 914 is.
698 924 701 928 .
784 923 788 927 ι
921 920 927 926 ο

19 923 21 926 ⁴
61 931 226 957 cnRMAN
236 932 246 952 1
256 932 294 957 A,
312 933 351 951 ae.
378 924 398 950 f.
434 924 601 960 [Καρμανία]
638 924 714 958 Regio
729 920 824 947 indm.
856 920 1023 961 Habitantes‚
1038 926 1067 946 vt

20 977 23 982 v
56 970 92 991 cet
105 962 170 990 Plin.
183 969 252 997 7,34
277 959 472 995 Ichthyophagi
490 958 672 995 cognominati
690 958 764 989 sunt,
780 956 853 992 quod
871 957 932 982 solis
953 957 1067 990 piscibus

21 1021 23 1025 .
42 1000 246 1064 eganiRUiiiANl
262 1052 270 1065 ‚
290 1040 377 1059 orum.
399 1040 434 1058 m.
454 1031 487 1066 pl.
515 1030 620 1058 Incolae.
657 1029 783 1062 Pompon.
800 1036 822 1060 3,
836 1032 849 1056 8
869 1027 994 1053 Carmani
1014 1026 1067 1053 sine

77 1079 92 1097 e
104 1078 132 1097 ac
152 1069 246 1103 fruge,
260 1068 313 1094 fine
332 1076 427 1102 pecore
443 1076 473 1094 ac
491 1065 611 1097 sedibus,
624 1064 737 1099 piscium
754 1068 814 1090 cute
834 1063 860 1089 se
880 1063 978 1090 velant.
1014 1064 1067 1089 Du-

7 1117 24 1125 «·
247 1113 267 1130 ic
285 1113 310 1131 n.
325 1112 335 1120 .
361 1112 418 1130 z·0.
1001 1132 1006 1137 .

55 1105 283 1171 ciczaiiniiiaglriiisff
300 1120 389 1166 imm-³
414 1140 483 1166 Deus
500 1143 524 1163 et
542 1144 619 1163 mons.
647 1135 715 1162 Tae.
731 1134 800 1161 Hist.
814 1143 838 1165 2,
852 1139 893 1170 78,
907 1142 925 1167 4
946 1132 986 1159 Est
999 1138 1069 1159 inter

24 1171 25 1178 ἵ
39 1177 145 1205 udaeam
159 1176 315 1210 Syriamque
326 1174 478 1205 Carmelus,
496 1173 534 1199 ita
552 1177 648 1198 vocant
665 1178 785 1198 montem
804 1170 951 1204 deumque:
977 1177 1024 1195 nec
1038 1168 1068 1194 si-

32 1213 167 1241 mulacrum
187 1212 238 1239 deo
256 1218 302 1238 aut
324 1210 466 1244 templum,
479 1207 512 1235 fic
532 1207 664 1234 tradidere
682 1207 811 1233 maiores:
838 1214 909 1233 aram
923 1209 1023 1244 tantum
1042 1210 1069 1247 et

53 1249 199 1277 uerentiam
209 1269 217 1281 ,
238 1255 261 1274 ee
274 1248 369 1283 reliqua
383 1245 411 1272 de
423 1248 476 1271 cius·
481 1243 612 1280 sacerdote
627 1241 750 1278 Basilide‚
766 1245 809 1279 qui
824 1243 906 1270 Flauii
924 1242 1068 1277 Vespaflani

33 1287 149 1322 mperium
163 1283 304 1320 praedixit.
345 1281 403 1309 Vici.
425 1280 495 1306 Suet.
510 1280 586 1314 Vesp.
600 1287 622 1312 5.
671 1313 677 1321 ’
719 1312 724 1322 ,

14 1331 15 1334 ¹
56 1327 162 1349 CARM
174 1326 238 1353 au,
256 1318 316 1345 i'nis.
342 1327 368 1344 n.
405 1316 476 1350 [ἔπος
491 1316 549 1342 Vet.
563 1315 643 1342 Glois.
660 1311 746 1349 αοιδη]
780 1313 891 1341 ACano
911 1312 1068 1352 appellatum,

39 1356 88 1391 itast
101 1356 238 1384 Caninien.
274 1352 370 1389 Vie'tor
387 1360 467 1379 autem
486 1351 518 1377 de
537 1352 614 1386 Orig.
630 1351 708 1377 Rom.
727 1359 749 1375 c.
762 1356 784 1389 5.
810 1358 890 1376 vocem
905 1349 1038 1390 Carminis
1053 1357 1068 1375 a

46 1398 162 1420 armenta
180 1391 288 1418 deducit.
323 1391 362 1416 At
382 1388 437 1424 ipsa
459 1388 600 1414 Carmenta
619 1396 635 1412 a
649 1385 819 1423 Carminibus
841 1383 919 1425 ditia.
963 1385 1068 1422 Dicitur

0 1421 1 1426 ¹
13 1442 19 1445 -
36 1443 40 1449 ·
67 1438 101 1455 em
114 1429 244 1462 Carmen,
259 1424 380 1462 quidquid
392 1431 461 1451 certa
473 1424 524 1460 lege
538 1429 562 1449 et
573 1421 709 1458 mensuris,
718 1423 772 1454 Jiue
784 1429 894 1449 numeris
912 1423 1068 1462 composxum

63 1474 71 1490 :
87 1472 146 1501 quae
158 1470 240 1499 nempe
253 1464 334 1498 magis
346 1462 432 1487 cantui
448 1458 602 1485 accommoda
614 1463 692 1493 Junt,
706 1465 778 1491 quam
791 1465 851 1496 qnae
865 1456 942 1496 prosu
958 1464 1068 1496 oratioue
1086 1470 1114 1496 35

35 1499 172 1527 cribrantur.
209 1497 285 1533 Virg.
299 1496 351 1523 Ecl.
360 1501 384 1528 8,
399 1504 427 1522 io
447 1495 507 1522 Sola
519 1493 665 1528 Sophocleo
679 1499 724 1517 tua
738 1501 856 1518 carmina
869 1493 947 1532 di5na
961 1498 1068 1533 cotnur-

43 1544 69 1562 ο.
106 1535 162 1563 Cic.
176 1534 308 1561 deDiuin.
318 1541 344 1565 2,
354 1540 388 1558 ιιι
408 1532 473 1558 Non
485 1536 572 1556 autem
585 1530 633 1555 ess'e
647 1536 753 1554 carmen
765 1528 835 1554 illud
846 1528 968 1561 furentis,
982 1533 1068 1567 ipsum

41 1573 118 1598 oe'ma
130 1570 253 1598 declarat.
289 1570 370 1595 Arma
387 1566 527 1598 carminis,
552 1562 719 1598 Instrumenta
740 1570 765 1590 et
784 1564 936 1591 adminicula
955 1563 989 1591 ad
999 1566 1069 1600 Jcri-

0 1622 18 1630 2⁴
37 1606 124 1633 endum
134 1615 241 1633 carmen.
282 1603 364 1631 Ouid.
383 1601 469 1630 Trist.
483 1609 505 1634 5,
518 1609 556 1633 12,
571 1609 598 1633 52
628 1600 681 1626 Hic
700 1599 769 1628 mibi
786 1599 925 1635 praebebit
943 1600 1068 1626 carminis

0 1626 27 1673 3⁴³.
61 1650 94 1668 na
108 1641 190 1668 locus.
226 1641 293 1667 Hor.
307 1638 386 1673 Epist.
400 1646 420 1668 1,
437 1645 475 1670 19,
492 1643 528 1671 27
547 1635 629 1671 Qiod
643 1636 723 1676 timui
734 1642 836 1662 mutare
849 1635 943 1676 modos
952 1656 960 1668 ,
975 1641 1001 1662 et
1014 1645 1068 1662 car·
1083 1651 1120 1676 40

53 1678 58 1682 “
81 1677 100 1704 's
114 1682 208 1704 artem.
279 1674 424 1709 Scriptores
437 1673 585 1700 carminum
600 1671 732 1705 Qunfitil.
747 1680 766 1701 1,
782 1679 803 1704 ς.
839 1673 895 1698 Cic.
911 1671 1035 1712 deOrat.
1045 1681 1068 1705 3,

40 1721 68 1748 -7
88 1722 110 1740 c.
123 1720 148 1746 51
175 1713 299 1746 Qiorum
316 1710 366 1744 (de
380 1711 489 1735 numeris
499 1708 578 1745 agit)
597 1708 643 1733 illa
660 1707 761 1733 sumina
784 1707 824 1734 vis
843 1707 1006 1734 carminibus
1033 1708 1070 1734 est

55 1749 108 1776 tior
119 1754 145 1775 et
157 1747 286 1774 cantibus.
322 1746 400 1773 Idem
408 1743 441 1770 de
454 1743 512 1769 Fin.
527 1751 550 1776 5,
563 1751 594 1777 41
607 1752 628 1769 c.
641 1750 667 1776 15
687 1742 751 1770 Sunt
765 1743 839 1769 enim
851 1743 938 1778 prima
954 1743 1069 1770 elemen-

37 1798 42 1807 τ
62 1790 186 1814 naturae,
199 1782 298 1818 quibus
310 1780 410 1812 ametis,
422 1779 532 1806 virtutis
545 1778 615 1813 quafi
629 1786 735 1815 carmen
752 1777 881 1811 efficitur,
897 1782 915 1805 l.
927 1786 1069 1806 concentus.

31 1818 70 1847 ’σά
81 1820 102 1847 Ι.
117 1820 146 1847 F.
159 1820 299 1846 Gronouius
311 1818 361 1853 legi
373 1816 445 1842 malie
457 1820 580 1848 germen,
597 1812 686 1848 Dautss
701 1822 842 1846 cacumen,
856 1821 958 1850 vterque
971 1824 999 1841 ex
1013 1825 1069 1841 con-
1087 1830 1120 1856 43

38 1854 126 1883 stura.
340 1861 356 1879 2.
393 1851 522 1885 Epicteto:
542 1848 692 1876 Absurdum
706 1858 811 1876 carmen
823 1851 879 1877 Cic.
889 1859 938 1885 pro
948 1852 1069 1878 ivs-imm,

41 1893 66 1918 6.
102 1891 171 1918 Hor.
186 1890 273 1916 Carm.
286 1896 309 1920 3,
322 1896 363 1919 30,
379 1894 403 1917 13
433 1885 558 1911 Aeolium
573 1894 677 1911 carmen
697 1885 729 1911 ad
742 1886 823 1912 Italos
852 1887 992 1913 Deduxille
1013 1895 1071 1913 mo-

17 1916 19 1921 *
41 1935 79 1953 os.
114 1924 225 1953 Aeolide
237 1922 351 1950 dialecto
366 1922 475 1948 Alcaeus
489 1920 587 1953 lyricus
600 1922 678 1947 Poeta
690 1921 751 1947 vsus
763 1921 807 1948 est.
845 1922 928 1949 Porro
943 1922 1069 1948 Alcaeum

9 1979 15 1987 ,ι
50 1963 141 1988 itatus
160 1960 196 1987 est
208 1958 344 1986 Horatiiis.
379 1957 510 1984 Testatur
527 1965 592 1990 ergo
611 1957 637 1982 se
649 1957 746 1983 Graeci
765 1957 889 1983 carminis
909 1958 1070 1984 modulatio-

39 1993 216 2032 emprimum
231 1996 260 2022 in
273 1995 396 2022 Latinam
412 1993 531 2027 linguam
545 1991 689 2018 contuliffe.
719 1992 891 2027 Porphyrius.
960 1994 1068 2020 Alterna
1088 2004 1119 2030 50

38 2033 152 2065 rmina,
173 2031 219 2058 duo
246 2031 358 2067 versuum
383 2038 482 2065 genera,
514 2037 558 2054 uae
573 2030 679 2054 inuicem
700 2034 722 2054 et
739 2030 846 2055 alternis
857 2028 910 2063 sibi
923 2029 1068 2065 fiiccedunt.

38 2072 63 2096 ‘c
75 2075 195 2096 uocantur
210 2068 289 2103 Elegi.
343 2064 426 2092 Ouid.
441 2064 490 2098 Epi
515 2083 521 2089 .
535 2071 571 2095 15,
585 2072 598 2094 5
618 2063 737 2090 Forsitan
753 2071 780 2091 et
790 2073 872 2099 quare
892 2074 949 2092 mea
970 2066 1019 2092 fint
1033 2066 1069 2092 al-

41 2114 96 2132 .rna
106 2113 135 2132 re
155 2103 223 2130 uiris
256 2101 392 2129 Carmina.
446 2099 569 2126 Amabile
586 2099 655 2125 Hor.
673 2099 751 2133 Epist.
771 2109 792 2134 1,
805 2109 829 2133 3,
843 2110 884 2134 24.
942 2103 1068 2134 Aonium,

42 2140 76 2167 id.
86 2149 137 2176 pau
157 2148 170 2165 o
181 2135 255 2174 post,
271 2136 415 2164 Fluitantia
426 2135 550 2162 carmina.
588 2135 670 2168 Qod
689 2144 795 2162 carmen
813 2137 955 2163 artificiosa
972 2136 1071 2165 verbo<

41 2185 82 2203 im
101 2173 267 2202 conclusione
282 2173 375 2207 Aptius
394 2172 450 2198 Cic.
470 2170 502 2196 de
522 2171 595 2197 Orat.
616 2179 647 2210 2,
661 2179 703 2203 34.
759 2172 840 2197 Ouid.
855 2171 941 2209 Tfist.
961 2182 988 2203 4,
1005 2179 1023 2202 ι,
1040 2178 1066 2209 1¹2
1084 2183 1113 2209 55

15 2211 20 2222 ¹
44 2212 109 2239 effiis
124 2218 153 2238 vt
169 2208 290 2236 incubuit
306 2207 416 2238 baculo,
435 2207 531 2232 saxone
550 2205 646 2231 resedit
681 2205 785 2236 Pastor;
804 2206 952 2231 arundineo
972 2213 1067 2245 carmi:

44 2256 56 2272 .-
69 2247 164 2273 mulcet
176 2253 255 2274 onesi,
273 2246 291 2270 i.
312 2242 443 2270 Arundine
460 2246 595 2267 cantatum.
629 2239 710 2266 Ouid.
731 2240 810 2275 Epist.
831 2248 867 2274 15,
881 2248 915 2275 27
945 2242 978 2267 At
997 2240 1067 2268 mihi

27 2291 30 2295 ·
44 2281 152 2317 sgafides
164 2278 324 2306 blandiffima
338 2276 454 2304 carmina
466 2275 576 2302 difflant.
649 2276 834 2309 Connubiale,
850 2278 959 2312 nuptiale
972 2277 1065 2304 Claud.

45 2326 56 2344 e
67 2322 154 2353 quart.
167 2315 246 2343 Cons.
254 2315 396 2348 Hon.649.
449 2310 531 2338 Ouid.
542 2311 574 2337 de
581 2311 645 2338 Arte
654 2313 713 2338 Am.
722 2321 745 2344 3,
753 2320 797 2345 341
819 2313 913 2341 Nostri
926 2312 982 2347 lege
997 2314 1067 2339 culta

0 2373 1 2376 ι
17 2342 25 2364 f
50 2352 140 2388 agistri
179 2350 314 2378 Carmina.
403 2347 485 2376 Ouid.
513 2347 543 2374 in
565 2346 627 2374 Ibin
651 2352 679 2380 83
723 2348 849 2375 Carmina
883 2349 947 2375 dum
985 2349 1067 2384 capiti
1081 2354 1118 2380 60

44 2387 146 2418 alefido
161 2387 227 2414 Dira
244 2390 383 2413 canuntur.
433 2383 550 2411 Martial-
571 2391 606 2415 13,
624 2390 660 2418 77
688 2384 784 2411 Dulcia
797 2383 901 2411 defech
912 2385 1066 2412 modulatur

72 2425 138 2452 ..ina
162 2423 253 2458 lingua
287 2422 415 2448 Cantator
437 2428 532 2452 cycnus
550 2418 652 2446 funeris
671 2420 726 2455 ipse
749 2421 799 2446 sui.
873 2421 914 2448 Sic
941 2422 1067 2448 Carmina
1097 2458 1100 2460 .

45 2470 76 2488 an
105 2459 222 2487 moriens
253 2457 332 2485 canit.
401 2454 568 2491 Exsequialia
599 2464 693 2488 cycnus
726 2456 808 2483 Ouid.
839 2457 904 2483 Met.
933 2466 980 2490 14,
1006 2466 1065 2490 430.

40 2507 41 2510 ¹
62 2488 190 2528 orabile,'
205 2493 259 2530 Qo
276 2491 375 2530 aliquid
391 2501 520 2519 exoramus
533 2490 620 2518 Valet.
635 2492 735 2527 Argon.
752 2501 778 2523 i,
795 2497 853 2527 782.
926 2492 1068 2531 Famosum

51 2537 118 2559 orat.
130 2530 208 2566 Epist.
225 2539 251 2562 1,
263 2538 302 2562 19,
315 2537 351 2561 31-
371 2536 417 2564 quo
423 2527 499 2563 fama
517 2528 624 2554 alterius
634 2527 753 2555 laeditur.
826 2527 902 2564 Festo
923 2527 1068 2553 fremuisset
1084 2530 1116 2562 6,-

45 2578 47 2591 1
75 2581 79 2592 .
97 2567 140 2595 irie
155 2566 231 2594 miles
238 2564 375 2593 Claudian.
390 2564 418 2591 in
430 2564 480 2590 sec.
490 2563 569 2590 Cons.
582 2563 640 2590 Stil.
656 2572 691 2589 21.
763 2563 860 2597 Virgil.
876 2563 973 2597 Georg.
988 2571 1019 2594 2,
1036 2570 1068 2596 45

19 2599 23 2609 ¹
53 2612 89 2631 on
101 2603 146 2631 hic
156 2609 183 2630 te
195 2601 313 2629 carmine
325 2599 402 2627 Fieio
422 2600 508 2634 Atque
522 2607 569 2634 per
581 2598 714 2633 ambages,
727 2602 754 2624 et
765 2597 845 2638 longa
856 2598 948 2638 exorsa
962 2597 1067 2639 tenebo.

56 2648 76 2666 e.
94 2637 256 2674 Simpliciter
274 2636 398 2664 vniuersa
410 2634 558 2661 describam
573 2645 579 2660 :
613 2642 717 2669 neque,
736 2638 766 2660 vt
777 2633 951 2674 mAeneide,
972 2635 1068 2675 aliqui.

24 2690 26 2694 ·
46 2693 47 2700 ι
63 2683 74 2701 s
87 2673 234 2710 figmentis,
253 2677 299 2699 aut
315 2671 378 2698 vllis
396 2676 456 2697 vtar
474 2668 640 2705 ambagibus.
675 2669 791 2697 Seruius.
858 2669 965 2697 Flebile
983 2671 1067 2699 Ouid.

0 2730 3 2732 -
47 2709 106 2741 pist.
120 2717 156 2743 ι5,
165 2717 205 2737 21.
273 2707 371 2734 Lucan.
384 2704 418 2732 ad
429 2705 515 2745 Pison.
530 2712 568 2737 ιςι
1084 2717 1121 2746 70

207 2754 213 2758 -
328 2742 356 2768 Si
374 2748 491 2773 earmina
509 2740 581 2767 sorte

223 2776 341 2805 Ne&ere
359 2776 461 2803 ludenti
479 2775 550 2803 iuuit
567 2775 710 2803 Fluitantia
727 2776 821 2809 versu,

222 2812 340 2840 Aonium
359 2812 446 2839 facilis
465 2810 573 2840 deducit
591 2812 684 2848 pagina
703 2821 816 2839 carmen.
939 2848 944 2853 ι

0 2859 15 2872 2
55 2858 95 2877 or.
110 2848 190 2885 Epist.
203 2857 226 2882 2,
241 2857 262 2882 1,
275 2851 325 2881 236
346 2849 412 2876 Fere
426 2847 566 2882 scriptores
587 2848 702 2876 carmine
715 2848 806 2876 Foedo
840 2847 981 2883 Splendida
998 2847 1068 2876 faeta

68 2891 124 2913 unt.
148 2913 153 2915 λ
193 2885 275 2913 Ouid.
291 2885 383 2911 Amor.
395 2893 421 2917 2,
434 2891 474 2919 17,
485 2891 518 2920 27
547 2884 612 2911 Sunt
631 2883 700 2912 mihi
717 2894 767 2920 pro
788 2893 884 2919 niagno
897 2884 996 2912 Felicia
1014 2894 1068 2912 car·
1084 2894 1117 2923 73

16 2939 17 2943 =
57 2921 204 2949 ina-censu.
227 2923 247 2948 i.
253 2920 336 2958 facili
352 2924 376 2947 εἰ
382 2920 474 2956 fertili
490 2922 591 2956 ingenio
601 2919 674 2957 fusti.
745 2921 827 2948 Grata
844 2920 953 2947 feminis
972 2921 1067 2948 Horat.

56 2967 117 2984 rm.
130 2965 150 2990 1,
163 2963 198 2990 15,
213 2963 246 2990 15.
316 2956 404 2983 Graue
418 2955 579 2991 plenumque
593 2956 649 2983 Cic.
662 2956 746 2984 Ture.
759 2965 786 2990 1,
802 2958 839 2991 64
862 2965 884 2983 c.
898 2957 940 2983 26.
1010 2958 1067 2984 Ho-

7 3000 17 3019 ἕ
52 3002 125 3020 ιτιιιιι
135 3001 257 3025 carmen,
274 2992 338 3028 quod
348 2993 462 3020 honorem
475 2993 553 3020 alicui
562 2998 652 3028 parat,
674 2998 698 3019 et
705 2991 807 3029 famam
827 2992 913 3020 Valer.
927 2993 1025 3028 Argon.
1039 3003 1067 3027 4,

2 3029 14 3044 ¹·
52 3036 89 3055 z.
123 3047 128 3051 .
154 3027 253 3063 virgil.
267 3027 320 3055 Ecl.
331 3036 359 3062 9,
374 3033 402 3061 83
436 3043 484 3049 —
517 3036 605 3063 neque
620 3027 656 3055 est
669 3028 789 3064 ignobile
804 3037 919 3055 carmen.
988 3028 1066 3056 Illau-

0 3055 17 3080 '¹¹'
52 3063 120 3090 bile
133 3063 268 3092 smSilu.
280 3071 304 3097 ς,
320 3070 343 3097 ς,
355 3071 392 3097 33.
461 3063 537 3091 Idem
549 3063 641 3091 Theb.
656 3072 696 3097 ιο,
711 3066 757 3095 868
777 3065 945 3100 Carnienque
958 3064 1067 3092 imbelle
1085 3073 1118 3100 80

58 3098 143 3134 quuti.
209 3099 295 3134 Priap.
305 3105 349 3135 pr.
385 3118 394 3125 .
428 3118 436 3126 .
470 3099 605 3127 Carminis
619 3101 731 3127 incomti
745 3101 814 3127 lusus
834 3100 935 3128 lecture
947 3110 1068 3136 procaces

57 3135 198 3162 ηιιειιίετιι
207 3133 286 3167 Latio
298 3143 367 3169 pone
380 3135 559 3169 supercilium.
629 3136 768 3163 Incondita
786 3136 918 3171 carmina,
937 3137 992 3164 vid.
1006 3137 1030 3164 h.
1039 3147 1066 3165 v.

31 3178 39 3198 .’-
56 3170 114 3197 uid.
127 3170 156 3197 in
168 3169 231 3196 Ibin
243 3178 260 3197 2
284 3170 371 3197 Omne
383 3170 435 3197 fuit
446 3171 537 3198 Musae
549 3180 655 3199 carmen
667 3173 770 3199 inerme
782 3181 865 3200 meae.
877 3183 878 3187 ¹
935 3173 1067 3201 quenilia

0 3211 6 3228 ί
25 3203 39 3241 ἶ
61 3215 104 3233 em
116 3205 202 3233 Trist.
215 3213 238 3238 ς,
250 3213 306 3238 339.
367 3205 548 3234 Lacr-imorum
561 3207 599 3235 Id.
612 3207 679 3235 ibid.
695 3216 724 3241 5,
737 3217 758 3241 ι,
771 3215 808 3242 35.
862 3208 957 3243 Vix-gil.
967 3210 1065 3244 Georg.

32 3243 42 3250 ⁸
71 3246 116 3275 388
139 3242 171 3268 Et
187 3248 212 3268 te
226 3240 326 3268 Bacche
343 3246 437 3269 vocant
453 3248 501 3277 per
517 3243 636 3271 carmina
651 3244 730 3271 laeta.
802 3244 984 3272 Lamentabile
1003 3246 1066 3273 Stat.
1085 3254 1115 3285 ες

28 3290 46 3307 ·,
58 3277 94 3305 Ιιι.
108 3285 132 3312 5,
146 3286 168 3310 3,
181 3285 200 3304 ι.
270 3277 365 3304 Horat.
377 3277 406 3304 in
417 3277 480 3304 Arte
492 3279 564 3306 l’o'e't.
577 3284 629 3312 408
648 3280 752 3307 Natura
766 3279 843 3308 ficret
856 3280 1002 3308 Laudabile
1014 3291 1068 3310 car-

29 3310 34 3347 ’,
59 3322 92 3341 en
109 3322 144 3341 an
161 3313 240 3340 arte?
267 3312 422 3347 Quaesitum
432 3313 478 3340 est.
529 3314 630 3343 Lucida
647 3316 752 3343 Lucret.
762 3324 845 3350 ι,933.
913 3318 985 3345 Mala
997 3319 1068 3346 Mar-

79 3369 86 3376 .
100 3358 137 3382 12,
149 3357 196 3383 40.
215 3351 234 3375 i.
247 3350 340 3384 inepta.
411 3349 565 3378 Mansuram
581 3351 644 3378 Stat.
659 3351 724 3379 Silu.
738 3360 765 3385 4,
772 3360 798 3385 2,
804 3360 827 3384 3.

41 3374 51 3406 I
74 3385 179 3413 Dolores
195 3390 220 3411 et
238 3393 314 3412 curas
331 3382 451 3420 mqferens
480 3385 569 3413 Valet.
582 3387 682 3422 Argon.
695 3397 724 3421 4,
737 3392 778 3423 87.

61 3430 87 3462 ις
97 3419 262 3456 Disperdere.

1083 572 1113 591 10

1089 754 1112 780 ¹5

1083 935 1118 953 20

1083 1289 1116 1313 30

897 3353 1068 3387 Medicabile,

524 3418 527 3421 ¹
846 3387 991 3423 Miserum,
1011 3391 1066 3418 vid.

319 3419 435 3447 Martial-
451 3428 492 3454 14,
505 3425 545 3454 183
569 3422 601 3449 Et
618 3422 671 3450 tibi
689 3423 836 3456 Moeonio,
859 3425 1067 3459 quodcarmine
1082 3436 1119 3462 90

102 3486 117 3489 ,
127 3455 254 3488 habetur,
273 3461 319 3482 etc.
353 3457 373 3481 ι’.
387 3456 497 3483 Homeri.
568 3457 624 3484 Sen.
637 3459 668 3486 in
677 3460 769 3496 Agam.
782 3466 829 3492 350
846 3459 919 3487 Tibi
933 3461 1068 3498 (Phoebe)

33 3507 35 3510 ⁴
63 3500 79 3519 ι
88 3498 197 3524 mouent
216 3490 295 3518 do&
312 3491 415 3526 puellae
427 3491 544 3519 carmine
555 3493 642 3520 molli.
710 3495 824 3523 Mordax
847 3496 930 3524 Ouid.
944 3498 1030 3526 Trist.
1044 3508 1069 3532 2,

44 3527 45 3530 ’
58 3535 90 3559 3-
134 3527 264 3560 Mortale,
281 3528 339 3555 Non
348 3533 467 3563 perpetuo
480 3527 625 3556 waturum
636 3529 717 3557 Ouid.
727 3540 759 3558 ex
767 3532 840 3558 Pont.
851 3540 874 3564 2,
883 3534 910 3565 6,
926 3541 963 3566 33.
1014 3535 1069 3562 Ne-

138 3569 155 3598 )
178 3563 236 3592 Cic.
250 3562 284 3591 de
303 3563 356 3590 LL.
370 3571 386 3590 2
412 3572 435 3590 c.
450 3571 480 3596 23
500 3569 652 3601 praecepta,
669 3575 729 3602 quae
739 3577 756 3594 a
762 3570 852 3604 pueris
859 3568 972 3604 solebant
983 3569 1068 3608 edisci.

159 3599 272 3633 Aetna,
305 3600 379 3626 Hanc
397 3605 476 3634 auget
495 3598 589 3627 nobile
608 3610 722 3629 carmen.
793 3602 923 3638 Nuptiale
938 3603 1023 3632 Catul.
1037 3614 1068 3640 59
1087 3614 1119 3641 95

59 3648 64 3654 ¹
131 3637 208 3668 ')12.
285 3635 451 3671 Obliquum,
476 3637 495 3661 i.
520 3636 670 3672 malignum,
689 3636 812 3674 dolofiam,
830 3638 968 3676 ambiguium

1 3685 4 3691 .
31 3691 43 3706 2
73 3667 210 3707 u.2·1‚2,27.
250 3671 309 3698 vid.
323 3671 414 3699 ism-th.
1007 3642 1070 3670 Sta*

492 3671 620 3706 operosa,
637 3674 666 3704 ⁴i.
694 3673 778 3700 Multa
789 3680 863 3710 opera
879 3683 903 3701 et
913 3676 994 3704 labore
1007 3687 1070 3705 com-

3 3719 5 3723 <
19 3727 30 3735 .,
43 3713 46 3717 ’
95 3711 127 3740 ι’,
146 3715 194 3733 non
206 3709 308 3742 poetica
318 3706 424 3743 quadam
440 3713 464 3733 et
477 3706 565 3734 diuina
576 3710 674 3744 ingenii
679 3707 817 3744 facultate.
873 3711 967 3739 Horat.
979 3713 1069 3741 Carm.

36 3762 43 3773 ,
76 3743 143 3781 ᾖξε.
166 3742 284 3777 Operosa
295 3751 393 3777 paruus
427 3743 553 3770 Carmina
565 3742 647 3778 fingo.
703 3744 808 3771 Lucret.
821 3754 847 3779 2,
860 3753 907 3780 505
929 3748 960 3774 Et
976 3757 1070 3782 cycnea

33 3784 46 3791 ’
71 3783 104 3804 *e

36 3810 43 3847 ζ
110 3825 119 3834 .
136 3817 155 3840 t,
225 3814 320 3840 Horat.
332 3814 403 3849 Epist
414 3824 440 3848 2,
453 3824 474 3848 1,
486 3820 532 3848 258
555 3815 605 3841 Sed
617 3824 704 3850 neque
717 3824 829 3851 paruum
864 3817 976 3846 Carmen
990 3822 1070 3848 maie-

40 3867 48 3878 ,«
62 3859 69 3882 χ
95 3847 188 3884 recipit
200 3854 254 3876 tua.
306 3849 462 3884 Perpetuum
475 3859 596 3883 cannen,
611 3851 677 3888 quod
689 3851 912 3887 ubtquccohaeret,
927 3864 1070 3892 argumento

38 3883 45 3887 ““
61 3884 230 3921 uirum-upra
244 3884 326 3911 Ouid.
339 3886 412 3915 Met„
421 3894 446 3919 1,
460 3896 478 3921 4
504 3887 644 3923 Primaque
658 3887 691 3914 ab
706 3888 812 3923 origine
830 3889 923 3916 mundi
959 3891 1000 3918 Ad
1011 3900 1070 3920 mea

90 3931 94 3938 ·
143 3927 188 3946 um
201 3919 323 3947 deducite
333 3925 452 3957 tempora
463 3931 577 3950 carmen.
632 3923 749 3951 Pierium
763 3925 867 3952 Lucret.
882 3934 902 3957 1,
915 3934 973 3960 943.
1014 3928 1068 3955 Ple-

185 3997 269 4019 voi..
293 3992 316 4019 1.

60 3951 101 3981 'am
116 3953 173 3982 eie.
182 3955 266 3984 Tusc.
279 3964 300 3988 i,
313 3956 361 3991 642
406 3956 415 4001 ‚-
426 3957 557 3987 Probi-ora
572 3961 690 3988 carmina
709 3960 832 3989 factitare
844 3961 936 3989 Tacit.
949 3963 1017 3991 Ann.
1031 3967 1070 4000 16,
1083 3973 1127 4001 ιος

1543 163 1578 203 C
1660 163 1700 204 A
1781 163 1815 203 R
2100 181 2177 220 770

1130 253 1168 278 14.
1218 244 1390 273 Stat.'Achill.
1406 255 1432 279 1,
1454 257 1504 282 240
1537 265 1584 273 -—-
1618 257 1751 288 quaerunt
1771 252 1888 287 puerssia
1905 254 2021 283 carmina
2034 257 2128 285 Fauni.
2159 262 2178 285 i.

1127 289 1188 317 quae
1202 281 1311 306 Achillrs
1329 282 1409 308 adhuc
1426 290 1489 318 puer
1507 287 1588 313 ludere
1600 287 1707 324 solebat.
1780 289 1939 316 Resonantia
1957 290 2062 319 chordis
2082 294 2178 321 Lucan.

1128 317 1161 356 ad
1174 317 1259 343 Pison.
1274 326 1333 358 229.
1408 319 1474 345 Pers.
1490 320 1540 346 Sat.
1555 330 1576 354 5,
1591 331 1603 355 5
1628 325 1747 357 Qantas
1760 324 1873 352 Robusti
1887 326 2013 352 caminis
2026 327 2090 355 offas
2106 330 2181 364 Inge-

1130 361 1183 383 ns,
1204 357 1232 377 vt
1249 361 1295 384 pai·
1309 356 1339 378 lit
1357 361 1469 380 centeno
1488 362 1593 388 gutture
1606 360 1676 386 niti?
1729 360 1864 387 Saeculare
1878 369 1983 388 carmen
1994 362 2084 397 Epodis
2100 365 2181 391 Hora.

1130 390 1163 412 tii
1169 385 1308 426 subn-Huni
1323 392 1348 413 in
1368 391 1528 416 celebratione
1542 393 1652 420 ludorum
1658 395 1966 433 sacculariumscriptum.
2004 398 2110 424 Sueton.
2124 400 2179 426 Vit.

1130 423 1256 455 Horatii,
1281 425 1314 449 Vt
1333 433 1387 462 non
1410 426 1491 451 modo
1512 427 1644 455 saeculare
1662 439 1767 457 carmen
1785 432 1999 466 componendum
2017 433 2180 466 iniunxerit,

1129 457 1193 498 sed,
1210 466 1255 485 etc.
1329 460 1411 487 Ouid.
1426 461 1504 495 Epist.
1526 468 1570 494 12,
1590 471 1632 496 139
1660 465 1801 501 Tibiaque
1821 469 1915 495 effudit
1934 469 2044 496 socialia
2062 470 2181 496 carmina

1128 493 1216 520 vobis.
1247 498 1265 520 ι’.
1285 496 1448 529 Hymenaeum
1461 500 1560 523 cecinit.

2095 504 2181 532 Subli.

1130 530 1184 555 mia
1199 531 1317 556 quenal.
1331 532 1380 558 Sat.
1397 540 1421 566 7,
1435 538 1474 562 28.

2113 541 2181 567 Tri-

2052 576 2182 604 Viuidum

2069 612 2183 648 Vulgata

1617 499 1747 527 Sollemne
1767 502 1829 529 Stat.
1845 504 1909 531 Silu.
1920 516 1949 538 4,
1958 507 1983 535 6,
1998 513 2041 538 99.

1529 533 1680 568 Tragicum
1696 537 1789 563 Horat.
1803 539 1832 565 in
1846 541 1910 567 Arte
1924 542 1998 568 Poet.
2011 550 2067 568 220.

1132 565 1200 591 vialc
1220 575 1325 592 carmen
1342 568 1424 594 ferire
1441 574 1548 595 moneta
1566 572 1702 597 communi
1721 573 1811 599 quen.
1828 575 1878 602 Sat.
1894 583 1926 610 7,
1946 584 1982 610 55.

1131 601 1246 627 Marii-il.
1263 611 1302 634 12,
1323 605 1365 628 62.
1439 604 1551 637 Vocale,
1573 606 1691 632 S‘onorum
1711 608 1792 634 Ouid.
1807 610 1871 637 Met.
1887 620 1925 644 ιι,
1943 620 1997 647 317.

1131 637 1247 663 cai-mina
1265 638 1370 664 incertis
1385 638 1540 665 auctoribus
1554 640 1645 667 Tacit.
1659 642 1727 668 Ann.
1744 652 1752 668 ι
1762 662 1770 675 ,
1783 652 1823 678 72.
2019 645 2041 685 fl
2067 657 2079 681 3
2122 649 2183 675 Ver—

1130 672 1215 698 borum
1230 672 1376 708 formulae:
1413 675 1546 708 Quinc'hl.
1558 684 1578 707 1,
1592 685 1630 709 10,
1644 685 1684 709 32.
1755 680 1857 706 Canere
1870 681 1966 708 Cic.de
1981 682 2182 718 Clar.Orat.71.

1131 708 1205 734 Idem
1219 709 1250 734 de
1266 710 1335 743 Lege
1349 710 1409 744 Agr.
1425 717 1460 746 07
1487 713 1574 746 Atque
1594 712 1645 739 hoc
1666 721 1772 740 carmen
1786 715 1830 741 hic
1841 715 1925 743 Trib.
1939 718 2008 751 pleb.
2025 728 2080 746 non
2094 720 2184 752 vobio,

1133 744 1175 770 scd
1190 744 1239 771 sibi
1254 745 1324 771 intus
1339 745 1418 772 canit.
1462 746 1520 773 Vid.
1537 755 1552 774 c
1562 755 1693 775 ANERE
1712 753 1792 776 intus.
1863 753 1975 779 Cantare
1993 755 2112 783 carmina
2129 756 2184 783 vir—

1133 780 1240 815 ginibus
1256 787 1282 807 et
1296 782 1384 816 pueris
1399 782 1493 808 Horat.
1506 783 1594 809 Carni.
1608 792 1630 816 3,
1647 793 1672 816 1,
1684 795 1711 819 4.
1783 785 1841 812 Cic.
1854 786 1886 812 de
1900 788 1970 815 Clar.
1984 790 2058 817 Orat.
2073 799 2104 826 75
2125 792 2194 818 νώ,

1131 825 1192 842 nam
1208 816 1336 843 exstarent
1352 817 1397 843 illa
1410 818 1527 844 carmina
1537 837 1545 850 ‚
1565 827 1632 853 quae
1647 820 1737 847 multis
1750 821 1840 847 saeclis
1852 828 1912 849 ante
1931 824 2002 851 suam
2021 832 2134 853 aetatem
2154 827 2184 854 in

1132 852 1218 885 epulis
1233 854 1281 878 ess'e
1294 854 1417 879 cantitata
1429 862 1443 879 a
1458 853 1564 888 singulis
1577 855 1711 888 conuiuis,
1724 856 1756 883 de
1769 857 1902 884 clarorum
1916 859 2038 888 virorum
2050 862 2184 896 laudibus,

1134 887 1162 913 in
1175 888 1334 922 Originibus
1355 890 1480 923 scriptum
1494 889 1605 924 reliquit
1617 891 1692 917 Cato.

1134 923 1231 957 Virgil.
1246 926 1344 959 Geor-g.
1360 936 1387 959 4,
1402 930 1458 958 348.
1531 926 1647 961 Carpere
1665 927 1782 953 carmina
1792 948 1800 959 ‚
1837 932 1854 957 i,
1882 931 2056 965 reprehendere
2068 934 2185 962 Martial-

1135 968 1168 991 11,
1182 966 1222 991 95.
1294 961 1435 987 Celebrarc
1449 961 1611 989 carminibus
1625 962 1715 988 laudes
1731 962 1844 989 alicuius
1862 965 1918 991 Cic.
1932 975 1981 1000 pro
1993 968 2086 995 Rabir.
2099 969 2186 997 Posth-

1135 1003 1169 1027 42
1194 1004 1215 1020 c.
1233 996 1268 1021 16.
1342 996 1502 1032 Chrysippus
1521 998 1601 1024 etiam
1616 999 1771 1032 nutricum,
1789 1007 1856 1034 quae
1875 1000 2019 1029 adhibetur
2038 1004 2186 1031 infantibus

1135 1030 1306 1057 Allecianoni
1322 1031 1396 1058 suum
1411 1032 1544 1067 quoddam
1558 1043 1664 1061 carmen
1675 1033 1788 1069 affignat.
1816 1037 1835 1061 i.
1842 1036 1979 1071 praqjcibit
1997 1042 2117 1072 naeniam,
2138 1049 2187 1076 qua

1134 1073 1242 1092 utantur
1256 1067 1290 1092 ad
1297 1067 1410 1103 somnum
1428 1070 1619 1095 conciliandum.
1679 1071 1776 1097 Lucan.
1791 1070 1823 1096 ad
1836 1071 1921 1097 Fison.
1936 1080 1978 1098 210
1999 1073 2120 1108 Cumque
2134 1076 2187 1102 tuis

1763 893 1831 928 Capi
1846 894 1979 927 carmine,
1992 904 2040 931 pro
2054 896 2186 925 Deleeiarr

1109 1110 1118 1116 ·
1134 1101 1282 1128 virtutibus
1301 1112 1380 1129 omne
1400 1113 1447 1137 per
1467 1113 1562 1131 aeuum
1577 1106 1748 1133 Carminibus
1768 1113 1869 1133 certare
1889 1107 1975 1140 meiS,
1994 1115 2024 1134 vt
2041 1108 2139 1136 dianium
2150 1110 2189 1144 fit

1134 1137 1201 1172 apud
1210 1136 1336 1172 posteros,
1358 1149 1390 1165 au
1400 1149 1452 1175 par
1458 1140 1546 1175 suerit
1560 1151 1658 1167 carmen
1671 1152 1749 1168 meum
1762 1149 1814 1168 tuis
1826 1146 1975 1169 virtutihus.

2046 1145 2189 1172 Commen-

1135 1173 1197 1199 dare
1211 1174 1292 1200 Ouid.
1307 1174 1338 1201 de
1354 1176 1418 1202 Arte
1433 1176 1491 1202 Am.
1508 1185 1531 1208 2,
1549 1183 1604 1209 283.

1676 1178 1847 1213 Componere
1868 1188 1976 1206 carmen
1994 1179 2076 1207 alicui
2092 1182 2187 1208 Horat.

1135 1209 1213 1243 Epist.
1229 1218 1260 1242 2,
1274 1219 1306 1242 2,
1320 1218 1376 1243 291.
1435 1212 1492 1237 Cic.
1506 1221 1555 1246 pro
1569 1214 1691 1239 Muraen.
1713 1224 1734 1240 c.
1748 1223 1784 1241 12.
1857 1215 2028 1250 Componere
2048 1216 2081 1243 ad
2104 1217 2189 1249 lyram

1136 1245 1266 1279 Qiinctil.
1283 1255 1303 1278 1,
1319 1255 1355 1272 10.
1427 1248 1597 1275 Concordant
1610 1251 1700 1275 neruis
1714 1250 1796 1276 Ouid.
1812 1250 1877 1277 Met.
1893 1260 1912 1283 1,
1927 1257 1978 1284 513.
2039 1253 2095 1280 Cic.
2103 1253 2189 1280 Tusc-

1135 1290 1163 1314 4,
1178 1290 1195 1314 4
1221 1290 1242 1307 c.
1256 1291 1271 1308 z
1297 1281 1446 1310 Duodecim
1468 1284 1573 1318 tabulae
1592 1284 1742 1319 declarant,
1762 1286 1852 1313 Condi
1871 1287 1922 1314 iam
1944 1294 2001 1314 tum
2016 1288 2123 1315 solitum
2140 1289 2191 1316 esse

1135 1326 1241 1343 carmen
1256 1329 1261 1344 ε
1293 1318 1366 1352 quod
1384 1328 1418 1345 ne
1440 1319 1533 1346 liceret
1552 1321 1613 1347 fieri
1631 1322 1663 1348 ad
1676 1322 1785 1348 alterius
1801 1323 1946 1355 iniuriam,
1966 1323 2024 1359 lege
2037 1325 2189 1351 sanxerunt.

1135 1353 1273 1387 Augustin.
1289 1354 1322 1380 de
1337 1356 1367 1381 C.
1383 1356 1415 1381 D.
1431 1364 1457 1385 2,
1470 1364 1486 1388 9
1512 1365 1541 1381 ex
1555 1357 1685 1390 Cicerone,
1712 1358 1739 1384 Si
1753 1358 1813 1393 quis
1826 1360 1994 1392 occentasset,
2015 1360 2068 1387 siue
2082 1370 2190 1388 carmen

1135 1389 1305 1420 condidiffct,
1326 1391 1398 1424 quod
1418 1391 1558 1418 infamiam
1576 1393 1676 1420 faceret
1697 1394 1864 1427 flagitiumue
1881 1395 1978 1423 alteri:
2010 1396 2055 1422 vbi
2073 1397 2109 1423 ad
2125 1398 2191 1424 bime

1133 1425 1214 1460 ipfimi
1234 1426 1311 1451 locum
1334 1426 1435 1453 videtur
1455 1428 1583 1463 respicere.
1656 1429 1711 1455 Cic.
1728 1438 1778 1464 pro
1798 1431 1870 1457 Cael.
1887 1436 1918 1460 18
1948 1441 1969 1458 c.
1987 1436 2000 1462 8
2027 1433 2064 1459 Ac
2084 1433 2191 1467 longius

1134 1461 1243 1494 quidem
1263 1460 1333 1486 mihi
1350 1468 1491 1489 contexere
1510 1463 1561 1490 hoc
1579 1473 1686 1491 carmen
1704 1464 1805 1491 liceret.
1876 1467 1993 1492 Martial.
2005 1468 2079 1502 Epigt
2101 1477 2140 1501 ιι,
2160 1476 2191 1502 91

1134 1497 1260 1529 Carmina
1274 1496 1346 1522 nulla
1360 1498 1470 1530 probas,
1491 1499 1586 1532 molli,
1605 1509 1673 1535 quae
1692 1500 1780 1527 limite
1795 1500 1928 1531 Cui-runt,
1949 1502 1998 1527 Sed
2013 1512 2080 1537 quae
2095 1513 2142 1538 per
2155 1505 2191 1530 sa-

1134 1532 1219 1558 lebras
1234 1533 1339 1567 altaque
1354 1534 1412 1559 saxa
1426 1533 1530 1561 cadunt.
1587 1536 1751 1570 Contingere
1762 1536 1873 1562 Musaeo
1885 1536 1976 1571 lepore
1989 1537 2094 1565 Lucrct.
2107 1548 2127 1571 1,
2137 1548 2191 1572 933.

1134 1568 1273 1595 Deducere
1286 1568 1367 1595 Ouid.
1381 1569 1445 1596 Met.
1461 1578 1481 1602 1,
1493 1580 1519 1603 4.
1563 1571 1621 1597 ls'id.
1642 1580 1667 1597 η.
1677 1580 1690 1597 2
1711 1572 1881 1606 Perpetuum.
1939 1573 2089 1600 Dedutfftum
2104 1575 2192 1601 dicere

1135 1613 1241 1630 carmen
1255 1604 1353 1639 Virgil.
1368 1605 1419 1631 Ecl
1435 1608 1461 1637 6,
1477 1613 1498 1638 5.
1524 1608 1542 1632 ι’.
1557 1606 1663 1633 Tenue.
1701 1607 1860 1634 Translatio
1874 1617 1888 1634 a
1907 1608 1981 1641 lana,
1999 1617 2067 1644 quae
2086 1610 2192 1637 deduci-

1135 1645 1180 1666 tur
1195 1640 1224 1666 in
1239 1641 1405 1667 tenuitatem.
1443 1641 1558 1668 Seruius.
1631 1642 1749 1670 Delenda
1771 1644 1839 1670 Hor.
1850 1643 1929 1678 Epist.
1943 1653 1970 1677 2,
1985 1653 2005 1677 1,
2020 1647 2063 1678 69.
2119 1646 2192 1673 Deli·

1135 1676 1195 1702 nire
1213 1677 1331 1711 aliquem
1351 1677 1468 1704 carmine
1500 1678 1583 1704 Ouid.
1597 1678 1662 1705 Met.
1684 1687 1723 1712 11,
1745 1681 1787 1712 163
1873 1681 2083 1708 Dcmurmurare
2118 1683 2194 1709 lieni

1135 1713 1200 1739 Met.
1218 1721 1258 1746 14,
1272 1718 1324 1742 108·
1396 1712 1494 1748 Virgil.
1508 1715 1573 1741 Aen.
1588 1723 1610 1746 3,
1631 1722 1684 1748 445
1709 1716 1894 1750 Qiaecunque
1914 1716 1941 1742 in
1963 1717 2038 1743 foliis
2058 1717 2193 1753 descripsit

1135 1748 1254 1774 carmina
1273 1748 1353 1783 virgo
1388 1749 1494 1784 Digerit
1514 1750 1545 1776 in
1562 1759 1715 1777 numerum.
1793 1752 1948 1779 Describere
1968 1753 1997 1779 in
2017 1755 2117 1780 cortice
2136 1754 2193 1789 tagi

1136 1783 1210 1809 Ideni
1224 1784 1278 1810 Ecl.
1293 1792 1316 1816 5,
1331 1793 1364 1817 13.
1438 1787 1470 1812 Er
1483 1786 1548 1812 Aen.
1563 1788 1590 1818 6,
1604 1788 1661 1820 644
1685 1788 1746 1813 Pars
1760 1787 1872 1821 pedibus
1886 1788 2015 1822 plaudunt
2027 1790 2150 1822 choreas,
2165 1795 2193 1817 et

1137 1820 1255 1846 carmina
1268 1821 1376 1846 Dicunt.
1447 1822 1544 1855 Virgii.
1559 1822 1657 1856 Geor-g.
1674 1830 1694 1854 1,
1707 1830 1753 1854 350
1774 1823 1826 1848 Dat
1840 1829 1927 1848 motus
1939 1824 2144 1858 incompositos,
2165 1831 2193 1853 et

1136 1856 1254 1882 carmina
1268 1856 1354 1882 Dicat.
1425 1856 1534 1883 DiCtare
1553 1858 1647 1883 Horat.
1662 1857 1743 1891 Epist.
1756 1866 1783 1889 2,
1797 1866 1818 1890 1,
1835 1866 1883 1883 110.
1957 1859 2112 1894 Virgil.Ecl.
2127 1870 2148 1893 3,
2156 1869 2191 1897 27

1135 1890 1263 1917 Stridenti
1281 1891 1407 1931 miserum
1419 1891 1513 1925 stipula
1526 1891 1677 1926 disperdere
1693 1901 1807 1919 carmen.
1881 1894 2028 1928 Disponere
2046 1896 2153 1923 Lucret.
2166 1905 2192 1930 3,

1135 1935 1192 1959 421.
1263 1926 1428 1960 Distringere
1443 1928 1560 1962 aliquem
1577 1928 1694 1954 carmine
1708 1929 1790 1955 Ouid.
1805 1928 1891 1955 Trist.
1906 1938 1932 1961 2,
1947 1933 2002 1963 563.
2072 1933 2191 1959 Martial.

1136 1970 1169 1991 12,
1184 1970 1196 1987 2
1219 1963 1295 1995 Qiae
1309 1963 1390 1988 modo
1405 1961 1527 1990 littoreos
1542 1963 1623 1990 ibatis
1636 1964 1754 1989 carmina
1769 1964 1880 1996 Pyrgos:
1911 1966 1950 1990 Ite
1965 1967 2049 1998 sacra,
2070 1967 2123 1993 iam
2137 1977 2193 1995 non.

1136 1997 1325 2031 puluerulcnta
1346 1998 1389 2024 via
1411 1998 1456 2024 est.
1528 2000 1663 2024 Exornare
1680 1998 1844 2032 templorum
1866 1999 1954 2025 aditus
1975 2002 2031 2027 Cic.
2046 2011 2096 2036 pro
2110 2003 2192 2031 Arch.

1136 2035 1209 2059 Poet.
1224 2041 1266 2067 27.
1341 2034 1437 2060 Facere
1455 2033 1510 2058 Cic.
1528 2033 1612 2058 Tusc.
1626 2041 1656 2065 4,
1670 2041 1712 2066 41.
1784 2033 1880 2060 Facere
1898 2043 1969 2062 noua
1984 2039 2101 2065 carmina
2115 2040 2191 2073 Virg-

1135 2069 1186 2095 Ecl.
1201 2077 1222 2100 3,
1236 2071 1276 2097 86.
1349 2067 1480 2093 Faetitare
1495 2068 1628 2098 carmina,
1653 2067 1707 2094 vicl.
1720 2069 1809 2103 paullo
1822 2076 1897 2103 ante,
1918 2071 2047 2099 Probrosa
2067 2075 2192 2101 carmina.

1134 2103 1362 2134 Horat.Carm.4‚
1375 2109 1400 2134 2,
1415 2110 1445 2134 32
1480 2116 1527 2122 ——
1562 2104 1673 2137 operosa
1687 2112 1786 2138 paruus
1821 2105 1950 2133 Carmina
1964 2109 2067 2144 Fingo,
2087 2119 2140 2136 cum
2154 2119 2192 2137 re.

1132 2139 1226 2163 latione
1235 2136 1269 2163 acl
1276 2144 1337 2172 opus
1344 2144 1424 2172 apum,
1433 2137 1549 2175 quibus-fi
1557 2145 1693 2176 comparat.
1730 2139 1858 2167 sedetiam
1867 2149 1940 2169 extra
1953 2143 2018 2171 hanc
2029 2150 2194 2182 comparatio·

1137 2182 1190 2198 nem
1211 2192 1220 2204 ,
1256 2173 1371 2208 Fingere
1386 2173 1492 2200 linenda
1504 2174 1600 2207 cedro,
1619 2182 1646 2202 et
1659 2176 1787 2203 seruanda
1799 2178 1916 2212 cupresso
1929 2180 1997 2206 Hor.
2006 2180 2039 2207 de
2047 2182 2112 2209 Arte
2120 2183 2193 2210 Poet.

1132 2216 1186 2240 332.
1258 2208 1316 2235 Sen.
1332 2209 1423 2244 Agam.
1439 2218 1485 2242 330
1506 2210 1555 2237 Sed
1576 2211 1653 2246 quale
1666 2211 1734 2239 soles
1752 2212 1858 2240 leuiore
1875 2213 1932 2247 lyra
1946 2216 2067 2244 Fleftere
2086 2227 2193 2246 carmen

1132 2243 1259 2279 fimplex,
1278 2245 1313 2271 ad
1328 2245 1457 2272 Phoebum.
1531 2247 1654 2274 Fundere
1669 2247 1714 2275 Sil.
1730 2256 1765 2281 13,
1801 2268 1808 2274 .
1846 2269 1854 2276 .
1909 2250 1966 2278 Cic.
1978 2252 2063 2279 Tusc.
2078 2261 2088 2279 1
2112 2263 2133 2280 c.
2148 2256 2191 2281 26.

1133 2279 1256 2306 Gaudere
1275 2282 1370 2308 Horat.
1385 2282 1474 2308 carm.
1508 2302 1517 2314 ,
1531 2287 1554 2315 8,
1570 2292 1602 2309 ιι.
1629 2290 1653 2310 ee
1672 2283 1752 2318 Epist.
1767 2292 1793 2316 2,
1806 2292 1833 2316 2,
1847 2291 1887 2317 59.
1958 2287 2067 2315 Habent
2085 2298 2192 2318 carmen

1133 2316 1224 2342 versus
1237 2316 1369 2343 Saliorum
1384 2317 1497 2351 Qiinc‘ti
1510 2337 1516 2344 .
1533 2326 1553 2350 1,
1569 2327 1608 2350 10,
1622 2327 1662 2344 20.
1691 2322 1711 2345 i.
1719 2319 1891 2354 suos-modos,
1911 2321 1999 2355 quibus
2014 2326 2189 2359 caniqujluut,

1133 2352 1250 2378 inserere
1260 2351 1392 2384 Qinffil.
1403 2361 1424 2384 1,
1433 2360 1459 2387 7.
1514 2353 1653 2379 Claudian.
1663 2353 1696 2380 de
1708 2360 1795 2388 quart.
1805 2355 1883 2381 Coris.
1892 2356 1964 2383 Hon.
1973 2360 2025 2392 648
2045 2359 2070 2386 Ο
2084 2360 2164 2393 mihi,
2171 2361 2190 2388 si

1134 2388 1212 2413 liceat
1236 2386 1358 2413 thalamis
1385 2387 1525 2413 Intendere
1544 2397 1651 2416 carmen
1687 2390 1858 2416 Connubiale
1878 2392 1939 2419 tuis.
2013 2393 2095 2421 Ouid.
2109 2396 2190 2431 Epist.

1136 2425 1175 2455 16,
1187 2431 1211 2453 13
1229 2422 1288 2448 Nec
1301 2422 1386 2455 mihi,
1407 2423 1537 2458 dispositis
1552 2433 1620 2459 quae
1633 2425 1742 2459 iungam
1756 2426 1874 2452 carmina
1886 2428 1978 2455 neruis
2015 2430 2190 2460 Prouen‘itznt.

1134 2457 1232 2492 Virgil.
1242 2459 1338 2493 Georg.
1353 2470 1381 2493 4,
1397 2461 1443 2492 565
1463 2460 1605 2494 Carmina,
1622 2461 1670 2496 qui
1684 2461 1731 2487 lusi
1746 2461 1889 2496 pastorum.
1958 2465 2087 2493 Mandare
2104 2468 2190 2496 foliis,

1134 2495 1153 2519 i.
1183 2496 1212 2520 in
1238 2494 1318 2530 foliis
1346 2494 1480 2530 describere
1500 2496 1569 2523 velut
1585 2499 1613 2523 in
1631 2497 1722 2523 charta
1740 2497 1814 2524 Idem
1828 2499 1893 2526 Aen.
1907 2500 1940 2532 6,
1955 2507 2000 2536 74.
2071 2504 2189 2531 Martial.

1135 2537 1175 2561 ιι,
1195 2534 1223 2562 58
1253 2530 1380 2563 Miraris,
1403 2530 1498 2563 doeio,
1521 2532 1593 2567 quod
1612 2533 1730 2559 carmina
1748 2534 1829 2561 mitto
1849 2535 1956 2562 Seuero.
2048 2539 2189 2568 Modulari

1134 2574 1239 2592 carmen
1255 2566 1351 2601 Virgil.
1365 2567 1430 2593 Aen.
1451 2576 1477 2599 1,
1498 2575 1516 2593 1.
1588 2568 1670 2595 Ouid.
1685 2569 1750 2595 Met.
1766 2578 1809 2603 10,
1827 2578 1872 2602 3οι
1900 2572 1952 2598 Aut
1966 2581 2040 2605 mea,
2058 2574 2076 2600 fi
2092 2576 2189 2603 vestras

1134 2600 1290 2628 Mulcebunt
1303 2603 1421 2630 carmina
1436 2609 1544 2630 mentes.
1614 2605 1735 2632 Mulcere
1748 2605 1866 2640 aliquem
1887 2613 1962 2642 grato
1982 2610 2100 2637 carmine
2118 2613 2188 2640 Hor.

1134 2638 1223 2664 Carm.
1238 2646 1259 2670 3,
1275 2646 1309 2670 ιι,
1321 2647 1366 2673 24.
1437 2638 1554 2666 Neoere
1573 2641 1690 2667 carmina
1711 2641 1772 2668 Stat.
1786 2642 1850 2668 Silu.
1866 2651 1888 2675 2,
1903 2651 1933 2675 2,
1946 2652 1999 2678 114.
2028 2658 2033 2663 -
2072 2647 2189 2682 Pangere

1135 2673 1252 2700 carmina
1264 2674 1369 2701 Lucrct.
1386 2682 1406 2707 1,
1418 2683 1475 2707 932.
1529 2675 1586 2702 Cic.
1601 2677 1673 2704 Fam.
1688 2678 1727 2709 16,
1740 2682 1776 2707 18.
1845 2677 1961 2705 Probare
1978 2681 2095 2709 carmina
2117 2685 2192 2711 Mar·-¹

1136 2709 1191 2736 tial.
1206 2718 1239 2741 ιι,
1250 2719 1290 2744 91.
1362 2711 1487 2737 Carmina
1501 2711 1665 2739 Proueniunt
1677 2713 1769 2740 animo
1782 2712 1896 2740 deducta
1909 2715 2001 2743 sereno
2010 2718 2092 2745 Ouid.
2101 2719 2188 2747 Trist.

1136 2754 1157 2778 1,
1171 2754 1191 2779 1,
1203 2754 1244 2779 39.
1317 2746 1443 2774 Carmina
1459 2748 1580 2774 secessum
1593 2748 1731 2776 scribentis
1751 2754 1777 2776 et
1790 2749 1846 2777 otia
1860 2751 2001 2784 Qaerunt
2013 2753 2087 2780 Idem
2100 2755 2187 2783 Trist.

1135 2790 1156 2814 1,
1171 2791 1191 2813 ι,
1205 2790 1245 2815 41.
1318 2782 1382 2809 Stat.
1396 2782 1461 2809 Silii.
1475 2792 1498 2815 3,
1511 2792 1534 2816 3,
1547 2792 1592 2817 21,-
1618 2784 1718 2811 Nostra
1733 2793 1842 2820 quoque
1862 2787 1984 2822 exemplo
2004 2790 2114 2817 meritus
2133 2791 2188 2818 tibi

1134 2818 1252 2844 carmina
1264 2817 1360 2845 Sancit.
1393 2821 1411 2845 i.
1427 2818 1542 2852 dedicat,
1559 2823 1586 2846 in
1604 2821 1697 2848 tumulo
1704 2820 1808 2856 scribit.
1879 2822 1962 2849 Silent
1980 2825 2112 2859 carmina,
2131 2826 2186 2855 vid.

1133 2862 1160 2880 n.
1177 2862 1192 2880 2
1218 2854 1342 2888 Oppi-essa
1361 2854 1488 2881 carmina.
1559 2855 1681 2883 Scribere
1700 2857 1729 2883 in
1747 2857 1864 2893 aliquem
1883 2858 1940 2886 Cic.
1959 2858 1991 2886 de
2003 2861 2078 2887 Orat.
2097 2870 2126 2893 2,
2141 2870 2186 2895 332

1133 2898 1155 2916 c.
1169 2891 1209 2920 86.
1263 2889 1385 2917 Scribere
1397 2890 1467 2917 mala
1479 2891 1546 2918 Hor.
1561 2892 1643 2920 Serm.
1656 2901 1682 2926 2,
1696 2894 1723 2926 6,
1737 2900 1782 2928 74.
1853 2894 1929 2929 Virg.
1942 2896 1997 2922 Ecl.
2011 2903 2033 2928 5,
2047 2899 2083 2930 64
2111 2899 2184 2932 Ipsae

1133 2925 1189 2952 iam
1213 2925 1330 2953 carmina
1351 2935 1430 2962 rupes
1467 2927 1523 2961 Ipsa
1541 2927 1640 2955 Sonant
1659 2928 1782 2961 arbusta,
1802 2928 1882 2962 deus,
1903 2930 1966 2956 deus
1987 2931 2033 2958 ille
2053 2933 2185 2961 Menalca.

1132 2961 1251 2988 Statuere
1265 2962 1374 2989 modum
1387 2963 1514 2990 carminis
1526 2963 1608 2991 Ouid.
1623 2964 1710 2992 Trist.
1727 2973 1747 2997 1,
1770 2972 1802 2997 11,
1816 2973 1862 2998 44.
1933 2966 2058 2993 Tradere
2077 2977 2119 2995 res
2141 2978 2184 3004 ge-

1132 2996 1181 3024 stas
1195 2998 1358 3026 carminibus
1372 2999 1474 3026 Lucret.
1483 3006 1506 3032 5,
1521 3008 1595 3033 1443.
1664 3001 1782 3028 Tradita
1795 2999 1912 3027 carmine
1925 3007 1951 3027 et
1964 3000 2084 3030 sabulosa
2098 3006 2184 3039 Qiin-

1134 3032 1189 3060 aiil.
1204 3042 1230 3066 z,
1245 3043 1272 3067 4.
1345 3035 1402 3061 Cic.
1417 3034 1449 3061 de
1457 3035 1544 3062 Amic.
1555 3045 1592 3070 24
1611 3036 1796 3072 Empedoclem
1809 3035 1916 3070 quidem
1928 3038 2091 3066 carminibus
2104 3042 2186 3068 Grae·

1134 3069 1171 3096 cis
1184 3070 1359 3098 vaticinatum
1372 3071 1478 3102 ferunt,
1497 3080 1580 3107 quae,
1598 3079 1643 3098 etc.
1696 3071 1818 3099 Vendere
1831 3072 1947 3099 Martial.
1963 3082 1998 3104 12,
2012 3077 2057 3107 46.
2120 3077 2184 3104 Vin.

1133 3113 1192 3133 cere
1209 3105 1328 3141 aliquem
1346 3105 1510 3134 carminibus
1528 3108 1626 3142 Virgil.
1644 3106 1698 3134 Ecl.
1710 3117 1747 3142 4,
1767 3115 1803 3140 55.
1874 3109 1974 3136 Viuere
1995 3111 2113 3139 carmina
2128 3122 2185 3142 non

1132 3141 1244 3177 possunt,
1258 3151 1328 3179 quae
1340 3142 1493 3170 scribuntur
1504 3152 1588 3178 aquae
1600 3142 1740 3178 potoribus
1752 3143 1820 3170 Hor.
1829 3142 1905 3178 Epist.
1917 3153 1936 3177 1,
1944 3153 2018 3178 20,3.
2130 3148 2150 3191 ff
2164 3158 2184 3185 4

1133 3178 1247 3205 Carmen
1259 3178 1393 3215 aliquando
1411 3188 1477 3205 unus
1493 3179 1563 3205 modo
1576 3178 1664 3220 versus
1682 3185 1727 3205 aut
1741 3178 1789 3205 duo
1802 3178 1927 3219 dicuntur.
1984 3181 2051 3209 Rem
2064 3192 2184 3213 carmine

1133 3213 1206 3248 signo
1218 3225 1224 3240 :
1249 3215 1350 3241 Aeneas
1362 3214 1426 3242 haec
1439 3214 1472 3241 de
1483 3215 1581 3241 Danais
1593 3214 1744 3242 vietoribus
1758 3222 1830 3241 arma
1842 3215 1916 3249 Virg.
1930 3216 1994 3244 Aen.
2007 3226 2031 3251 3,
2045 3224 2101 3255 287.
2151 3222 2185 3250 Et

1133 3250 1269 3277 tumulum
1280 3251 1374 3281 facite,
1388 3257 1415 3277 et
1426 3250 1532 3278 tumulo
1544 3250 1711 3285 superaddite
1723 3259 1842 3290 carmen:
1861 3250 1980 3286 Daphnis
1993 3261 2043 3288 ego
2057 3255 2086 3282 in
2099 3256 2181 3292 siluis,

1132 3285 1196 3313 hinc
1211 3295 1295 3322 vsque
1308 3285 1341 3314 ad
1353 3286 1436 3314 sidera
1447 3292 1543 3319 notus,
1563 3285 1682 3314 Formosi
1695 3293 1799 3321 pecoris
1812 3285 1896 3313 custos
1909 3287 2054 3318 formosior
2068 3291 2123 3327 ipse
2143 3293 2182 3321 Id.

1132 3321 1186 3349 Ecl.
1200 3330 1222 3355 5,
1235 3331 1279 3356 42.
1325 3322 1373 3351 Sed
1383 3329 1461 3349 totum
1473 3322 1564 3349 librum
1583 3323 1629 3349 hoc
1646 3325 1741 3348 nomine
1758 3321 1885 3348 indicauit
1894 3323 1974 3352 Lucr.
1988 3327 2015 3358 6,
2027 3335 2078 3362 937
2099 3328 2182 3362 Qiod

1133 3358 1163 3385 in
1174 3357 1264 3392 primo
1295 3367 1384 3394 uoque
1399 3358 1516 3385 carmine
1528 3358 1618 3385 claret.
1657 3357 1716 3385 Vid.
1735 3358 1795 3384 Viri
1807 3355 1877 3384 docti
1888 3359 1923 3386 ad
1935 3360 2044 3389 Catonis
2058 3364 2123 3390 Dist.
2136 3373 2156 3396 1,
2169 3372 2181 3391 ι

1134 3393 1162 3421 Si
1175 3394 1245 3422 Deus
1261 3367 1299 3421 eii
1311 3395 1430 3426 animus,
1448 3393 1528 3420 nobis
1541 3399 1571 3421 vt
1588 3393 1705 3421 earmina
1723 3392 1823 3420 dicunt.
2068 3406 2081 3432 ς
2118 3400 2181 3426 Car.

1133 3429 1208 3457 mina
1221 3433 1298 3460 etiam,
1307 3430 1425 3458 dicuntur
1438 3430 1566 3467 formulae
1579 3429 1696 3466 quaedam
1708 3430 1834 3465 conceptis
1847 3429 1932 3458 verbis
1942 3432 2027 3469 adfhl
2036 3437 2178 3461 emnitatem

1134 3467 1243 3501 aliquam
1256 3466 1406 3503 compofitae.
1478 3465 1535 3492 Cic.
1549 3474 1598 3501 pro
1612 3466 1734 3493 Muraen.
1752 3467 1784 3491 26
1809 3474 1830 3491 c.
1844 3473 1872 3493 ιι
1898 3467 2008 3495 Praetor
2027 3470 2128 3496 interea
2145 3478 2179 3496 ne

1134 3501 1276 3537 pulchrum
1288 3503 1329 3535 se,
1347 3511 1376 3529 ac
1391 3501 1499 3529 beatum
1511 3507 1631 3536 putaret,
1649 3505 1728 3536 atque
1740 3499 1844 3536 aliquid
1857 3501 1913 3538 ipse
1925 3504 1969 3530 sua
1984 3505 2074 3539 sponte
2087 3504 2180 3539 loque-

1134 3543 1227 3571 retur,
1245 3538 1272 3565 ei
1291 3547 1399 3574 quoque
1417 3546 1524 3564 carmen
1541 3535 1715 3571 compositum
1732 3536 1784 3569 est,
1800 3546 1861 3565 cum
1875 3540 1984 3566 caeteris
1997 3540 2075 3566 rebus
2089 3539 2179 3567 absur-

1135 3573 1216 3607 dum,
1235 3579 1292 3601 tuni
1305 3583 1371 3602 vero
1384 3573 1453 3600 nulli
1464 3573 1533 3600 vsui.
1585 3572 1727 3599 ISTAM
1755 3573 1866 3600 VIAM
1892 3575 2013 3607 DICO,
2046 3575 2179 3603 ΙΝΙΤΕ

1135 3610 1259 3643 VIAM,
1285 3618 1331 3637 etc.
1403 3609 1464 3636 Liu.
1486 3618 1495 3635 1
1504 3629 1512 3641 ,
1540 3609 1572 3634 26
1603 3608 1658 3635 Lex
1681 3607 1811 3641 horrendi
1833 3611 1958 3637 carminis
1982 3615 2052 3642 erat,
2077 3611 2179 3639 Duum-

1134 3645 1192 3672 viri
1207 3645 1420 3681 perduellionem
1439 3644 1573 3676 iudicent,
1590 3651 1637 3670 etc.
1689 3645 1729 3671 De
1747 3644 1829 3672 eadem
1847 3655 1874 3672 re
1895 3647 1949 3673 Cic.
1968 3654 2018 3680 pro
2036 3646 2065 3671 C.
2085 3646 2181 3674 Rabir.

1135 3680 1208 3716 perd.
1219 3690 1245 3715 13
1266 3691 1288 3711 c.
1300 3692 1320 3716 4
1346 3679 1521 3709 Crudelislimi
1532 3680 1603 3714 regis
1615 3678 1745 3708 cruciatus
1757 3680 1884 3708 earmina.
1938 3681 1996 3707 Liu.
2010 3689 2033 3712 3,
2047 3682 2083 3715 64
2102 3683 2179 3710 Reci-

1135 3716 1260 3754 tabatque
1273 3717 1421 3753 rogationis
1436 3724 1555 3746 carmen,
1573 3716 1602 3742 in
1615 3724 1685 3751 quo,
1703 3716 1722 3742 fi
1735 3716 1860 3743 tribunos
1874 3715 1961 3751 plebei
1974 3715 2063 3742 decern
2076 3718 2179 3753 rogabo

1137 3759 1184 3780 etc.
1233 3755 1266 3781 Et
1279 3762 1318 3786 ιο,
1330 3758 1358 3786 38
1376 3751 1477 3779 Deinde
1491 3751 1580 3778 iurare
1591 3751 1737 3787 cogebatur
1752 3752 1812 3778 diro
1831 3751 1946 3786 quodam
1959 3751 2076 3778 carmine
2093 3753 2123 3780 in
2135 3763 2179 3781 ex.

80 3807 84 3813 ,
106 3775 302 3817 §Phoebeaque
312 3772 422 3806 daedala
433 3778 540 3806 chordis
551 3779 675 3806 Carmina
690 3779 820 3807 consimili
831 3781 935 3809 ratione
947 3784 1070 3819 Oppressa
1080 3797 1127 3816 100
1136 3788 1308 3816 feti-ationem
1322 3787 1414 3823 capitis
1430 3786 1603 3822 Familiaeque
1619 3794 1646 3814 et
1657 3788 1744 3823 stirpis
1759 3786 1902 3821 composito
1910 3803 1918 3815 ‚
1931 3785 1980 3812 nisi
1991 3786 2049 3813 isset
2062 3788 2091 3814 in
2105 3798 2178 3824 prae-

1135 3823 1218 3858 lium,
1238 3832 1284 3852 etc.
1320 3826 1352 3851 Et
1364 3832 1404 3856 39,
1419 3830 1443 3855 15
1465 3823 1556 3856 Qium
1563 3823 1695 3850 sollemne
1707 3832 1811 3850 carmen
1825 3821 2000 3856 precationis,
2017 3823 2090 3858 quod
2104 3834 2177 3859 prae.

1133 3860 1203 3893 fari,
1223 3861 1376 3896 priusquam
1394 3858 1523 3893 populum
1538 3859 1722 3894 alloquantur,
1742 3857 1906 3893 magistratus
1921 3856 2022 3897 solent,
2042 3861 2177 3895 peregisset

1135 3897 1234 3923 consul.
1305 3897 1428 3929 Longum
1445 3893 1513 3920 illud
1532 3903 1638 3922 carmen
1656 3895 1828 3922 comitiorum
1848 3899 1920 3918 vocat
1941 3892 2008 3920 le.
2021 3895 2082 3920 Pan.
2103 3898 2142 3927 63,
2163 3903 2178 3920 a

1133 3932 1178 3959 vbi
1188 3933 1320 3969 sollemnia
1331 3937 1416 3963 tamen*
1426 3930 1478 3956 alia
1491 3930 1674 3967 complestitur.
1718 3932 1799 3956 Etiam
1811 3930 1838 3954 in
1844 3927 1950 3968 foedere
1958 3928 2094 3963 smiciendo
2106 3930 2177 3956 adbi-

1133 3967 1212 3995 bitum
1225 3968 1348 3995 Carmen.
1407 3965 1468 3992 Liu.
1484 3973 1510 3998 1,
1522 3975 1558 4002 24
1585 3967 1661 3996 Pater
1673 3970 1787 4002 patratus
1803 3962 1838 3990 ad
1855 3971 1898 3990 ius
1915 3965 2058 3992 iurandum
2074 3970 2176 4025 pagi-an-

1444 4009 1459 4034 ς
1479 4001 1500 4029 Ε
2122 4008 2175 4030 υηι,
