<?xml version="1.0" encoding="UTF-8"?>
<!DOCTYPE html PUBLIC "-//W3C//DTD XHTML 1.0 Transitional//EN"
    "http://www.w3.org/TR/xhtml1/DTD/xhtml1-transitional.dtd">
<html xmlns="http://www.w3.org/1999/xhtml" xml:lang="en" lang="en">
 <head>
  <title>
</title>
<meta http-equiv="Content-Type" content="text/html;charset=utf-8" />
  <meta name='ocr-system' content='tesseract 3.04.00' />
  <meta name='ocr-capabilities' content='ocr_page ocr_carea ocr_par ocr_line ocrx_word'/>
</head>
<body>
  <div class='ocr_page' id='page_1' title='image "./lta-11000/novuslinguaeeter01gesn/novuslinguaeeter01gesn_0466.png"; bbox 0 0 2474 4182; ppageno 0'>
   <div class='ocr_carea' id='block_1_1' title="bbox 284 187 930 248">
    <p class='ocr_par' dir='ltr' id='par_1_1' title="bbox 284 187 930 248">
     <span class='ocr_line' id='line_1_1' title="bbox 284 187 930 248; baseline -0.014 -15"><span class='ocrx_word' id='word_1_1' title='bbox 284 205 358 248; x_wconf 72' lang='lat'>327</span> <span class='ocrx_word' id='word_1_2' title='bbox 663 187 930 230; x_wconf 86' lang='lat' dir='ltr'>CED</span> 
     </span>
    </p>
   </div>
   <div class='ocr_carea' id='block_1_2' title="bbox 281 273 1331 601">
    <p class='ocr_par' dir='ltr' id='par_1_2' title="bbox 285 273 1331 392">
     <span class='ocr_line' id='line_1_2' title="bbox 285 273 1330 314; baseline -0.015 -1"><span class='ocrx_word' id='word_1_3' title='bbox 285 287 374 312; x_wconf 73' lang='lat' dir='ltr'>colunt</span> <span class='ocrx_word' id='word_1_4' title='bbox 381 284 469 311; x_wconf 79' lang='lat' dir='ltr'>Cedo:</span> <span class='ocrx_word' id='word_1_5' title='bbox 484 290 507 310; x_wconf 78' lang='lat' dir='ltr'>et</span> <span class='ocrx_word' id='word_1_6' title='bbox 514 279 781 314; x_wconf 63' lang='lat' dir='ltr'>memorantplmulem.</span> <span class='ocrx_word' id='word_1_7' title='bbox 817 277 943 310; x_wconf 84' lang='lat' dir='ltr'>Cettepro</span> <span class='ocrx_word' id='word_1_8' title='bbox 952 274 1035 301; x_wconf 86' lang='lat' dir='ltr'>cedite</span> <span class='ocrx_word' id='word_1_9' title='bbox 1050 283 1107 311; x_wconf 60' lang='lat' dir='ltr'>eng.</span> <span class='ocrx_word' id='word_1_10' title='bbox 1129 273 1330 302; x_wconf 76' lang='lat' dir='ltr'>Plaut.Mcrc.5‚</span> 
     </span>
     <span class='ocr_line' id='line_1_3' title="bbox 287 307 1331 355; baseline -0.015 -6"><span class='ocrx_word' id='word_1_11' title='bbox 287 331 316 354; x_wconf 74' lang='lat'>4,</span> <span class='ocrx_word' id='word_1_12' title='bbox 328 331 347 355; x_wconf 80' lang='lat'><strong>4</strong></span> <span class='ocrx_word' id='word_1_13' title='bbox 365 322 441 348; x_wconf 87' lang='lat' dir='ltr'>Cette</span> <span class='ocrx_word' id='word_1_14' title='bbox 453 320 556 346; x_wconf 81' lang='lat' dir='ltr'>dextras</span> <span class='ocrx_word' id='word_1_15' title='bbox 569 325 637 343; x_wconf 86' lang='lat' dir='ltr'>nunc</span> <span class='ocrx_word' id='word_1_16' title='bbox 651 316 712 340; x_wconf 86' lang='lat' dir='ltr'>iam.</span> <span class='ocrx_word' id='word_1_17' title='bbox 749 314 826 339; x_wconf 84' lang='lat' dir='ltr'>Plura</span> <span class='ocrx_word' id='word_1_18' title='bbox 850 311 957 338; x_wconf 89' lang='lat' dir='ltr'>Nonius</span> <span class='ocrx_word' id='word_1_19' title='bbox 972 320 994 343; x_wconf 81' lang='lat'>2,</span> <span class='ocrx_word' id='word_1_20' title='bbox 1011 320 1062 337; x_wconf 88' lang='lat'>122.</span> <span class='ocrx_word' id='word_1_21' title='bbox 1098 309 1167 337; x_wconf 66' lang='grc' dir='ltr'>Λᾱᾶ.</span> <span class='ocrx_word' id='word_1_22' title='bbox 1186 307 1263 335; x_wconf 79' lang='lat' dir='ltr'>Prob.</span> <span class='ocrx_word' id='word_1_23' title='bbox 1282 308 1331 333; x_wconf 88' lang='lat' dir='ltr'>Ca-</span> 
     </span>
     <span class='ocr_line' id='line_1_4' title="bbox 287 347 1251 392; baseline -0.016 -8"><span class='ocrx_word' id='word_1_24' title='bbox 287 357 355 384; x_wconf 88' lang='lat' dir='ltr'>thol.</span> <span class='ocrx_word' id='word_1_25' title='bbox 369 367 393 392; x_wconf 90' lang='lat' dir='ltr'>p.</span> <span class='ocrx_word' id='word_1_26' title='bbox 411 358 475 390; x_wconf 79' lang='lat'>1486</span> <span class='ocrx_word' id='word_1_27' title='bbox 495 354 593 389; x_wconf 75' lang='lat' dir='ltr'>Putfth.</span> <span class='ocrx_word' id='word_1_28' title='bbox 608 350 705 377; x_wconf 81' lang='lat' dir='ltr'>Phocas</span> <span class='ocrx_word' id='word_1_29' title='bbox 719 358 742 383; x_wconf 90' lang='lat' dir='ltr'>p.</span> <span class='ocrx_word' id='word_1_30' title='bbox 760 353 817 383; x_wconf 85' lang='lat'>1718</span> <span class='ocrx_word' id='word_1_31' title='bbox 838 347 948 374; x_wconf 91' lang='lat' dir='ltr'>Cledon.</span> <span class='ocrx_word' id='word_1_32' title='bbox 963 356 986 381; x_wconf 91' lang='lat' dir='ltr'>p.</span> <span class='ocrx_word' id='word_1_33' title='bbox 1003 349 1070 379; x_wconf 89' lang='lat'>1916.</span> <span class='ocrx_word' id='word_1_34' title='bbox 1245 378 1251 383; x_wconf 48' lang='grc'><em>.</em></span> 
     </span>
    </p>

    <p class='ocr_par' dir='ltr' id='par_1_3' title="bbox 281 379 1330 495">
     <span class='ocr_line' id='line_1_5' title="bbox 324 379 1330 420; baseline -0.013 -3"><span class='ocrx_word' id='word_1_35' title='bbox 324 400 341 420; x_wconf 88' lang='lat' dir='ltr'>C</span> <span class='ocrx_word' id='word_1_36' title='bbox 350 400 367 420; x_wconf 74' lang='lat'>13</span> <span class='ocrx_word' id='word_1_37' title='bbox 377 400 394 420; x_wconf 82' lang='lat'>1)</span> <span class='ocrx_word' id='word_1_38' title='bbox 404 400 421 419; x_wconf 80' lang='lat' dir='ltr'>R</span> <span class='ocrx_word' id='word_1_39' title='bbox 432 391 447 419; x_wconf 65' lang='grc' dir='ltr'>ιζ</span> <span class='ocrx_word' id='word_1_40' title='bbox 457 398 473 417; x_wconf 76' lang='grc' dir='ltr'>ι,</span> <span class='ocrx_word' id='word_1_41' title='bbox 483 398 504 417; x_wconf 76' lang='grc' dir='ltr'>Α</span> <span class='ocrx_word' id='word_1_42' title='bbox 515 397 529 414; x_wconf 81' lang='grc' dir='ltr'>ι;</span> <span class='ocrx_word' id='word_1_43' title='bbox 539 396 557 413; x_wconf 72' lang='grc' dir='ltr'>ι)</span> <span class='ocrx_word' id='word_1_44' title='bbox 567 395 603 419; x_wconf 77' lang='grc' dir='ltr'>Ν,</span> <span class='ocrx_word' id='word_1_45' title='bbox 627 386 646 412; x_wconf 90' lang='lat' dir='ltr'>i.</span> <span class='ocrx_word' id='word_1_46' title='bbox 670 395 696 412; x_wconf 89' lang='lat' dir='ltr'>n.</span> <span class='ocrx_word' id='word_1_47' title='bbox 733 385 788 411; x_wconf 83' lang='lat' dir='ltr'>Olci</span> <span class='ocrx_word' id='word_1_48' title='bbox 801 382 908 420; x_wconf 60' lang='lat' dir='ltr'>sustitit·</span> <span class='ocrx_word' id='word_1_49' title='bbox 921 383 1033 418; x_wconf 71' lang='lat' dir='ltr'>species,</span> <span class='ocrx_word' id='word_1_50' title='bbox 1042 391 1072 408; x_wconf 81' lang='lat' dir='ltr'>ex</span> <span class='ocrx_word' id='word_1_51' title='bbox 1085 381 1160 408; x_wconf 74' lang='lat' dir='ltr'>malis</span> <span class='ocrx_word' id='word_1_52' title='bbox 1181 379 1253 405; x_wconf 74' lang='lat' dir='ltr'>cedri</span> <span class='ocrx_word' id='word_1_53' title='bbox 1273 386 1330 404; x_wconf 83' lang='lat' dir='ltr'>con-</span> 
     </span>
     <span class='ocr_line' id='line_1_6' title="bbox 281 419 997 466; baseline -0.017 -10"><span class='ocrx_word' id='word_1_54' title='bbox 281 426 373 466; x_wconf 56' lang='grc' dir='ltr'>Ῐεὲῗιι,</span> <span class='ocrx_word' id='word_1_55' title='bbox 396 428 484 462; x_wconf 66' lang='lat' dir='ltr'>Aequa</span> <span class='ocrx_word' id='word_1_56' title='bbox 508 425 574 451; x_wconf 88' lang='lat' dir='ltr'>Plin.</span> <span class='ocrx_word' id='word_1_57' title='bbox 592 430 626 455; x_wconf 70' lang='grc' dir='ltr'>ις,</span> <span class='ocrx_word' id='word_1_58' title='bbox 639 430 656 457; x_wconf 89' lang='lat'>7</span> <span class='ocrx_word' id='word_1_59' title='bbox 682 420 728 448; x_wconf 81' lang='lat' dir='ltr'>Sed</span> <span class='ocrx_word' id='word_1_60' title='bbox 748 419 828 446; x_wconf 84' lang='lat' dir='ltr'>Hard.</span> <span class='ocrx_word' id='word_1_61' title='bbox 848 419 997 446; x_wconf 83' lang='lat' dir='ltr'>Pisselaeon.</span> 
     </span>
     <span class='ocr_line' id='line_1_7' title="bbox 288 454 1188 495; baseline -0.017 -3"><span class='ocrx_word' id='word_1_62' title='bbox 288 465 409 491; x_wconf 86' lang='lat' dir='ltr'>materies</span> <span class='ocrx_word' id='word_1_63' title='bbox 420 483 427 495; x_wconf 88' lang='lat'>,</span> <span class='ocrx_word' id='word_1_64' title='bbox 447 470 494 487; x_wconf 89' lang='lat' dir='ltr'>nec</span> <span class='ocrx_word' id='word_1_65' title='bbox 508 460 623 490; x_wconf 85' lang='lat' dir='ltr'>tineam,</span> <span class='ocrx_word' id='word_1_66' title='bbox 643 466 690 483; x_wconf 86' lang='lat' dir='ltr'>nec</span> <span class='ocrx_word' id='word_1_67' title='bbox 705 456 802 482; x_wconf 89' lang='lat' dir='ltr'>cariem</span> <span class='ocrx_word' id='word_1_68' title='bbox 815 456 906 487; x_wconf 79' lang='lat' dir='ltr'>sentit,</span> <span class='ocrx_word' id='word_1_69' title='bbox 925 462 954 480; x_wconf 80' lang='lat' dir='ltr'>vt</span> <span class='ocrx_word' id='word_1_70' title='bbox 966 454 1028 480; x_wconf 69' lang='lat' dir='ltr'>idem</span> <span class='ocrx_word' id='word_1_71' title='bbox 1042 456 1081 478; x_wconf 81' lang='lat' dir='ltr'>ait</span> <span class='ocrx_word' id='word_1_72' title='bbox 1100 455 1136 483; x_wconf 81' lang='lat'>16,</span> <span class='ocrx_word' id='word_1_73' title='bbox 1150 460 1188 484; x_wconf 73' lang='lat'>39.</span> 
     </span>
    </p>

    <p class='ocr_par' dir='ltr' id='par_1_4' title="bbox 287 487 1330 601">
     <span class='ocr_line' id='line_1_8' title="bbox 324 487 1330 528; baseline -0.014 -2"><span class='ocrx_word' id='word_1_74' title='bbox 324 508 340 526; x_wconf 76' lang='lat' dir='ltr'>t:</span> <span class='ocrx_word' id='word_1_75' title='bbox 351 507 364 526; x_wconf 68' lang='grc' dir='ltr'>ις</span> <span class='ocrx_word' id='word_1_76' title='bbox 375 507 393 525; x_wconf 87' lang='lat'>1)</span> <span class='ocrx_word' id='word_1_77' title='bbox 403 505 446 524; x_wconf 77' lang='lat' dir='ltr'>RE</span> <span class='ocrx_word' id='word_1_78' title='bbox 456 503 472 521; x_wconf 87' lang='lat' dir='ltr'><strong>L</strong></span> <span class='ocrx_word' id='word_1_79' title='bbox 484 493 505 522; x_wconf 65' lang='lat' dir='ltr'>A&#39;</span> <span class='ocrx_word' id='word_1_80' title='bbox 515 501 536 522; x_wconf 86' lang='grc' dir='ltr'><strong>Τ</strong></span> <span class='ocrx_word' id='word_1_81' title='bbox 547 502 578 527; x_wconf 72' lang='grc' dir='ltr'>ιῖ,</span> <span class='ocrx_word' id='word_1_82' title='bbox 599 503 634 520; x_wconf 86' lang='lat' dir='ltr'>es.</span> <span class='ocrx_word' id='word_1_83' title='bbox 655 493 673 519; x_wconf 89' lang='lat' dir='ltr'>f.</span> <span class='ocrx_word' id='word_1_84' title='bbox 711 489 883 528; x_wconf 68' lang='grc' dir='ltr'>[κεδρελάτη]</span> <span class='ocrx_word' id='word_1_85' title='bbox 920 492 1000 516; x_wconf 72' lang='lat' dir='ltr'>Genus</span> <span class='ocrx_word' id='word_1_86' title='bbox 1010 489 1086 515; x_wconf 62' lang='lat' dir='ltr'>cedri.</span> <span class='ocrx_word' id='word_1_87' title='bbox 1108 488 1174 514; x_wconf 86' lang='lat' dir='ltr'>Plin.</span> <span class='ocrx_word' id='word_1_88' title='bbox 1189 495 1231 520; x_wconf 79' lang='lat'>24,</span> <span class='ocrx_word' id='word_1_89' title='bbox 1242 494 1259 527; x_wconf 31' lang='grc' dir='ltr'>,ς</span> <span class='ocrx_word' id='word_1_90' title='bbox 1272 487 1291 513; x_wconf 81' lang='lat' dir='ltr'>s.</span> <span class='ocrx_word' id='word_1_91' title='bbox 1307 494 1330 512; x_wconf 91' lang='lat'>11</span> 
     </span>
     <span class='ocr_line' id='line_1_9' title="bbox 288 523 1330 566; baseline -0.012 -5"><span class='ocrx_word' id='word_1_92' title='bbox 288 536 387 562; x_wconf 80' lang='lat' dir='ltr'>Cedrus</span> <span class='ocrx_word' id='word_1_93' title='bbox 401 541 509 566; x_wconf 75' lang='lat' dir='ltr'>magna,</span> <span class='ocrx_word' id='word_1_94' title='bbox 532 539 612 565; x_wconf 90' lang='lat' dir='ltr'>quam</span> <span class='ocrx_word' id='word_1_95' title='bbox 625 528 771 555; x_wconf 83' lang='lat' dir='ltr'>cedrelaten</span> <span class='ocrx_word' id='word_1_96' title='bbox 784 535 894 559; x_wconf 86' lang='lat' dir='ltr'>vocant,</span> <span class='ocrx_word' id='word_1_97' title='bbox 921 526 963 552; x_wconf 87' lang='lat' dir='ltr'>dat</span> <span class='ocrx_word' id='word_1_98' title='bbox 979 525 1078 558; x_wconf 79' lang='lat' dir='ltr'>picem,</span> <span class='ocrx_word' id='word_1_99' title='bbox 1096 533 1162 559; x_wconf 89' lang='lat' dir='ltr'>quae</span> <span class='ocrx_word' id='word_1_100' title='bbox 1177 523 1265 550; x_wconf 82' lang='lat' dir='ltr'>cedria</span> <span class='ocrx_word' id='word_1_101' title='bbox 1282 530 1330 549; x_wconf 88' lang='lat' dir='ltr'>vo-</span> 
     </span>
     <span class='ocr_line' id='line_1_10' title="bbox 287 560 1196 601; baseline -0.015 -4"><span class='ocrx_word' id='word_1_102' title='bbox 287 578 375 601; x_wconf 76' lang='lat' dir='ltr'>catur,</span> <span class='ocrx_word' id='word_1_103' title='bbox 396 569 516 595; x_wconf 87' lang='lat' dir='ltr'>dentium</span> <span class='ocrx_word' id='word_1_104' title='bbox 528 564 668 593; x_wconf 87' lang='lat' dir='ltr'>doloribus</span> <span class='ocrx_word' id='word_1_105' title='bbox 687 563 855 590; x_wconf 83' lang='lat' dir='ltr'>vtilillimam.</span> <span class='ocrx_word' id='word_1_106' title='bbox 891 563 1008 589; x_wconf 73' lang='lat' dir='ltr'>Mcmzm&#39;t</span> <span class='ocrx_word' id='word_1_107' title='bbox 1022 567 1044 586; x_wconf 72' lang='lat' dir='ltr'>et</span> <span class='ocrx_word' id='word_1_108' title='bbox 1060 568 1116 593; x_wconf 67' lang='lat'>¹3³5</span> <span class='ocrx_word' id='word_1_109' title='bbox 1131 560 1148 586; x_wconf 90' lang='lat' dir='ltr'>s.</span> <span class='ocrx_word' id='word_1_110' title='bbox 1165 568 1196 585; x_wconf 90' lang='lat'>11.</span> 
     </span>
    </p>
   </div>
   <div class='ocr_carea' id='block_1_3' title="bbox 323 591 2474 636">
    <p class='ocr_par' dir='ltr' id='par_1_5' title="bbox 323 591 2474 636">
     <span class='ocr_line' id='line_1_11' title="bbox 323 591 2474 636; baseline -0.003 -4"><span class='ocrx_word' id='word_1_111' title='bbox 323 612 390 632; x_wconf 72' lang='grc' dir='ltr'>(ῖιῖι)</span> <span class='ocrx_word' id='word_1_112' title='bbox 401 612 419 631; x_wconf 77' lang='lat' dir='ltr'>R</span> <span class='ocrx_word' id='word_1_113' title='bbox 430 612 438 630; x_wconf 93' lang='lat'>1</span> <span class='ocrx_word' id='word_1_114' title='bbox 449 611 487 635; x_wconf 81' lang='grc' dir='ltr'>Α,</span> <span class='ocrx_word' id='word_1_115' title='bbox 505 613 543 629; x_wconf 80' lang='lat' dir='ltr'>ac.</span> <span class='ocrx_word' id='word_1_116' title='bbox 565 602 584 628; x_wconf 88' lang='lat' dir='ltr'>f.</span> <span class='ocrx_word' id='word_1_117' title='bbox 606 599 724 636; x_wconf 67' lang='grc' dir='ltr'>[κεδρίει]</span> <span class='ocrx_word' id='word_1_118' title='bbox 751 601 799 626; x_wconf 69' lang='lat' dir='ltr'>Ptx</span> <span class='ocrx_word' id='word_1_119' title='bbox 813 597 860 632; x_wconf 63' lang='lat' dir='ltr'>ost,</span> <span class='ocrx_word' id='word_1_120' title='bbox 879 606 938 634; x_wconf 72' lang='lat' dir='ltr'>quac</span> <span class='ocrx_word' id='word_1_121' title='bbox 951 606 978 622; x_wconf 71' lang='lat' dir='ltr'>cx</span> <span class='ocrx_word' id='word_1_122' title='bbox 989 596 1108 622; x_wconf 66' lang='lat' dir='ltr'>cedrelate</span> <span class='ocrx_word' id='word_1_123' title='bbox 1120 595 1253 632; x_wconf 46' lang='lat' dir='ltr'>dafluitfflt</span> <span class='ocrx_word' id='word_1_124' title='bbox 1261 592 1330 620; x_wconf 83' lang='lat' dir='ltr'>modo</span> <span class='ocrx_word' id='word_1_125' title='bbox 1348 605 1378 624; x_wconf 82' lang='lat'>10</span> <span class='ocrx_word' id='word_1_126' title='bbox 1397 592 1447 623; x_wconf 83' lang='lat' dir='ltr'>est,</span> <span class='ocrx_word' id='word_1_127' title='bbox 1468 593 1567 618; x_wconf 83' lang='lat' dir='ltr'>Romae</span> <span class='ocrx_word' id='word_1_128' title='bbox 1580 591 1655 618; x_wconf 76' lang='lat' dir='ltr'>fuisse</span> <span class='ocrx_word' id='word_1_129' title='bbox 1667 591 1799 618; x_wconf 84' lang='lat' dir='ltr'>celebrem</span> <span class='ocrx_word' id='word_1_130' title='bbox 1817 601 1961 620; x_wconf 87' lang='lat' dir='ltr'>rumorem.</span> <span class='ocrx_word' id='word_1_131' title='bbox 1981 594 2006 621; x_wconf 87' lang='lat' dir='ltr'>h.</span> <span class='ocrx_word' id='word_1_132' title='bbox 2019 603 2038 620; x_wconf 78' lang='lat' dir='ltr'>e.</span> <span class='ocrx_word' id='word_1_133' title='bbox 2049 593 2163 629; x_wconf 73' lang='lat' dir='ltr'>famam,</span> <span class='ocrx_word' id='word_1_134' title='bbox 2189 595 2319 625; x_wconf 81' lang='lat' dir='ltr'>multorum</span> <span class='ocrx_word' id='word_1_135' title='bbox 2326 594 2442 632; x_wconf 61' lang='lat' dir='ltr'>sermone!</span> <span class='ocrx_word' id='word_1_136' title='bbox 2465 596 2474 622; x_wconf 59' lang='lat'>1¹</span> 
     </span>
    </p>
   </div>
   <div class='ocr_carea' id='block_1_4' title="bbox 287 630 1334 1029">
    <p class='ocr_par' dir='ltr' id='par_1_6' title="bbox 287 630 1334 1029">
     <span class='ocr_line' id='line_1_12' title="bbox 288 630 1330 670; baseline -0.012 -3"><span class='ocrx_word' id='word_1_137' title='bbox 288 639 391 667; x_wconf 63' lang='lat' dir='ltr'>elifium.</span> <span class='ocrx_word' id='word_1_138' title='bbox 428 639 524 666; x_wconf 85' lang='lat' dir='ltr'>Cedria</span> <span class='ocrx_word' id='word_1_139' title='bbox 531 647 604 670; x_wconf 87' lang='lat' dir='ltr'>vera,</span> <span class='ocrx_word' id='word_1_140' title='bbox 618 646 650 663; x_wconf 88' lang='lat' dir='ltr'>ne</span> <span class='ocrx_word' id='word_1_141' title='bbox 659 636 752 663; x_wconf 88' lang='lat' dir='ltr'>habeat</span> <span class='ocrx_word' id='word_1_142' title='bbox 760 635 824 670; x_wconf 81' lang='lat' dir='ltr'>picis</span> <span class='ocrx_word' id='word_1_143' title='bbox 831 635 948 669; x_wconf 76' lang='lat' dir='ltr'>aliquam</span> <span class='ocrx_word' id='word_1_144' title='bbox 961 633 1104 659; x_wconf 82' lang='lat' dir='ltr'>mixturam</span> <span class='ocrx_word' id='word_1_145' title='bbox 1118 631 1246 663; x_wconf 80' lang='lat' dir='ltr'>Scrib.58.</span> <span class='ocrx_word' id='word_1_146' title='bbox 1264 630 1330 655; x_wconf 90' lang='lat' dir='ltr'>Plin.</span> 
     </span>
     <span class='ocr_line' id='line_1_13' title="bbox 287 665 1331 708; baseline -0.011 -5"><span class='ocrx_word' id='word_1_147' title='bbox 287 686 330 708; x_wconf 89' lang='lat'>29,</span> <span class='ocrx_word' id='word_1_148' title='bbox 345 685 356 708; x_wconf 81' lang='grc'><strong>3</strong></span> <span class='ocrx_word' id='word_1_149' title='bbox 377 675 496 702; x_wconf 77' lang='lat' dir='ltr'>scabiem</span> <span class='ocrx_word' id='word_1_150' title='bbox 504 682 646 708; x_wconf 88' lang='lat' dir='ltr'>corporum</span> <span class='ocrx_word' id='word_1_151' title='bbox 654 681 682 699; x_wconf 88' lang='lat' dir='ltr'>ac</span> <span class='ocrx_word' id='word_1_152' title='bbox 691 672 822 706; x_wconf 87' lang='lat' dir='ltr'>pruritum</span> <span class='ocrx_word' id='word_1_153' title='bbox 830 668 1017 697; x_wconf 86' lang='lat' dir='ltr'>oleoetccdria</span> <span class='ocrx_word' id='word_1_154' title='bbox 1025 667 1220 694; x_wconf 86' lang='lat' dir='ltr'>mististollunt.</span> <span class='ocrx_word' id='word_1_155' title='bbox 1256 665 1331 701; x_wconf 80' lang='lat' dir='ltr'>C⁰²¹f·</span> 
     </span>
     <span class='ocr_line' id='line_1_14' title="bbox 288 704 1296 746; baseline -0.012 -7"><span class='ocrx_word' id='word_1_156' title='bbox 288 713 354 739; x_wconf 86' lang='lat' dir='ltr'>Plin.</span> <span class='ocrx_word' id='word_1_157' title='bbox 364 720 434 746; x_wconf 73' lang='lat'>32,7.</span> <span class='ocrx_word' id='word_1_158' title='bbox 461 711 528 737; x_wconf 88' lang='lat' dir='ltr'>Cels.</span> <span class='ocrx_word' id='word_1_159' title='bbox 538 714 605 743; x_wconf 80' lang='lat'>3‚18.</span> <span class='ocrx_word' id='word_1_160' title='bbox 635 708 741 735; x_wconf 86' lang='lat' dir='ltr'>Colum.</span> <span class='ocrx_word' id='word_1_161' title='bbox 751 710 823 739; x_wconf 78' lang='lat'>6‚32‚</span> <span class='ocrx_word' id='word_1_162' title='bbox 834 716 851 732; x_wconf 96' lang='lat'>1.</span> <span class='ocrx_word' id='word_1_163' title='bbox 888 704 1074 739; x_wconf 78' lang='lat' dir='ltr'>ch.Mulo=11.</span> <span class='ocrx_word' id='word_1_164' title='bbox 1088 713 1110 736; x_wconf 81' lang='lat'>3,</span> <span class='ocrx_word' id='word_1_165' title='bbox 1120 706 1296 738; x_wconf 71' lang='lat' dir='ltr'>17‚3-t&#39;!82‚3·</span> 
     </span>
     <span class='ocr_line' id='line_1_15' title="bbox 324 739 1332 779; baseline -0.013 -5"><span class='ocrx_word' id='word_1_166' title='bbox 324 755 364 775; x_wconf 56' lang='lat' dir='ltr'>ei.</span> <span class='ocrx_word' id='word_1_167' title='bbox 374 755 391 773; x_wconf 78' lang='grc' dir='ltr'>ι)</span> <span class='ocrx_word' id='word_1_168' title='bbox 402 755 419 773; x_wconf 71' lang='grc' dir='ltr'>κ</span> <span class='ocrx_word' id='word_1_169' title='bbox 430 754 439 773; x_wconf 86' lang='grc' dir='ltr'>ι</span> <span class='ocrx_word' id='word_1_170' title='bbox 451 753 472 773; x_wconf 86' lang='grc' dir='ltr'><strong>ν</strong></span> <span class='ocrx_word' id='word_1_171' title='bbox 486 754 510 773; x_wconf 86' lang='lat' dir='ltr'><em>M</em></span> <span class='ocrx_word' id='word_1_172' title='bbox 520 766 528 779; x_wconf 92' lang='lat'>‚</span> <span class='ocrx_word' id='word_1_173' title='bbox 552 746 571 772; x_wconf 87' lang='lat' dir='ltr'>s.</span> <span class='ocrx_word' id='word_1_174' title='bbox 595 751 663 772; x_wconf 77' lang='lat' dir='ltr'>cm)</span> <span class='ocrx_word' id='word_1_175' title='bbox 673 751 745 770; x_wconf 66' lang='lat' dir='ltr'>Rev</span> <span class='ocrx_word' id='word_1_176' title='bbox 756 751 778 769; x_wconf 82' lang='lat' dir='ltr'>M</span> <span class='ocrx_word' id='word_1_177' title='bbox 792 763 799 775; x_wconf 90' lang='lat'>‚</span> <span class='ocrx_word' id='word_1_178' title='bbox 825 746 873 768; x_wconf 79' lang='lat' dir='ltr'>int.</span> <span class='ocrx_word' id='word_1_179' title='bbox 897 742 987 767; x_wconf 72' lang='lat' dir='ltr'>oleum:</span> <span class='ocrx_word' id='word_1_180' title='bbox 1024 741 1073 766; x_wconf 73' lang='lat' dir='ltr'>Pix</span> <span class='ocrx_word' id='word_1_181' title='bbox 1086 739 1183 775; x_wconf 65' lang='lat' dir='ltr'>lfqmda</span> <span class='ocrx_word' id='word_1_182' title='bbox 1202 744 1225 763; x_wconf 77' lang='lat' dir='ltr'>ct</span> <span class='ocrx_word' id='word_1_183' title='bbox 1239 739 1332 770; x_wconf 78' lang='lat' dir='ltr'>prima-</span> 
     </span>
     <span class='ocr_line' id='line_1_16' title="bbox 287 781 1318 818; baseline -0.008 -9"><span class='ocrx_word' id='word_1_184' title='bbox 287 788 328 810; x_wconf 77' lang='lat' dir='ltr'>ria</span> <span class='ocrx_word' id='word_1_185' title='bbox 337 803 344 814; x_wconf 94' lang='lat'>,</span> <span class='ocrx_word' id='word_1_186' title='bbox 360 792 419 818; x_wconf 70' lang='lat' dir='ltr'>quac</span> <span class='ocrx_word' id='word_1_187' title='bbox 432 792 460 808; x_wconf 75' lang='lat' dir='ltr'>ex</span> <span class='ocrx_word' id='word_1_188' title='bbox 473 781 546 808; x_wconf 72' lang='lat' dir='ltr'>taeda</span> <span class='ocrx_word' id='word_1_189' title='bbox 559 783 711 816; x_wconf 74' lang='lat' dir='ltr'><em>excoquitur.</em></span> <span class='ocrx_word' id='word_1_190' title='bbox 1314 806 1318 810; x_wconf 37' lang='grc' dir='ltr'>Ι</span> 
     </span>
     <span class='ocr_line' id='line_1_17' title="bbox 288 806 1332 853; baseline -0.014 -7"><span class='ocrx_word' id='word_1_191' title='bbox 288 829 302 846; x_wconf 85' lang='lat' dir='ltr'>e</span> <span class='ocrx_word' id='word_1_192' title='bbox 318 819 392 846; x_wconf 81' lang='lat' dir='ltr'>taeda</span> <span class='ocrx_word' id='word_1_193' title='bbox 410 818 536 853; x_wconf 80' lang='lat' dir='ltr'>coquitur</span> <span class='ocrx_word' id='word_1_194' title='bbox 551 815 689 849; x_wconf 85' lang='lat' dir='ltr'>naualibus</span> <span class='ocrx_word' id='word_1_195' title='bbox 707 813 874 845; x_wconf 80' lang='lat' dir='ltr'>muniendis,</span> <span class='ocrx_word' id='word_1_196' title='bbox 891 812 1042 845; x_wconf 87' lang='lat' dir='ltr'>multosque</span> <span class='ocrx_word' id='word_1_197' title='bbox 1055 811 1086 836; x_wconf 92' lang='lat' dir='ltr'>ad</span> <span class='ocrx_word' id='word_1_198' title='bbox 1104 810 1170 836; x_wconf 86' lang='lat' dir='ltr'>alios</span> <span class='ocrx_word' id='word_1_199' title='bbox 1183 809 1251 834; x_wconf 81' lang='lat' dir='ltr'>vsus.</span> <span class='ocrx_word' id='word_1_200' title='bbox 1288 806 1332 832; x_wconf 84' lang='lat' dir='ltr'>Li-</span> 
     </span>
     <span class='ocr_line' id='line_1_18' title="bbox 288 843 1332 890; baseline -0.014 -8"><span class='ocrx_word' id='word_1_201' title='bbox 288 864 370 890; x_wconf 75' lang='lat' dir='ltr'>gnum</span> <span class='ocrx_word' id='word_1_202' title='bbox 384 856 440 881; x_wconf 82' lang='lat' dir='ltr'>eius</span> <span class='ocrx_word' id='word_1_203' title='bbox 461 853 604 884; x_wconf 88' lang='lat' dir='ltr'>concisum,</span> <span class='ocrx_word' id='word_1_204' title='bbox 623 851 708 878; x_wconf 76' lang='lat' dir='ltr'>furnis</span> <span class='ocrx_word' id='word_1_205' title='bbox 726 850 844 884; x_wconf 89' lang='lat' dir='ltr'>vndique</span> <span class='ocrx_word' id='word_1_206' title='bbox 862 848 919 882; x_wconf 84' lang='lat' dir='ltr'>igni</span> <span class='ocrx_word' id='word_1_207' title='bbox 938 854 1011 874; x_wconf 81' lang='lat' dir='ltr'>extra</span> <span class='ocrx_word' id='word_1_208' title='bbox 1025 844 1205 884; x_wconf 80' lang='lat' dir='ltr'>circumdato,</span> <span class='ocrx_word' id='word_1_209' title='bbox 1217 843 1332 883; x_wconf 32' lang='lat' dir='ltr'>*feruetz</span> 
     </span>
     <span class='ocr_line' id='line_1_19' title="bbox 290 879 1332 925; baseline -0.013 -8"><span class='ocrx_word' id='word_1_210' title='bbox 290 891 391 925; x_wconf 87' lang='lat' dir='ltr'>primus</span> <span class='ocrx_word' id='word_1_211' title='bbox 412 889 494 916; x_wconf 89' lang='lat' dir='ltr'>sudor</span> <span class='ocrx_word' id='word_1_212' title='bbox 513 897 594 924; x_wconf 75' lang='lat' dir='ltr'>aquae</span> <span class='ocrx_word' id='word_1_213' title='bbox 609 887 691 913; x_wconf 86' lang='lat' dir='ltr'>modo</span> <span class='ocrx_word' id='word_1_214' title='bbox 704 887 768 913; x_wconf 83' lang='lat' dir='ltr'>fluat</span> <span class='ocrx_word' id='word_1_215' title='bbox 787 886 814 912; x_wconf 87' lang='lat' dir='ltr'>in</span> <span class='ocrx_word' id='word_1_216' title='bbox 827 885 925 911; x_wconf 87' lang='lat' dir='ltr'>canali:</span> <span class='ocrx_word' id='word_1_217' title='bbox 946 883 994 908; x_wconf 86' lang='lat' dir='ltr'>hoc</span> <span class='ocrx_word' id='word_1_218' title='bbox 1010 882 1038 907; x_wconf 92' lang='lat' dir='ltr'>in</span> <span class='ocrx_word' id='word_1_219' title='bbox 1057 882 1131 920; x_wconf 67' lang='lat' dir='ltr'>Syria</span> <span class='ocrx_word' id='word_1_220' title='bbox 1143 879 1271 906; x_wconf 85' lang='lat' dir='ltr'>Cedrnnn</span> <span class='ocrx_word' id='word_1_221' title='bbox 1285 886 1332 904; x_wconf 82' lang='lat' dir='ltr'>vo-</span> 
     </span>
     <span class='ocr_line' id='line_1_20' title="bbox 289 914 1334 955; baseline -0.013 -2"><span class='ocrx_word' id='word_1_222' title='bbox 289 933 377 953; x_wconf 81' lang='lat' dir='ltr'>catur:</span> <span class='ocrx_word' id='word_1_223' title='bbox 400 926 445 953; x_wconf 85' lang='lat' dir='ltr'>cui</span> <span class='ocrx_word' id='word_1_224' title='bbox 463 931 535 951; x_wconf 81' lang='lat' dir='ltr'>tanta</span> <span class='ocrx_word' id='word_1_225' title='bbox 554 925 595 951; x_wconf 81' lang='lat' dir='ltr'>vis</span> <span class='ocrx_word' id='word_1_226' title='bbox 610 923 661 954; x_wconf 83' lang='lat' dir='ltr'>est3</span> <span class='ocrx_word' id='word_1_227' title='bbox 692 928 722 949; x_wconf 89' lang='lat' dir='ltr'>vt</span> <span class='ocrx_word' id='word_1_228' title='bbox 735 923 764 949; x_wconf 92' lang='lat' dir='ltr'>in</span> <span class='ocrx_word' id='word_1_229' title='bbox 777 923 896 955; x_wconf 78' lang='lat' dir='ltr'>Aegypto</span> <span class='ocrx_word' id='word_1_230' title='bbox 914 926 1025 951; x_wconf 84' lang='lat' dir='ltr'>corpora</span> <span class='ocrx_word' id='word_1_231' title='bbox 1041 916 1181 942; x_wconf 87' lang='lat' dir='ltr'>hominum</span> <span class='ocrx_word' id='word_1_232' title='bbox 1194 914 1334 942; x_wconf 55' lang='lat' dir='ltr'>defuneto-</span> 
     </span>
     <span class='ocr_line' id='line_1_21' title="bbox 288 961 1328 997; baseline -0.013 -8"><span class='ocrx_word' id='word_1_233' title='bbox 288 972 349 990; x_wconf 77' lang='lat' dir='ltr'>rum</span> <span class='ocrx_word' id='word_1_234' title='bbox 368 971 400 988; x_wconf 90' lang='lat' dir='ltr'>eo</span> <span class='ocrx_word' id='word_1_235' title='bbox 419 962 524 997; x_wconf 84' lang='lat' dir='ltr'>perfusa</span> <span class='ocrx_word' id='word_1_236' title='bbox 544 961 690 987; x_wconf 79' lang='lat' dir='ltr'>seruentur.</span> <span class='ocrx_word' id='word_1_237' title='bbox 1324 986 1328 991; x_wconf 93' lang='lat'>.</span> 
     </span>
     <span class='ocr_line' id='line_1_22' title="bbox 288 986 1332 1029; baseline -0.012 -4"><span class='ocrx_word' id='word_1_238' title='bbox 288 998 412 1025; x_wconf 79' lang='lat' dir='ltr'>cedreum</span> <span class='ocrx_word' id='word_1_239' title='bbox 432 997 548 1029; x_wconf 86' lang='lat' dir='ltr'>dicitur,</span> <span class='ocrx_word' id='word_1_240' title='bbox 573 996 701 1024; x_wconf 83' lang='lat' dir='ltr'>nascitur,</span> <span class='ocrx_word' id='word_1_241' title='bbox 728 1002 781 1028; x_wconf 86' lang='lat' dir='ltr'>quo</span> <span class='ocrx_word' id='word_1_242' title='bbox 801 992 919 1024; x_wconf 80' lang='lat' dir='ltr'>reliquae</span> <span class='ocrx_word' id='word_1_243' title='bbox 939 997 980 1014; x_wconf 84' lang='lat' dir='ltr'>rcs</span> <span class='ocrx_word' id='word_1_244' title='bbox 1002 997 1061 1014; x_wconf 81' lang='lat' dir='ltr'>cum</span> <span class='ocrx_word' id='word_1_245' title='bbox 1081 988 1139 1014; x_wconf 90' lang='lat' dir='ltr'>sunt</span> <span class='ocrx_word' id='word_1_246' title='bbox 1158 986 1268 1020; x_wconf 66' lang='lat' dir='ltr'>vneh&#39;ie,</span> <span class='ocrx_word' id='word_1_247' title='bbox 1292 992 1332 1013; x_wconf 82' lang='lat' dir='ltr'>vti</span> 
     </span>
    </p>
   </div>
   <div class='ocr_carea' id='block_1_5' title="bbox 290 1025 1333 1134">
    <p class='ocr_par' dir='ltr' id='par_1_7' title="bbox 290 1025 1333 1134">
     <span class='ocr_line' id='line_1_23' title="bbox 290 1025 943 1063; baseline -0.018 -2"><span class='ocrx_word' id='word_1_248' title='bbox 290 1035 372 1063; x_wconf 73' lang='lat' dir='ltr'>eniam</span> <span class='ocrx_word' id='word_1_249' title='bbox 385 1033 450 1060; x_wconf 89' lang='lat' dir='ltr'>libri</span> <span class='ocrx_word' id='word_1_250' title='bbox 461 1042 476 1060; x_wconf 90' lang='lat' dir='ltr'>a</span> <span class='ocrx_word' id='word_1_251' title='bbox 489 1033 570 1059; x_wconf 84' lang='lat' dir='ltr'>tineis</span> <span class='ocrx_word' id='word_1_252' title='bbox 582 1037 607 1058; x_wconf 90' lang='lat' dir='ltr'>et</span> <span class='ocrx_word' id='word_1_253' title='bbox 619 1040 634 1057; x_wconf 94' lang='lat' dir='ltr'>a</span> <span class='ocrx_word' id='word_1_254' title='bbox 648 1030 717 1056; x_wconf 85' lang='lat' dir='ltr'>carie</span> <span class='ocrx_word' id='word_1_255' title='bbox 731 1037 784 1054; x_wconf 90' lang='lat' dir='ltr'>non</span> <span class='ocrx_word' id='word_1_256' title='bbox 797 1025 943 1053; x_wconf 83' lang='lat' dir='ltr'>laeduntur.</span> 
     </span>
     <span class='ocr_line' id='line_1_24' title="bbox 324 1060 1056 1101; baseline -0.019 -4"><span class='ocrx_word' id='word_1_257' title='bbox 324 1075 544 1101; x_wconf 57' lang='lat' dir='ltr'>cianiiiuvs,</span> <span class='ocrx_word' id='word_1_258' title='bbox 575 1073 722 1095; x_wconf 61' lang='lat' dir='ltr'>cannis,</span> <span class='ocrx_word' id='word_1_259' title='bbox 742 1063 794 1089; x_wconf 62' lang='lat' dir='ltr'>vul.</span> <span class='ocrx_word' id='word_1_260' title='bbox 811 1060 867 1096; x_wconf 85' lang='lat' dir='ltr'>post</span> <span class='ocrx_word' id='word_1_261' title='bbox 897 1063 1056 1098; x_wconf 49' lang='lat' dir='ltr'>centius:</span> 
     </span>
     <span class='ocr_line' id='line_1_25' title="bbox 326 1092 1333 1134; baseline -0.013 -1"><span class='ocrx_word' id='word_1_262' title='bbox 326 1113 367 1133; x_wconf 71' lang='lat' dir='ltr'>cn</span> <span class='ocrx_word' id='word_1_263' title='bbox 378 1113 395 1132; x_wconf 86' lang='lat' dir='ltr'>D</span> <span class='ocrx_word' id='word_1_264' title='bbox 404 1113 422 1131; x_wconf 83' lang='lat' dir='ltr'>R</span> <span class='ocrx_word' id='word_1_265' title='bbox 432 1112 450 1131; x_wconf 90' lang='lat' dir='ltr'>o</span> <span class='ocrx_word' id='word_1_266' title='bbox 461 1113 473 1131; x_wconf 89' lang='lat' dir='ltr'>s</span> <span class='ocrx_word' id='word_1_267' title='bbox 483 1111 503 1130; x_wconf 89' lang='lat' dir='ltr'>T</span> <span class='ocrx_word' id='word_1_268' title='bbox 514 1112 521 1130; x_wconf 93' lang='lat'>1</span> <span class='ocrx_word' id='word_1_269' title='bbox 532 1112 544 1130; x_wconf 85' lang='lat' dir='ltr'>s</span> <span class='ocrx_word' id='word_1_270' title='bbox 554 1124 561 1134; x_wconf 90' lang='lat'>‚</span> <span class='ocrx_word' id='word_1_271' title='bbox 580 1104 610 1128; x_wconf 86' lang='lat' dir='ltr'>is.</span> <span class='ocrx_word' id='word_1_272' title='bbox 632 1102 650 1126; x_wconf 91' lang='lat' dir='ltr'>f.</span> <span class='ocrx_word' id='word_1_273' title='bbox 693 1100 761 1125; x_wconf 69' lang='lat' dir='ltr'>Vitis</span> <span class='ocrx_word' id='word_1_274' title='bbox 777 1098 830 1123; x_wconf 70' lang='lat' dir='ltr'>alba</span> <span class='ocrx_word' id='word_1_275' title='bbox 843 1096 947 1122; x_wconf 78' lang='lat' dir='ltr'>dicitur.</span> <span class='ocrx_word' id='word_1_276' title='bbox 989 1094 1089 1121; x_wconf 83' lang='lat' dir='ltr'>Plinius</span> <span class='ocrx_word' id='word_1_277' title='bbox 1103 1102 1140 1126; x_wconf 81' lang='lat'>23,</span> <span class='ocrx_word' id='word_1_278' title='bbox 1155 1102 1164 1120; x_wconf 88' lang='lat'>1</span> <span class='ocrx_word' id='word_1_279' title='bbox 1190 1093 1261 1120; x_wconf 83' lang='lat' dir='ltr'>Vitis</span> <span class='ocrx_word' id='word_1_280' title='bbox 1274 1092 1333 1120; x_wconf 85' lang='lat' dir='ltr'>alba</span> 
     </span>
    </p>
   </div>
   <div class='ocr_carea' id='block_1_6' title="bbox 288 1128 1552 1176">
    <p class='ocr_par' dir='ltr' id='par_1_8' title="bbox 288 1128 1552 1176">
     <span class='ocr_line' id='line_1_26' title="bbox 288 1128 1552 1176; baseline -0.012 -7"><span class='ocrx_word' id='word_1_281' title='bbox 288 1141 333 1172; x_wconf 69' lang='lat' dir='ltr'>nst,</span> <span class='ocrx_word' id='word_1_282' title='bbox 347 1150 426 1176; x_wconf 87' lang='lat' dir='ltr'>quam</span> <span class='ocrx_word' id='word_1_283' title='bbox 438 1141 533 1167; x_wconf 84' lang='lat' dir='ltr'>Graeci</span> <span class='ocrx_word' id='word_1_284' title='bbox 552 1135 763 1171; x_wconf 82' lang='lat' dir='ltr'>ampelolenccn‚</span> <span class='ocrx_word' id='word_1_285' title='bbox 783 1133 831 1159; x_wconf 86' lang='lat' dir='ltr'>alii</span> <span class='ocrx_word' id='word_1_286' title='bbox 850 1130 1086 1167; x_wconf 84' lang='lat' dir='ltr'>ophiostaphylon‚</span> <span class='ocrx_word' id='word_1_287' title='bbox 1105 1130 1154 1156; x_wconf 89' lang='lat' dir='ltr'>alii</span> <span class='ocrx_word' id='word_1_288' title='bbox 1171 1129 1335 1162; x_wconf 81' lang='lat' dir='ltr'>melothron‚</span> <span class='ocrx_word' id='word_1_289' title='bbox 1350 1138 1381 1165; x_wconf 72' lang='lat'>25</span> <span class='ocrx_word' id='word_1_290' title='bbox 1399 1128 1526 1164; x_wconf 65' lang='grc' dir='ltr'>πανήγυρις</span> <span class='ocrx_word' id='word_1_291' title='bbox 1541 1130 1552 1164; x_wconf 95' lang='grc'>]</span> 
     </span>
    </p>
   </div>
   <div class='ocr_carea' id='block_1_7' title="bbox 285 1165 1337 1844">
    <p class='ocr_par' dir='ltr' id='par_1_9' title="bbox 290 1165 1335 1212">
     <span class='ocr_line' id='line_1_27' title="bbox 290 1165 1335 1212; baseline -0.014 -7"><span class='ocrx_word' id='word_1_292' title='bbox 290 1177 339 1205; x_wconf 82' lang='lat' dir='ltr'>alii</span> <span class='ocrx_word' id='word_1_293' title='bbox 354 1176 515 1212; x_wconf 74' lang='lat' dir='ltr'>psilothron²</span> <span class='ocrx_word' id='word_1_294' title='bbox 534 1174 581 1200; x_wconf 92' lang='lat' dir='ltr'>alii</span> <span class='ocrx_word' id='word_1_295' title='bbox 594 1170 773 1202; x_wconf 76' lang='lat' dir='ltr'>archezostin,</span> <span class='ocrx_word' id='word_1_296' title='bbox 792 1169 840 1195; x_wconf 83' lang='lat' dir='ltr'>alii</span> <span class='ocrx_word' id='word_1_297' title='bbox 853 1167 1000 1198; x_wconf 86' lang='lat' dir='ltr'>cedrostin,</span> <span class='ocrx_word' id='word_1_298' title='bbox 1021 1166 1069 1192; x_wconf 90' lang='lat' dir='ltr'>alii</span> <span class='ocrx_word' id='word_1_299' title='bbox 1082 1165 1180 1192; x_wconf 87' lang='lat' dir='ltr'>madon</span> <span class='ocrx_word' id='word_1_300' title='bbox 1194 1165 1335 1200; x_wconf 82' lang='lat' dir='ltr'>appellant.</span> 
     </span>
    </p>

    <p class='ocr_par' dir='ltr' id='par_1_10' title="bbox 286 1201 1337 1641">
     <span class='ocr_line' id='line_1_28' title="bbox 324 1201 1335 1242; baseline -0.012 -4"><span class='ocrx_word' id='word_1_301' title='bbox 324 1220 341 1240; x_wconf 82' lang='lat' dir='ltr'>C</span> <span class='ocrx_word' id='word_1_302' title='bbox 351 1222 365 1240; x_wconf 64' lang='grc' dir='ltr'>ι)</span> <span class='ocrx_word' id='word_1_303' title='bbox 376 1220 393 1239; x_wconf 81' lang='lat' dir='ltr'>D</span> <span class='ocrx_word' id='word_1_304' title='bbox 403 1220 421 1239; x_wconf 75' lang='lat' dir='ltr'>R</span> <span class='ocrx_word' id='word_1_305' title='bbox 430 1218 451 1236; x_wconf 84' lang='lat' dir='ltr'>v</span> <span class='ocrx_word' id='word_1_306' title='bbox 461 1219 472 1237; x_wconf 91' lang='lat' dir='ltr'>s</span> <span class='ocrx_word' id='word_1_307' title='bbox 482 1230 490 1242; x_wconf 88' lang='lat'>,</span> <span class='ocrx_word' id='word_1_308' title='bbox 509 1211 527 1235; x_wconf 94' lang='lat' dir='ltr'>i.</span> <span class='ocrx_word' id='word_1_309' title='bbox 548 1209 568 1234; x_wconf 85' lang='lat' dir='ltr'>f.</span> <span class='ocrx_word' id='word_1_310' title='bbox 605 1204 722 1242; x_wconf 65' lang='grc' dir='ltr'>[κέδρος]</span> <span class='ocrx_word' id='word_1_311' title='bbox 757 1205 841 1232; x_wconf 78' lang='lat' dir='ltr'>Arbor</span> <span class='ocrx_word' id='word_1_312' title='bbox 854 1202 1009 1238; x_wconf 78' lang='lat' dir='ltr'>nobiliffima.</span> <span class='ocrx_word' id='word_1_313' title='bbox 1051 1201 1109 1228; x_wconf 71' lang='lat' dir='ltr'>th.</span> <span class='ocrx_word' id='word_1_314' title='bbox 1122 1201 1187 1228; x_wconf 88' lang='lat' dir='ltr'>Plin.</span> <span class='ocrx_word' id='word_1_315' title='bbox 1205 1211 1238 1234; x_wconf 80' lang='lat'>13,</span> <span class='ocrx_word' id='word_1_316' title='bbox 1251 1209 1264 1234; x_wconf 84' lang='lat'>5</span> <span class='ocrx_word' id='word_1_317' title='bbox 1277 1202 1295 1227; x_wconf 90' lang='lat' dir='ltr'>s.</span> <span class='ocrx_word' id='word_1_318' title='bbox 1311 1210 1335 1227; x_wconf 93' lang='lat'>11</span> 
     </span>
     <span class='ocr_line' id='line_1_29' title="bbox 289 1237 1335 1278; baseline -0.013 -2"><span class='ocrx_word' id='word_1_319' title='bbox 289 1249 402 1276; x_wconf 77' lang='lat' dir='ltr'>Maioris</span> <span class='ocrx_word' id='word_1_320' title='bbox 422 1246 494 1272; x_wconf 80' lang='lat' dir='ltr'>cedri</span> <span class='ocrx_word' id='word_1_321' title='bbox 514 1244 567 1270; x_wconf 87' lang='lat' dir='ltr'>duo</span> <span class='ocrx_word' id='word_1_322' title='bbox 590 1251 700 1278; x_wconf 81' lang='lat' dir='ltr'>genera:</span> <span class='ocrx_word' id='word_1_323' title='bbox 734 1250 802 1276; x_wconf 90' lang='lat' dir='ltr'>quae</span> <span class='ocrx_word' id='word_1_324' title='bbox 831 1241 931 1271; x_wconf 85' lang='lat' dir='ltr'>floret,</span> <span class='ocrx_word' id='word_1_325' title='bbox 957 1237 1075 1264; x_wconf 63' lang='lat' dir='ltr'>frufi’tum</span> <span class='ocrx_word' id='word_1_326' title='bbox 1099 1247 1153 1264; x_wconf 90' lang='lat' dir='ltr'>non</span> <span class='ocrx_word' id='word_1_327' title='bbox 1183 1238 1252 1269; x_wconf 85' lang='lat' dir='ltr'>fert,</span> <span class='ocrx_word' id='word_1_328' title='bbox 1279 1237 1335 1263; x_wconf 86' lang='lat' dir='ltr'>fru-</span> 
     </span>
     <span class='ocr_line' id='line_1_30' title="bbox 288 1273 1335 1319; baseline -0.011 -9"><span class='ocrx_word' id='word_1_329' title='bbox 288 1285 374 1319; x_wconf 77' lang='lat' dir='ltr'>gifera</span> <span class='ocrx_word' id='word_1_330' title='bbox 400 1291 453 1308; x_wconf 87' lang='lat' dir='ltr'>non</span> <span class='ocrx_word' id='word_1_331' title='bbox 473 1281 566 1312; x_wconf 84' lang='lat' dir='ltr'>floret,</span> <span class='ocrx_word' id='word_1_332' title='bbox 590 1284 616 1305; x_wconf 89' lang='lat' dir='ltr'>et</span> <span class='ocrx_word' id='word_1_333' title='bbox 630 1278 670 1309; x_wconf 72' lang='lat' dir='ltr'>jin</span> <span class='ocrx_word' id='word_1_334' title='bbox 688 1286 718 1303; x_wconf 87' lang='lat' dir='ltr'>ea</span> <span class='ocrx_word' id='word_1_335' title='bbox 747 1275 944 1304; x_wconf 77' lang='lat' dir='ltr'>antecedentem</span> <span class='ocrx_word' id='word_1_336' title='bbox 964 1273 1083 1300; x_wconf 63' lang='lat' dir='ltr'>fructum</span> <span class='ocrx_word' id='word_1_337' title='bbox 1102 1280 1212 1308; x_wconf 88' lang='lat' dir='ltr'>occupat</span> <span class='ocrx_word' id='word_1_338' title='bbox 1240 1281 1335 1299; x_wconf 88' lang='lat' dir='ltr'>nouus.</span> 
     </span>
     <span class='ocr_line' id='line_1_31' title="bbox 288 1309 1174 1350; baseline -0.014 -4"><span class='ocrx_word' id='word_1_339' title='bbox 288 1321 380 1346; x_wconf 87' lang='lat' dir='ltr'>Semcn</span> <span class='ocrx_word' id='word_1_340' title='bbox 401 1318 458 1344; x_wconf 79' lang='lat' dir='ltr'>eius</span> <span class='ocrx_word' id='word_1_341' title='bbox 479 1316 596 1350; x_wconf 79' lang='lat' dir='ltr'>cuprell&#39;o</span> <span class='ocrx_word' id='word_1_342' title='bbox 616 1314 709 1340; x_wconf 81' lang='lat' dir='ltr'>simile.</span> <span class='ocrx_word' id='word_1_343' title='bbox 766 1312 884 1346; x_wconf 79' lang='lat' dir='ltr'>Qiidam</span> <span class='ocrx_word' id='word_1_344' title='bbox 898 1309 1057 1337; x_wconf 87' lang='lat' dir='ltr'>Cedrelaten</span> <span class='ocrx_word' id='word_1_345' title='bbox 1069 1316 1174 1336; x_wconf 87' lang='lat' dir='ltr'>vocant.</span> 
     </span>
     <span class='ocr_line' id='line_1_32' title="bbox 288 1344 1336 1383; baseline -0.01 -2"><span class='ocrx_word' id='word_1_346' title='bbox 288 1355 371 1382; x_wconf 78' lang='lat' dir='ltr'>retina</span> <span class='ocrx_word' id='word_1_347' title='bbox 388 1352 567 1380; x_wconf 82' lang='lat' dir='ltr'>laudatillima.</span> <span class='ocrx_word' id='word_1_348' title='bbox 590 1349 719 1377; x_wconf 79' lang='lat' dir='ltr'>Materiae</span> <span class='ocrx_word' id='word_1_349' title='bbox 737 1358 804 1376; x_wconf 88' lang='lat' dir='ltr'>vero</span> <span class='ocrx_word' id='word_1_350' title='bbox 824 1348 871 1383; x_wconf 82' lang='lat' dir='ltr'>ipsi</span> <span class='ocrx_word' id='word_1_351' title='bbox 891 1347 1046 1373; x_wconf 76' lang='lat' dir='ltr'>aeternitas:</span> <span class='ocrx_word' id='word_1_352' title='bbox 1092 1345 1183 1380; x_wconf 90' lang='lat' dir='ltr'>itaque</span> <span class='ocrx_word' id='word_1_353' title='bbox 1206 1351 1232 1372; x_wconf 87' lang='lat' dir='ltr'>et</span> <span class='ocrx_word' id='word_1_354' title='bbox 1259 1344 1336 1371; x_wconf 85' lang='lat' dir='ltr'>fimu-</span> 
     </span>
     <span class='ocr_line' id='line_1_33' title="bbox 287 1381 1336 1418; baseline -0.011 0"><span class='ocrx_word' id='word_1_355' title='bbox 287 1392 357 1418; x_wconf 86' lang='lat' dir='ltr'>lacra</span> <span class='ocrx_word' id='word_1_356' title='bbox 380 1389 493 1416; x_wconf 86' lang='lat' dir='ltr'>deorum</span> <span class='ocrx_word' id='word_1_357' title='bbox 519 1396 551 1414; x_wconf 87' lang='lat' dir='ltr'>ex</span> <span class='ocrx_word' id='word_1_358' title='bbox 570 1396 600 1413; x_wconf 78' lang='lat' dir='ltr'>ea</span> <span class='ocrx_word' id='word_1_359' title='bbox 620 1385 818 1412; x_wconf 68' lang='lat' dir='ltr'>fac‘titauernnt.</span> <span class='ocrx_word' id='word_1_360' title='bbox 887 1382 961 1410; x_wconf 86' lang='lat' dir='ltr'>Idem</span> <span class='ocrx_word' id='word_1_361' title='bbox 986 1384 1024 1413; x_wconf 89' lang='lat'>16,</span> <span class='ocrx_word' id='word_1_362' title='bbox 1045 1390 1081 1414; x_wconf 85' lang='lat'>40</span> <span class='ocrx_word' id='word_1_363' title='bbox 1099 1382 1117 1407; x_wconf 92' lang='lat' dir='ltr'>s.</span> <span class='ocrx_word' id='word_1_364' title='bbox 1133 1383 1177 1416; x_wconf 86' lang='lat'>76,</span> <span class='ocrx_word' id='word_1_365' title='bbox 1199 1389 1214 1407; x_wconf 85' lang='lat'><em>2</em></span> <span class='ocrx_word' id='word_1_366' title='bbox 1253 1381 1288 1407; x_wconf 80' lang='lat' dir='ltr'>At</span> <span class='ocrx_word' id='word_1_367' title='bbox 1307 1381 1336 1407; x_wconf 86' lang='lat' dir='ltr'>in</span> 
     </span>
     <span class='ocr_line' id='line_1_34' title="bbox 289 1416 1335 1461; baseline -0.011 -8"><span class='ocrx_word' id='word_1_368' title='bbox 289 1429 409 1461; x_wconf 79' lang='lat' dir='ltr'>Aegypto</span> <span class='ocrx_word' id='word_1_369' title='bbox 429 1431 454 1451; x_wconf 87' lang='lat' dir='ltr'>et</span> <span class='ocrx_word' id='word_1_370' title='bbox 474 1424 549 1457; x_wconf 81' lang='lat' dir='ltr'>syria</span> <span class='ocrx_word' id='word_1_371' title='bbox 572 1431 646 1457; x_wconf 83' lang='lat' dir='ltr'>reges</span> <span class='ocrx_word' id='word_1_372' title='bbox 665 1421 757 1455; x_wconf 89' lang='lat' dir='ltr'>inopia</span> <span class='ocrx_word' id='word_1_373' title='bbox 777 1419 873 1447; x_wconf 85' lang='lat' dir='ltr'>abietis</span> <span class='ocrx_word' id='word_1_374' title='bbox 891 1418 970 1445; x_wconf 86' lang='lat' dir='ltr'>cedro</span> <span class='ocrx_word' id='word_1_375' title='bbox 995 1417 1029 1444; x_wconf 91' lang='lat' dir='ltr'>ad</span> <span class='ocrx_word' id='word_1_376' title='bbox 1047 1417 1134 1443; x_wconf 75' lang='lat' dir='ltr'>class‘es</span> <span class='ocrx_word' id='word_1_377' title='bbox 1152 1417 1276 1443; x_wconf 90' lang='lat' dir='ltr'>feruntur</span> <span class='ocrx_word' id='word_1_378' title='bbox 1289 1416 1335 1443; x_wconf 86' lang='lat' dir='ltr'>vfi.</span> 
     </span>
     <span class='ocr_line' id='line_1_35' title="bbox 287 1453 1337 1494; baseline -0.011 -5"><span class='ocrx_word' id='word_1_379' title='bbox 287 1463 407 1490; x_wconf 87' lang='lat' dir='ltr'>Maxima</span> <span class='ocrx_word' id='word_1_380' title='bbox 418 1470 447 1487; x_wconf 84' lang='lat' dir='ltr'>ea</span> <span class='ocrx_word' id='word_1_381' title='bbox 462 1461 490 1487; x_wconf 89' lang='lat' dir='ltr'>in</span> <span class='ocrx_word' id='word_1_382' title='bbox 503 1460 592 1494; x_wconf 93' lang='lat' dir='ltr'>Cypro</span> <span class='ocrx_word' id='word_1_383' title='bbox 607 1458 705 1484; x_wconf 90' lang='lat' dir='ltr'>dicitur</span> <span class='ocrx_word' id='word_1_384' title='bbox 718 1457 750 1483; x_wconf 91' lang='lat' dir='ltr'>ad</span> <span class='ocrx_word' id='word_1_385' title='bbox 762 1456 960 1483; x_wconf 86' lang='lat' dir='ltr'>vndeciremcm</span> <span class='ocrx_word' id='word_1_386' title='bbox 974 1453 1107 1480; x_wconf 81' lang='lat' dir='ltr'>Demetrii</span> <span class='ocrx_word' id='word_1_387' title='bbox 1121 1453 1218 1479; x_wconf 88' lang='lat' dir='ltr'>succisa</span> <span class='ocrx_word' id='word_1_388' title='bbox 1230 1458 1337 1479; x_wconf 87' lang='lat' dir='ltr'>centum</span> 
     </span>
     <span class='ocr_line' id='line_1_36' title="bbox 286 1496 1181 1533; baseline -0.012 -8"><span class='ocrx_word' id='word_1_389' title='bbox 286 1499 398 1533; x_wconf 85' lang='lat' dir='ltr'>triginta</span> <span class='ocrx_word' id='word_1_390' title='bbox 418 1496 531 1531; x_wconf 89' lang='lat' dir='ltr'>pedum,</span> <span class='ocrx_word' id='word_1_391' title='bbox 1177 1525 1181 1528; x_wconf 45' lang='grc'>-</span> 
     </span>
     <span class='ocr_line' id='line_1_37' title="bbox 287 1523 1337 1566; baseline -0.011 -5"><span class='ocrx_word' id='word_1_392' title='bbox 287 1534 394 1560; x_wconf 83' lang='lat' dir='ltr'>Sueton.</span> <span class='ocrx_word' id='word_1_393' title='bbox 410 1532 494 1566; x_wconf 66' lang='lat' dir='ltr'>Caligx</span> <span class='ocrx_word' id='word_1_394' title='bbox 508 1539 539 1565; x_wconf 81' lang='lat'>37</span> <span class='ocrx_word' id='word_1_395' title='bbox 565 1530 712 1566; x_wconf 74' lang='lat' dir='ltr'>fabricatas</span> <span class='ocrx_word' id='word_1_396' title='bbox 728 1529 758 1554; x_wconf 78' lang='lat' dir='ltr'>ab</span> <span class='ocrx_word' id='word_1_397' title='bbox 772 1529 817 1555; x_wconf 85' lang='lat' dir='ltr'>hoc</span> <span class='ocrx_word' id='word_1_398' title='bbox 825 1530 945 1563; x_wconf 58' lang='lat' dir='ltr'>principe</span> <span class='ocrx_word' id='word_1_399' title='bbox 956 1531 1048 1552; x_wconf 77' lang='lat' dir='ltr'>narrat</span> <span class='ocrx_word' id='word_1_400' title='bbox 1066 1523 1098 1550; x_wconf 83' lang='lat' dir='ltr'>de</span> <span class='ocrx_word' id='word_1_401' title='bbox 1112 1524 1196 1550; x_wconf 72' lang='lat' dir='ltr'>cedris</span> <span class='ocrx_word' id='word_1_402' title='bbox 1210 1524 1337 1551; x_wconf 86' lang='lat' dir='ltr'>Liburni-</span> 
     </span>
     <span class='ocr_line' id='line_1_38' title="bbox 288 1559 1337 1604; baseline -0.009 -7"><span class='ocrx_word' id='word_1_403' title='bbox 288 1579 345 1602; x_wconf 72' lang='lat' dir='ltr'>cat,</span> <span class='ocrx_word' id='word_1_404' title='bbox 371 1567 508 1604; x_wconf 80' lang='lat' dir='ltr'>gemmatis</span> <span class='ocrx_word' id='word_1_405' title='bbox 528 1565 669 1601; x_wconf 82' lang='lat' dir='ltr'>puppibus.</span> <span class='ocrx_word' id='word_1_406' title='bbox 705 1565 780 1590; x_wconf 85' lang='lat' dir='ltr'>Curt.</span> <span class='ocrx_word' id='word_1_407' title='bbox 802 1571 825 1596; x_wconf 77' lang='grc' dir='ltr'>ς,</span> <span class='ocrx_word' id='word_1_408' title='bbox 850 1570 875 1598; x_wconf 86' lang='grc'><strong>7,</strong></span> <span class='ocrx_word' id='word_1_409' title='bbox 897 1570 909 1594; x_wconf 81' lang='lat'><em>3</em></span> <span class='ocrx_word' id='word_1_410' title='bbox 935 1561 1021 1588; x_wconf 88' lang='lat' dir='ltr'>Multa</span> <span class='ocrx_word' id='word_1_411' title='bbox 1041 1559 1120 1587; x_wconf 82' lang='lat' dir='ltr'>cedro</span> <span class='ocrx_word' id='word_1_412' title='bbox 1133 1560 1270 1588; x_wconf 84' lang='lat' dir='ltr'>aedificata</span> <span class='ocrx_word' id='word_1_413' title='bbox 1281 1566 1337 1588; x_wconf 85' lang='lat' dir='ltr'>erat</span> 
     </span>
     <span class='ocr_line' id='line_1_39' title="bbox 288 1595 1195 1641; baseline -0.013 -8"><span class='ocrx_word' id='word_1_414' title='bbox 288 1607 360 1640; x_wconf 78' lang='lat' dir='ltr'>regia</span> <span class='ocrx_word' id='word_1_415' title='bbox 376 1604 522 1641; x_wconf 64' lang='lat' dir='ltr'>Persepolis.</span> <span class='ocrx_word' id='word_1_416' title='bbox 594 1600 675 1627; x_wconf 82' lang='lat' dir='ltr'>Ouid.</span> <span class='ocrx_word' id='word_1_417' title='bbox 693 1601 784 1626; x_wconf 87' lang='lat' dir='ltr'>Amor.</span> <span class='ocrx_word' id='word_1_418' title='bbox 800 1607 820 1630; x_wconf 89' lang='lat'>1,</span> <span class='ocrx_word' id='word_1_419' title='bbox 836 1607 875 1630; x_wconf 86' lang='lat'>14,</span> <span class='ocrx_word' id='word_1_420' title='bbox 891 1606 918 1624; x_wconf 87' lang='lat'>12</span> <span class='ocrx_word' id='word_1_421' title='bbox 935 1597 963 1623; x_wconf 65' lang='lat' dir='ltr'>de</span> <span class='ocrx_word' id='word_1_422' title='bbox 976 1595 1075 1632; x_wconf 70' lang='lat' dir='ltr'>capillis</span> <span class='ocrx_word' id='word_1_423' title='bbox 1082 1596 1195 1632; x_wconf 76' lang='lat' dir='ltr'>puellae,</span> 
     </span>
    </p>

    <p class='ocr_par' dir='ltr' id='par_1_11' title="bbox 444 1632 1169 1706">
     <span class='ocr_line' id='line_1_40' title="bbox 444 1632 1169 1667; baseline -0.01 -3"><span class='ocrx_word' id='word_1_424' title='bbox 444 1640 501 1667; x_wconf 78' lang='lat' dir='ltr'>Nec</span> <span class='ocrx_word' id='word_1_425' title='bbox 514 1645 602 1664; x_wconf 88' lang='lat' dir='ltr'>tamen</span> <span class='ocrx_word' id='word_1_426' title='bbox 615 1643 671 1662; x_wconf 87' lang='lat' dir='ltr'>ater</span> <span class='ocrx_word' id='word_1_427' title='bbox 685 1642 756 1667; x_wconf 87' lang='lat' dir='ltr'>erat,</span> <span class='ocrx_word' id='word_1_428' title='bbox 775 1643 822 1661; x_wconf 91' lang='lat' dir='ltr'>nec</span> <span class='ocrx_word' id='word_1_429' title='bbox 834 1640 889 1660; x_wconf 87' lang='lat' dir='ltr'>erat</span> <span class='ocrx_word' id='word_1_430' title='bbox 903 1640 990 1659; x_wconf 84' lang='lat' dir='ltr'>tamen</span> <span class='ocrx_word' id='word_1_431' title='bbox 1006 1641 1100 1658; x_wconf 79' lang='lat' dir='ltr'>aureus</span> <span class='ocrx_word' id='word_1_432' title='bbox 1116 1632 1169 1659; x_wconf 84' lang='lat' dir='ltr'>illis</span> 
     </span>
     <span class='ocr_line' id='line_1_41' title="bbox 481 1668 1137 1706; baseline -0.005 -8"><span class='ocrx_word' id='word_1_433' title='bbox 481 1673 529 1699; x_wconf 83' lang='lat' dir='ltr'>Sed</span> <span class='ocrx_word' id='word_1_434' title='bbox 548 1672 671 1706; x_wconf 86' lang='lat' dir='ltr'>quamuis</span> <span class='ocrx_word' id='word_1_435' title='bbox 684 1677 793 1702; x_wconf 86' lang='lat' dir='ltr'>neuter,</span> <span class='ocrx_word' id='word_1_436' title='bbox 810 1670 909 1696; x_wconf 78' lang='lat' dir='ltr'>mixtus</span> <span class='ocrx_word' id='word_1_437' title='bbox 929 1675 1040 1702; x_wconf 88' lang='lat' dir='ltr'>vterque</span> <span class='ocrx_word' id='word_1_438' title='bbox 1053 1668 1137 1695; x_wconf 88' lang='lat' dir='ltr'>color.</span> 
     </span>
    </p>

    <p class='ocr_par' dir='ltr' id='par_1_12' title="bbox 285 1703 1337 1844">
     <span class='ocr_line' id='line_1_42' title="bbox 338 1703 1064 1742; baseline -0.007 -7"><span class='ocrx_word' id='word_1_439' title='bbox 338 1731 339 1734; x_wconf 70' lang='grc'>,</span> <span class='ocrx_word' id='word_1_440' title='bbox 445 1708 557 1742; x_wconf 77' lang='lat' dir='ltr'>Qialem</span> <span class='ocrx_word' id='word_1_441' title='bbox 571 1707 685 1732; x_wconf 89' lang='lat' dir='ltr'>cliuosae</span> <span class='ocrx_word' id='word_1_442' title='bbox 699 1705 812 1731; x_wconf 77' lang='lat' dir='ltr'>madidis</span> <span class='ocrx_word' id='word_1_443' title='bbox 831 1706 858 1730; x_wconf 90' lang='lat' dir='ltr'>in</span> <span class='ocrx_word' id='word_1_444' title='bbox 874 1704 988 1731; x_wconf 78' lang='lat' dir='ltr'>vallibus</span> <span class='ocrx_word' id='word_1_445' title='bbox 1004 1703 1064 1730; x_wconf 79' lang='lat' dir='ltr'>Idae</span> 
     </span>
     <span class='ocr_line' id='line_1_43' title="bbox 285 1739 1023 1776; baseline -0.009 -4"><span class='ocrx_word' id='word_1_446' title='bbox 285 1743 300 1762; x_wconf 72' lang='lat'>⁸</span> <span class='ocrx_word' id='word_1_447' title='bbox 480 1743 569 1770; x_wconf 82' lang='lat' dir='ltr'>Ardua</span> <span class='ocrx_word' id='word_1_448' title='bbox 582 1742 704 1776; x_wconf 82' lang='lat' dir='ltr'>decerpta</span> <span class='ocrx_word' id='word_1_449' title='bbox 717 1741 816 1767; x_wconf 89' lang='lat' dir='ltr'>cortice</span> <span class='ocrx_word' id='word_1_450' title='bbox 829 1740 921 1766; x_wconf 82' lang='lat' dir='ltr'>cedrus</span> <span class='ocrx_word' id='word_1_451' title='bbox 936 1739 1023 1765; x_wconf 85' lang='lat' dir='ltr'>habet.</span> 
     </span>
     <span class='ocr_line' id='line_1_44' title="bbox 289 1771 1336 1812; baseline -0.01 -4"><span class='ocrx_word' id='word_1_452' title='bbox 289 1780 391 1809; x_wconf 75' lang='lat' dir='ltr'>Enodes</span> <span class='ocrx_word' id='word_1_453' title='bbox 408 1780 503 1807; x_wconf 80' lang='lat' dir='ltr'>Claud.</span> <span class='ocrx_word' id='word_1_454' title='bbox 517 1779 548 1805; x_wconf 92' lang='lat' dir='ltr'>de</span> <span class='ocrx_word' id='word_1_455' title='bbox 563 1777 764 1812; x_wconf 81' lang='lat' dir='ltr'>Rapt.l’1·oserp.</span> <span class='ocrx_word' id='word_1_456' title='bbox 781 1784 804 1807; x_wconf 82' lang='lat'>3,</span> <span class='ocrx_word' id='word_1_457' title='bbox 816 1777 874 1807; x_wconf 81' lang='lat'>360.</span> <span class='ocrx_word' id='word_1_458' title='bbox 946 1775 1022 1808; x_wconf 78' lang='lat' dir='ltr'>Virg.</span> <span class='ocrx_word' id='word_1_459' title='bbox 1036 1775 1134 1808; x_wconf 86' lang='lat' dir='ltr'>Georg.</span> <span class='ocrx_word' id='word_1_460' title='bbox 1149 1782 1172 1806; x_wconf 83' lang='grc'>3,</span> <span class='ocrx_word' id='word_1_461' title='bbox 1187 1781 1239 1807; x_wconf 82' lang='lat'>414</span> <span class='ocrx_word' id='word_1_462' title='bbox 1260 1771 1336 1799; x_wconf 88' lang='lat' dir='ltr'>Disce</span> 
     </span>
     <span class='ocr_line' id='line_1_45' title="bbox 288 1808 1337 1844; baseline -0.01 0"><span class='ocrx_word' id='word_1_463' title='bbox 288 1824 314 1844; x_wconf 86' lang='lat' dir='ltr'>et</span> <span class='ocrx_word' id='word_1_464' title='bbox 326 1817 465 1843; x_wconf 84' lang='lat' dir='ltr'>odoratam</span> <span class='ocrx_word' id='word_1_465' title='bbox 478 1814 585 1841; x_wconf 84' lang='lat' dir='ltr'>stabulis</span> <span class='ocrx_word' id='word_1_466' title='bbox 600 1812 740 1839; x_wconf 82' lang='lat' dir='ltr'>accendere</span> <span class='ocrx_word' id='word_1_467' title='bbox 754 1811 872 1837; x_wconf 85' lang='lat' dir='ltr'>cedrum.</span> <span class='ocrx_word' id='word_1_468' title='bbox 930 1809 986 1836; x_wconf 85' lang='lat' dir='ltr'>Cic.</span> <span class='ocrx_word' id='word_1_469' title='bbox 1003 1809 1086 1835; x_wconf 89' lang='lat' dir='ltr'>Tusc.</span> <span class='ocrx_word' id='word_1_470' title='bbox 1101 1818 1122 1841; x_wconf 72' lang='grc'>3,</span> <span class='ocrx_word' id='word_1_471' title='bbox 1136 1811 1173 1842; x_wconf 84' lang='lat'>46</span> <span class='ocrx_word' id='word_1_472' title='bbox 1186 1818 1208 1835; x_wconf 91' lang='lat' dir='ltr'>c.</span> <span class='ocrx_word' id='word_1_473' title='bbox 1224 1817 1251 1840; x_wconf 89' lang='lat'>19</span> <span class='ocrx_word' id='word_1_474' title='bbox 1275 1808 1337 1835; x_wconf 88' lang='lat' dir='ltr'>Col-</span> 
     </span>
    </p>
   </div>
   <div class='ocr_carea' id='block_1_8' title="bbox 288 1843 1931 1884">
    <p class='ocr_par' dir='ltr' id='par_1_13' title="bbox 288 1843 1931 1884">
     <span class='ocr_line' id='line_1_46' title="bbox 288 1843 1931 1884; baseline -0.007 -4"><span class='ocrx_word' id='word_1_475' title='bbox 288 1854 406 1880; x_wconf 89' lang='lat' dir='ltr'>locemus</span> <span class='ocrx_word' id='word_1_476' title='bbox 420 1852 448 1878; x_wconf 91' lang='lat' dir='ltr'>in</span> <span class='ocrx_word' id='word_1_477' title='bbox 469 1851 579 1877; x_wconf 87' lang='lat' dir='ltr'>culcitra</span> <span class='ocrx_word' id='word_1_478' title='bbox 593 1850 713 1884; x_wconf 85' lang='lat' dir='ltr'>plumea,</span> <span class='ocrx_word' id='word_1_479' title='bbox 741 1846 876 1882; x_wconf 77' lang='lat' dir='ltr'>psaltriam</span> <span class='ocrx_word' id='word_1_480' title='bbox 891 1844 1063 1876; x_wconf 79' lang='lat' dir='ltr'>adducamus,</span> <span class='ocrx_word' id='word_1_481' title='bbox 1089 1843 1197 1870; x_wconf 88' lang='lat' dir='ltr'>cedrum</span> <span class='ocrx_word' id='word_1_482' title='bbox 1217 1843 1338 1869; x_wconf 86' lang='lat' dir='ltr'>incenda-</span> <span class='ocrx_word' id='word_1_483' title='bbox 1354 1851 1389 1877; x_wconf 79' lang='lat'>45</span> <span class='ocrx_word' id='word_1_484' title='bbox 1404 1844 1521 1871; x_wconf 71' lang='lat' dir='ltr'>nominis</span> <span class='ocrx_word' id='word_1_485' title='bbox 1531 1849 1589 1876; x_wconf 75' lang='lat' dir='ltr'>‚ant</span> <span class='ocrx_word' id='word_1_486' title='bbox 1604 1852 1618 1869; x_wconf 92' lang='lat' dir='ltr'>a</span> <span class='ocrx_word' id='word_1_487' title='bbox 1630 1849 1703 1878; x_wconf 87' lang='lat' dir='ltr'>patre</span> <span class='ocrx_word' id='word_1_488' title='bbox 1717 1850 1863 1878; x_wconf 79' lang='lat' dir='ltr'>acceptam,</span> <span class='ocrx_word' id='word_1_489' title='bbox 1885 1849 1931 1869; x_wconf 76' lang='lat' dir='ltr'>etc.</span> 
     </span>
    </p>
   </div>
   <div class='ocr_carea' id='block_1_9' title="bbox 287 1877 1341 2098">
    <p class='ocr_par' dir='ltr' id='par_1_14' title="bbox 287 1877 1341 2098">
     <span class='ocr_line' id='line_1_47' title="bbox 288 1877 1338 1921; baseline -0.013 -5"><span class='ocrx_word' id='word_1_490' title='bbox 288 1898 361 1921; x_wconf 85' lang='lat' dir='ltr'>mus,</span> <span class='ocrx_word' id='word_1_491' title='bbox 378 1895 423 1915; x_wconf 74' lang='lat' dir='ltr'>etc.</span> <span class='ocrx_word' id='word_1_492' title='bbox 459 1889 490 1914; x_wconf 88' lang='lat' dir='ltr'>In</span> <span class='ocrx_word' id='word_1_493' title='bbox 511 1884 740 1913; x_wconf 79' lang='lat' dir='ltr'>emendatioribus</span> <span class='ocrx_word' id='word_1_494' title='bbox 758 1881 895 1910; x_wconf 83' lang='lat' dir='ltr'>codicibus</span> <span class='ocrx_word' id='word_1_495' title='bbox 914 1880 1012 1915; x_wconf 83' lang='lat' dir='ltr'>legitur</span> <span class='ocrx_word' id='word_1_496' title='bbox 1030 1878 1202 1911; x_wconf 86' lang='lat' dir='ltr'>Hedychrum</span> <span class='ocrx_word' id='word_1_497' title='bbox 1217 1877 1338 1903; x_wconf 80' lang='lat' dir='ltr'>incenda-</span> 
     </span>
     <span class='ocr_line' id='line_1_48' title="bbox 288 1915 1339 1957; baseline -0.014 -5"><span class='ocrx_word' id='word_1_498' title='bbox 288 1934 347 1952; x_wconf 87' lang='lat' dir='ltr'>mus</span> <span class='ocrx_word' id='word_1_499' title='bbox 355 1945 363 1957; x_wconf 92' lang='lat'>‚</span> <span class='ocrx_word' id='word_1_500' title='bbox 396 1923 450 1950; x_wconf 78' lang='lat' dir='ltr'>vid.</span> <span class='ocrx_word' id='word_1_501' title='bbox 477 1930 498 1949; x_wconf 85' lang='lat' dir='ltr'><em>H</em></span> <span class='ocrx_word' id='word_1_502' title='bbox 508 1930 524 1949; x_wconf 81' lang='grc' dir='ltr'><strong>Ε</strong></span> <span class='ocrx_word' id='word_1_503' title='bbox 533 1930 551 1949; x_wconf 85' lang='lat' dir='ltr'>D</span> <span class='ocrx_word' id='word_1_504' title='bbox 561 1930 578 1949; x_wconf 77' lang='grc' dir='ltr'>Υ</span> <span class='ocrx_word' id='word_1_505' title='bbox 587 1928 604 1948; x_wconf 90' lang='lat' dir='ltr'>C</span> <span class='ocrx_word' id='word_1_506' title='bbox 613 1928 633 1948; x_wconf 84' lang='grc' dir='ltr'><strong><em>Η</em></strong></span> <span class='ocrx_word' id='word_1_507' title='bbox 642 1927 661 1947; x_wconf 84' lang='lat' dir='ltr'>R</span> <span class='ocrx_word' id='word_1_508' title='bbox 670 1928 690 1947; x_wconf 80' lang='lat' dir='ltr'>V</span> <span class='ocrx_word' id='word_1_509' title='bbox 701 1927 737 1946; x_wconf 83' lang='lat' dir='ltr'>M.</span> <span class='ocrx_word' id='word_1_510' title='bbox 809 1917 898 1945; x_wconf 86' lang='lat' dir='ltr'>Cedro</span> <span class='ocrx_word' id='word_1_511' title='bbox 915 1916 995 1951; x_wconf 81' lang='lat' dir='ltr'>digna</span> <span class='ocrx_word' id='word_1_512' title='bbox 1013 1915 1131 1941; x_wconf 80' lang='lat' dir='ltr'>dicuntur</span> <span class='ocrx_word' id='word_1_513' title='bbox 1140 1933 1148 1946; x_wconf 93' lang='lat'>‚</span> <span class='ocrx_word' id='word_1_514' title='bbox 1172 1922 1232 1949; x_wconf 81' lang='lat' dir='ltr'>quae</span> <span class='ocrx_word' id='word_1_515' title='bbox 1240 1919 1339 1947; x_wconf 77' lang='lat' dir='ltr'>promc-</span> 
     </span>
     <span class='ocr_line' id='line_1_49' title="bbox 287 1948 1341 1988; baseline -0.013 -1"><span class='ocrx_word' id='word_1_516' title='bbox 287 1968 375 1988; x_wconf 71' lang='lat' dir='ltr'>rentur</span> <span class='ocrx_word' id='word_1_517' title='bbox 389 1960 601 1986; x_wconf 76' lang='lat' dir='ltr'>immortalitatem</span> <span class='ocrx_word' id='word_1_518' title='bbox 610 1977 617 1988; x_wconf 91' lang='lat'>,</span> <span class='ocrx_word' id='word_1_519' title='bbox 643 1963 667 1982; x_wconf 85' lang='lat' dir='ltr'>et</span> <span class='ocrx_word' id='word_1_520' title='bbox 680 1954 798 1982; x_wconf 65' lang='lat' dir='ltr'>eiusmodi</span> <span class='ocrx_word' id='word_1_521' title='bbox 813 1953 957 1981; x_wconf 78' lang='lat' dir='ltr'>iudicantur</span> <span class='ocrx_word' id='word_1_522' title='bbox 966 1972 974 1985; x_wconf 89' lang='lat'>,</span> <span class='ocrx_word' id='word_1_523' title='bbox 1003 1958 1032 1979; x_wconf 83' lang='lat' dir='ltr'>vt</span> <span class='ocrx_word' id='word_1_524' title='bbox 1041 1948 1188 1987; x_wconf 71' lang='lat' dir='ltr'>posteritati</span> <span class='ocrx_word' id='word_1_525' title='bbox 1200 1948 1341 1985; x_wconf 68' lang='lat' dir='ltr'>confi-erari</span> 
     </span>
     <span class='ocr_line' id='line_1_50' title="bbox 289 1984 1340 2026; baseline -0.013 -3"><span class='ocrx_word' id='word_1_526' title='bbox 289 1997 400 2023; x_wconf 67' lang='lat' dir='ltr'>debcant.</span> <span class='ocrx_word' id='word_1_527' title='bbox 436 1995 504 2021; x_wconf 88' lang='lat' dir='ltr'>Pers.</span> <span class='ocrx_word' id='word_1_528' title='bbox 517 1994 569 2020; x_wconf 90' lang='lat' dir='ltr'>Sat.</span> <span class='ocrx_word' id='word_1_529' title='bbox 585 2002 604 2025; x_wconf 87' lang='lat'>1,</span> <span class='ocrx_word' id='word_1_530' title='bbox 618 2001 651 2026; x_wconf 86' lang='lat'>42</span> <span class='ocrx_word' id='word_1_531' title='bbox 673 1992 704 2018; x_wconf 84' lang='lat' dir='ltr'>Et</span> <span class='ocrx_word' id='word_1_532' title='bbox 717 1990 797 2016; x_wconf 85' lang='lat' dir='ltr'>cedro</span> <span class='ocrx_word' id='word_1_533' title='bbox 810 1989 890 2023; x_wconf 81' lang='lat' dir='ltr'>digna</span> <span class='ocrx_word' id='word_1_534' title='bbox 903 1988 1014 2014; x_wconf 89' lang='lat' dir='ltr'>locutus.</span> <span class='ocrx_word' id='word_1_535' title='bbox 1057 1988 1169 2014; x_wconf 86' lang='lat' dir='ltr'>Sumtum</span> <span class='ocrx_word' id='word_1_536' title='bbox 1180 1994 1196 2011; x_wconf 85' lang='lat' dir='ltr'>a</span> <span class='ocrx_word' id='word_1_537' title='bbox 1210 1984 1283 2011; x_wconf 75' lang='lat' dir='ltr'>Cedri</span> <span class='ocrx_word' id='word_1_538' title='bbox 1296 1993 1340 2010; x_wconf 83' lang='lat' dir='ltr'>na-</span> 
     </span>
     <span class='ocr_line' id='line_1_51' title="bbox 289 2025 970 2066; baseline -0.015 -8"><span class='ocrx_word' id='word_1_539' title='bbox 289 2039 363 2062; x_wconf 77' lang='lat' dir='ltr'>tura,</span> <span class='ocrx_word' id='word_1_540' title='bbox 387 2033 456 2057; x_wconf 77' lang='lat' dir='ltr'>cuius</span> <span class='ocrx_word' id='word_1_541' title='bbox 469 2030 544 2066; x_wconf 80' lang='lat' dir='ltr'>succo</span> <span class='ocrx_word' id='word_1_542' title='bbox 564 2029 647 2060; x_wconf 71' lang='lat' dir='ltr'>illita,</span> <span class='ocrx_word' id='word_1_543' title='bbox 671 2036 721 2052; x_wconf 72' lang='lat' dir='ltr'>non</span> <span class='ocrx_word' id='word_1_544' title='bbox 733 2025 849 2062; x_wconf 74' lang='lat' dir='ltr'>sentiunt</span> <span class='ocrx_word' id='word_1_545' title='bbox 869 2027 970 2050; x_wconf 66' lang='lat' dir='ltr'>cariem.</span> 
     </span>
     <span class='ocr_line' id='line_1_52' title="bbox 290 2055 1339 2098; baseline -0.011 -5"><span class='ocrx_word' id='word_1_546' title='bbox 290 2067 398 2093; x_wconf 89' lang='lat' dir='ltr'>Vitruu.</span> <span class='ocrx_word' id='word_1_547' title='bbox 414 2075 440 2097; x_wconf 79' lang='lat' dir='ltr'>z,</span> <span class='ocrx_word' id='word_1_548' title='bbox 454 2074 479 2098; x_wconf 90' lang='lat'>9.</span> <span class='ocrx_word' id='word_1_549' title='bbox 521 2064 648 2091; x_wconf 83' lang='lat' dir='ltr'>Carmina</span> <span class='ocrx_word' id='word_1_550' title='bbox 659 2062 739 2088; x_wconf 89' lang='lat' dir='ltr'>cedro</span> <span class='ocrx_word' id='word_1_551' title='bbox 752 2059 859 2087; x_wconf 87' lang='lat' dir='ltr'>linenda</span> <span class='ocrx_word' id='word_1_552' title='bbox 880 2060 947 2085; x_wconf 89' lang='lat' dir='ltr'>Hor.</span> <span class='ocrx_word' id='word_1_553' title='bbox 962 2059 991 2085; x_wconf 89' lang='lat' dir='ltr'>in</span> <span class='ocrx_word' id='word_1_554' title='bbox 1006 2058 1069 2084; x_wconf 86' lang='lat' dir='ltr'>Arte</span> <span class='ocrx_word' id='word_1_555' title='bbox 1081 2058 1151 2083; x_wconf 72' lang='lat' dir='ltr'>Poet.</span> <span class='ocrx_word' id='word_1_556' title='bbox 1164 2065 1212 2088; x_wconf 79' lang='lat'>331.</span> <span class='ocrx_word' id='word_1_557' title='bbox 1255 2055 1339 2082; x_wconf 87' lang='lat' dir='ltr'>Liber</span> 
     </span>
    </p>
   </div>
   <div class='ocr_carea' id='block_1_10' title="bbox 291 2092 1341 2203">
    <p class='ocr_par' dir='ltr' id='par_1_15' title="bbox 291 2092 1341 2203">
     <span class='ocr_line' id='line_1_53' title="bbox 292 2092 1339 2130; baseline -0.012 -1"><span class='ocrx_word' id='word_1_558' title='bbox 292 2103 375 2130; x_wconf 80' lang='lat' dir='ltr'>flauus</span> <span class='ocrx_word' id='word_1_559' title='bbox 389 2101 468 2127; x_wconf 85' lang='lat' dir='ltr'>cedro</span> <span class='ocrx_word' id='word_1_560' title='bbox 487 2099 569 2127; x_wconf 88' lang='lat' dir='ltr'>Ouid.</span> <span class='ocrx_word' id='word_1_561' title='bbox 584 2097 669 2125; x_wconf 84' lang='lat' dir='ltr'>Trist.</span> <span class='ocrx_word' id='word_1_562' title='bbox 682 2106 705 2130; x_wconf 84' lang='grc'>3,</span> <span class='ocrx_word' id='word_1_563' title='bbox 720 2106 740 2129; x_wconf 91' lang='grc' dir='ltr'>ι,</span> <span class='ocrx_word' id='word_1_564' title='bbox 755 2105 789 2129; x_wconf 80' lang='lat'>13.</span> <span class='ocrx_word' id='word_1_565' title='bbox 825 2095 1010 2129; x_wconf 85' lang='lat' dir='ltr'>Virg.Aen.7,</span> <span class='ocrx_word' id='word_1_566' title='bbox 1021 2097 1065 2127; x_wconf 85' lang='lat'>178</span> <span class='ocrx_word' id='word_1_567' title='bbox 1085 2092 1161 2126; x_wconf 76' lang='lat' dir='ltr'>Qiin</span> <span class='ocrx_word' id='word_1_568' title='bbox 1173 2092 1255 2117; x_wconf 89' lang='lat' dir='ltr'>etiam</span> <span class='ocrx_word' id='word_1_569' title='bbox 1268 2097 1339 2117; x_wconf 86' lang='lat' dir='ltr'>vete-</span> 
     </span>
     <span class='ocr_line' id='line_1_54' title="bbox 291 2130 1040 2171; baseline -0.013 -6"><span class='ocrx_word' id='word_1_570' title='bbox 291 2147 352 2166; x_wconf 81' lang='lat' dir='ltr'>rum</span> <span class='ocrx_word' id='word_1_571' title='bbox 365 2136 463 2171; x_wconf 79' lang='lat' dir='ltr'>efligies</span> <span class='ocrx_word' id='word_1_572' title='bbox 476 2144 507 2162; x_wconf 82' lang='lat' dir='ltr'>ex</span> <span class='ocrx_word' id='word_1_573' title='bbox 520 2134 614 2162; x_wconf 83' lang='lat' dir='ltr'>ordine</span> <span class='ocrx_word' id='word_1_574' title='bbox 626 2142 741 2160; x_wconf 86' lang='lat' dir='ltr'>auorum</span> <span class='ocrx_word' id='word_1_575' title='bbox 778 2131 895 2166; x_wconf 81' lang='lat' dir='ltr'>Antiqua</span> <span class='ocrx_word' id='word_1_576' title='bbox 907 2139 938 2157; x_wconf 86' lang='lat' dir='ltr'>ex</span> <span class='ocrx_word' id='word_1_577' title='bbox 952 2130 1040 2156; x_wconf 86' lang='lat' dir='ltr'>cedro.</span> 
     </span>
     <span class='ocr_line' id='line_1_55' title="bbox 329 2159 1341 2203; baseline -0.017 -2"><span class='ocrx_word' id='word_1_578' title='bbox 329 2180 346 2200; x_wconf 87' lang='lat' dir='ltr'>C</span> <span class='ocrx_word' id='word_1_579' title='bbox 356 2180 372 2200; x_wconf 76' lang='lat' dir='ltr'>F.</span> <span class='ocrx_word' id='word_1_580' title='bbox 382 2180 398 2200; x_wconf 88' lang='lat' dir='ltr'><em>D</em></span> <span class='ocrx_word' id='word_1_581' title='bbox 408 2174 518 2200; x_wconf 52' lang='lat' dir='ltr'>Rei&#39;rv</span> <span class='ocrx_word' id='word_1_582' title='bbox 528 2179 541 2198; x_wconf 85' lang='lat' dir='ltr'>S</span> <span class='ocrx_word' id='word_1_583' title='bbox 551 2191 557 2201; x_wconf 93' lang='lat'>,</span> <span class='ocrx_word' id='word_1_584' title='bbox 583 2179 607 2203; x_wconf 87' lang='lat' dir='ltr'>a,</span> <span class='ocrx_word' id='word_1_585' title='bbox 634 2179 689 2196; x_wconf 91' lang='lat' dir='ltr'>um.</span> <span class='ocrx_word' id='word_1_586' title='bbox 716 2167 776 2195; x_wconf 88' lang='lat' dir='ltr'>Adi.</span> <span class='ocrx_word' id='word_1_587' title='bbox 802 2167 869 2193; x_wconf 90' lang='lat' dir='ltr'>Plin.</span> <span class='ocrx_word' id='word_1_588' title='bbox 885 2175 920 2198; x_wconf 79' lang='lat'>13,</span> <span class='ocrx_word' id='word_1_589' title='bbox 934 2174 958 2198; x_wconf 84' lang='lat'>13</span> <span class='ocrx_word' id='word_1_590' title='bbox 985 2174 1014 2191; x_wconf 81' lang='lat' dir='ltr'>ex</span> <span class='ocrx_word' id='word_1_591' title='bbox 1033 2161 1110 2197; x_wconf 80' lang='lat' dir='ltr'>Caffio</span> <span class='ocrx_word' id='word_1_592' title='bbox 1124 2163 1245 2193; x_wconf 71' lang='lat' dir='ltr'>Hemina,</span> <span class='ocrx_word' id='word_1_593' title='bbox 1266 2159 1294 2185; x_wconf 80' lang='lat' dir='ltr'>de</span> <span class='ocrx_word' id='word_1_594' title='bbox 1311 2161 1341 2186; x_wconf 87' lang='lat' dir='ltr'>li-</span> 
     </span>
    </p>
   </div>
   <div class='ocr_carea' id='block_1_11' title="bbox 291 2197 1588 2241">
    <p class='ocr_par' dir='ltr' id='par_1_16' title="bbox 291 2197 1588 2241">
     <span class='ocr_line' id='line_1_56' title="bbox 291 2197 1588 2241; baseline -0.015 -5"><span class='ocrx_word' id='word_1_595' title='bbox 291 2210 345 2236; x_wconf 77' lang='lat' dir='ltr'>bris</span> <span class='ocrx_word' id='word_1_596' title='bbox 362 2211 473 2241; x_wconf 79' lang='lat' dir='ltr'>Numae,</span> <span class='ocrx_word' id='word_1_597' title='bbox 494 2208 524 2233; x_wconf 89' lang='lat' dir='ltr'>Et</span> <span class='ocrx_word' id='word_1_598' title='bbox 538 2207 621 2233; x_wconf 87' lang='lat' dir='ltr'>libros</span> <span class='ocrx_word' id='word_1_599' title='bbox 635 2205 753 2232; x_wconf 87' lang='lat' dir='ltr'>cedratos</span> <span class='ocrx_word' id='word_1_600' title='bbox 766 2203 853 2235; x_wconf 82' lang='lat' dir='ltr'>fuiffe,</span> <span class='ocrx_word' id='word_1_601' title='bbox 864 2208 1005 2237; x_wconf 83' lang='lat' dir='ltr'>propterea</span> <span class='ocrx_word' id='word_1_602' title='bbox 1019 2197 1177 2225; x_wconf 85' lang='lat' dir='ltr'>arbitrarier</span> <span class='ocrx_word' id='word_1_603' title='bbox 1189 2197 1272 2222; x_wconf 83' lang='lat' dir='ltr'>tineas</span> <span class='ocrx_word' id='word_1_604' title='bbox 1287 2204 1341 2221; x_wconf 90' lang='lat' dir='ltr'>non</span> <span class='ocrx_word' id='word_1_605' title='bbox 1359 2201 1387 2229; x_wconf 76' lang='lat'>55</span> <span class='ocrx_word' id='word_1_606' title='bbox 1406 2197 1481 2232; x_wconf 79' lang='lat' dir='ltr'>sequi</span> <span class='ocrx_word' id='word_1_607' title='bbox 1499 2198 1588 2231; x_wconf 65' lang='lat' dir='ltr'>potes}</span> 
     </span>
    </p>
   </div>
   <div class='ocr_carea' id='block_1_12' title="bbox 291 2231 1342 2279">
    <p class='ocr_par' dir='ltr' id='par_1_17' title="bbox 291 2231 1342 2279">
     <span class='ocr_line' id='line_1_57' title="bbox 291 2231 1342 2279; baseline -0.014 -8"><span class='ocrx_word' id='word_1_608' title='bbox 291 2245 419 2279; x_wconf 67' lang='lat' dir='ltr'>tetigisse,</span> <span class='ocrx_word' id='word_1_609' title='bbox 443 2247 461 2269; x_wconf 81' lang='grc' dir='ltr'>ι’.</span> <span class='ocrx_word' id='word_1_610' title='bbox 482 2242 555 2269; x_wconf 65' lang='lat' dir='ltr'>cedri</span> <span class='ocrx_word' id='word_1_611' title='bbox 569 2241 660 2277; x_wconf 88' lang='lat' dir='ltr'>succo,</span> <span class='ocrx_word' id='word_1_612' title='bbox 686 2242 727 2267; x_wconf 77' lang='lat' dir='ltr'>vel</span> <span class='ocrx_word' id='word_1_613' title='bbox 749 2239 850 2266; x_wconf 78' lang='lat' dir='ltr'>cedrino</span> <span class='ocrx_word' id='word_1_614' title='bbox 867 2244 991 2274; x_wconf 78' lang='lat' dir='ltr'>vnguento</span> <span class='ocrx_word' id='word_1_615' title='bbox 1011 2236 1101 2262; x_wconf 77' lang='lat' dir='ltr'>illitos.</span> <span class='ocrx_word' id='word_1_616' title='bbox 1149 2231 1299 2259; x_wconf 78' lang='lat' dir='ltr'>Harduinus</span> <span class='ocrx_word' id='word_1_617' title='bbox 1312 2240 1342 2257; x_wconf 81' lang='lat' dir='ltr'>ex</span> 
     </span>
    </p>
   </div>
   <div class='ocr_carea' id='block_1_13' title="bbox 294 2279 1344 2491">
    <p class='ocr_par' dir='ltr' id='par_1_18' title="bbox 294 2279 1344 2491">
     <span class='ocr_line' id='line_1_58' title="bbox 294 2279 587 2314; baseline -0.02 -5"><span class='ocrx_word' id='word_1_618' title='bbox 294 2281 368 2309; x_wconf 76' lang='lat' dir='ltr'>MSS.</span> <span class='ocrx_word' id='word_1_619' title='bbox 386 2280 503 2305; x_wconf 82' lang='lat' dir='ltr'>Citratos</span> <span class='ocrx_word' id='word_1_620' title='bbox 517 2279 587 2314; x_wconf 76' lang='lat' dir='ltr'>legit.</span> 
     </span>
     <span class='ocr_line' id='line_1_59' title="bbox 331 2304 1198 2344; baseline -0.017 -1"><span class='ocrx_word' id='word_1_621' title='bbox 331 2323 348 2343; x_wconf 91' lang='lat' dir='ltr'>c</span> <span class='ocrx_word' id='word_1_622' title='bbox 357 2322 373 2342; x_wconf 78' lang='lat' dir='ltr'>E</span> <span class='ocrx_word' id='word_1_623' title='bbox 383 2322 401 2341; x_wconf 88' lang='lat' dir='ltr'><em>D</em></span> <span class='ocrx_word' id='word_1_624' title='bbox 411 2323 429 2341; x_wconf 85' lang='lat' dir='ltr'>R</span> <span class='ocrx_word' id='word_1_625' title='bbox 440 2313 451 2340; x_wconf 79' lang='grc' dir='ltr'><strong><em>ἶ</em></strong></span> <span class='ocrx_word' id='word_1_626' title='bbox 462 2321 484 2340; x_wconf 85' lang='grc' dir='ltr'>Ν</span> <span class='ocrx_word' id='word_1_627' title='bbox 496 2319 517 2339; x_wconf 83' lang='lat' dir='ltr'>v</span> <span class='ocrx_word' id='word_1_628' title='bbox 527 2321 555 2344; x_wconf 88' lang='lat' dir='ltr'>s,</span> <span class='ocrx_word' id='word_1_629' title='bbox 576 2321 601 2344; x_wconf 86' lang='lat' dir='ltr'>a,</span> <span class='ocrx_word' id='word_1_630' title='bbox 618 2320 674 2338; x_wconf 88' lang='lat' dir='ltr'>um.</span> <span class='ocrx_word' id='word_1_631' title='bbox 693 2308 775 2337; x_wconf 83' lang='lat' dir='ltr'>Aliud</span> <span class='ocrx_word' id='word_1_632' title='bbox 787 2307 848 2334; x_wconf 88' lang='lat' dir='ltr'>Adi.</span> <span class='ocrx_word' id='word_1_633' title='bbox 885 2308 898 2342; x_wconf 91' lang='lat'>[</span> <span class='ocrx_word' id='word_1_634' title='bbox 911 2304 1026 2342; x_wconf 67' lang='grc' dir='ltr'>κέδρινος]</span> <span class='ocrx_word' id='word_1_635' title='bbox 1190 2338 1198 2344; x_wconf 83' lang='lat'>.</span> 
     </span>
     <span class='ocr_line' id='line_1_60' title="bbox 294 2337 1343 2383; baseline -0.014 -5"><span class='ocrx_word' id='word_1_636' title='bbox 294 2352 362 2379; x_wconf 84' lang='lat' dir='ltr'>Plin.</span> <span class='ocrx_word' id='word_1_637' title='bbox 377 2359 413 2383; x_wconf 80' lang='lat'>13,</span> <span class='ocrx_word' id='word_1_638' title='bbox 429 2358 440 2383; x_wconf 74' lang='grc' dir='ltr'>ς</span> <span class='ocrx_word' id='word_1_639' title='bbox 455 2350 472 2375; x_wconf 94' lang='lat' dir='ltr'>s.</span> <span class='ocrx_word' id='word_1_640' title='bbox 489 2357 512 2375; x_wconf 87' lang='grc' dir='ltr'>ιι</span> <span class='ocrx_word' id='word_1_641' title='bbox 542 2348 673 2375; x_wconf 90' lang='lat' dir='ltr'>Cedrinus</span> <span class='ocrx_word' id='word_1_642' title='bbox 692 2345 727 2372; x_wconf 87' lang='lat' dir='ltr'>est</span> <span class='ocrx_word' id='word_1_643' title='bbox 741 2345 841 2371; x_wconf 83' lang='lat' dir='ltr'>Romae</span> <span class='ocrx_word' id='word_1_644' title='bbox 854 2344 883 2369; x_wconf 89' lang='lat' dir='ltr'>in</span> <span class='ocrx_word' id='word_1_645' title='bbox 901 2342 1014 2368; x_wconf 88' lang='lat' dir='ltr'>delubro</span> <span class='ocrx_word' id='word_1_646' title='bbox 1029 2340 1127 2375; x_wconf 86' lang='lat' dir='ltr'>Apollo</span> <span class='ocrx_word' id='word_1_647' title='bbox 1146 2339 1281 2370; x_wconf 73' lang='lat' dir='ltr'>Sosianus,</span> <span class='ocrx_word' id='word_1_648' title='bbox 1300 2337 1343 2363; x_wconf 76' lang='lat' dir='ltr'>Se-</span> 
     </span>
     <span class='ocr_line' id='line_1_61' title="bbox 295 2378 1071 2416; baseline -0.015 -2"><span class='ocrx_word' id='word_1_649' title='bbox 295 2387 381 2414; x_wconf 84' lang='lat' dir='ltr'>leucia</span> <span class='ocrx_word' id='word_1_650' title='bbox 395 2385 529 2413; x_wconf 54' lang='lat' dir='ltr'>aduectus.</span> <span class='ocrx_word' id='word_1_651' title='bbox 589 2378 698 2410; x_wconf 77' lang='lat' dir='ltr'>&#39;Oleum</span> <span class='ocrx_word' id='word_1_652' title='bbox 713 2379 851 2407; x_wconf 88' lang='lat' dir='ltr'>cedrinum</span> <span class='ocrx_word' id='word_1_653' title='bbox 877 2378 943 2405; x_wconf 85' lang='lat' dir='ltr'>Plin.</span> <span class='ocrx_word' id='word_1_654' title='bbox 958 2386 997 2410; x_wconf 81' lang='lat'>32,</span> <span class='ocrx_word' id='word_1_655' title='bbox 1010 2385 1036 2411; x_wconf 90' lang='grc'><strong>7.</strong></span> <span class='ocrx_word' id='word_1_656' title='bbox 1065 2411 1071 2416; x_wconf 41' lang='grc'><em>·</em></span> 
     </span>
     <span class='ocr_line' id='line_1_62' title="bbox 332 2408 1344 2453; baseline -0.015 -3"><span class='ocrx_word' id='word_1_657' title='bbox 332 2429 492 2453; x_wconf 61' lang='lat' dir='ltr'>cemus,</span> <span class='ocrx_word' id='word_1_658' title='bbox 511 2419 571 2446; x_wconf 74' lang='lat' dir='ltr'>i&#39;dis.</span> <span class='ocrx_word' id='word_1_659' title='bbox 593 2420 613 2446; x_wconf 87' lang='lat' dir='ltr'>f.</span> <span class='ocrx_word' id='word_1_660' title='bbox 650 2415 762 2453; x_wconf 60' lang='grc' dir='ltr'>Γκεὸῗρῐς]</span> <span class='ocrx_word' id='word_1_661' title='bbox 801 2412 908 2442; x_wconf 62' lang='lat' dir='ltr'>Fructus</span> <span class='ocrx_word' id='word_1_662' title='bbox 919 2414 996 2440; x_wconf 71' lang='lat' dir='ltr'>cedri.</span> <span class='ocrx_word' id='word_1_663' title='bbox 1027 2411 1100 2451; x_wconf 34' lang='lat' dir='ltr'>&lt;le3</span> <span class='ocrx_word' id='word_1_664' title='bbox 1113 2418 1154 2443; x_wconf 86' lang='lat'>24,</span> <span class='ocrx_word' id='word_1_665' title='bbox 1176 2416 1189 2443; x_wconf 81' lang='grc' dir='ltr'><em>ς</em></span> <span class='ocrx_word' id='word_1_666' title='bbox 1209 2409 1269 2436; x_wconf 81' lang='lat' dir='ltr'>s.12</span> <span class='ocrx_word' id='word_1_667' title='bbox 1294 2408 1344 2435; x_wconf 90' lang='lat' dir='ltr'>Ce-</span> 
     </span>
     <span class='ocr_line' id='line_1_63' title="bbox 296 2450 1228 2491; baseline -0.016 -5"><span class='ocrx_word' id='word_1_668' title='bbox 296 2458 400 2491; x_wconf 66' lang='lat' dir='ltr'>arides,</span> <span class='ocrx_word' id='word_1_669' title='bbox 418 2457 468 2484; x_wconf 89' lang='lat' dir='ltr'>hoc</span> <span class='ocrx_word' id='word_1_670' title='bbox 483 2456 518 2483; x_wconf 87' lang='lat' dir='ltr'>est</span> <span class='ocrx_word' id='word_1_671' title='bbox 533 2455 637 2483; x_wconf 73' lang='lat' dir='ltr'>srue’lus</span> <span class='ocrx_word' id='word_1_672' title='bbox 649 2454 725 2481; x_wconf 85' lang='lat' dir='ltr'>cedri</span> <span class='ocrx_word' id='word_1_673' title='bbox 736 2451 820 2479; x_wconf 84' lang='lat' dir='ltr'>tuffim</span> <span class='ocrx_word' id='word_1_674' title='bbox 833 2452 940 2484; x_wconf 87' lang='lat' dir='ltr'>sanant,</span> <span class='ocrx_word' id='word_1_675' title='bbox 956 2450 1063 2476; x_wconf 85' lang='lat' dir='ltr'>vrinam</span> <span class='ocrx_word' id='word_1_676' title='bbox 1074 2452 1162 2478; x_wconf 84' lang='lat' dir='ltr'>cient,</span> <span class='ocrx_word' id='word_1_677' title='bbox 1182 2452 1228 2472; x_wconf 77' lang='lat' dir='ltr'>etc.</span> 
     </span>
    </p>
   </div>
   <div class='ocr_carea' id='block_1_14' title="bbox 703 2513 937 2547">
    <p class='ocr_par' dir='ltr' id='par_1_19' title="bbox 703 2513 937 2547">
     <span class='ocr_line' id='line_1_64' title="bbox 703 2513 937 2547; baseline -0.017 0"><span class='ocrx_word' id='word_1_678' title='bbox 703 2516 730 2547; x_wconf 92' lang='lat' dir='ltr'>C</span> <span class='ocrx_word' id='word_1_679' title='bbox 810 2514 838 2545; x_wconf 88' lang='lat' dir='ltr'>E</span> <span class='ocrx_word' id='word_1_680' title='bbox 911 2513 937 2544; x_wconf 91' lang='lat' dir='ltr'>L</span> 
     </span>
    </p>
   </div>
   <div class='ocr_carea' id='block_1_15' title="bbox 299 2562 1349 2918">
    <p class='ocr_par' dir='ltr' id='par_1_20' title="bbox 333 2562 868 2597">
     <span class='ocr_line' id='line_1_65' title="bbox 333 2562 868 2597; baseline -0.015 -3"><span class='ocrx_word' id='word_1_681' title='bbox 333 2570 563 2597; x_wconf 66' lang='lat' dir='ltr'>CELAENAE,</span> <span class='ocrx_word' id='word_1_682' title='bbox 596 2562 652 2589; x_wconf 80' lang='lat' dir='ltr'>vid.</span> <span class='ocrx_word' id='word_1_683' title='bbox 680 2566 868 2589; x_wconf 67' lang='lat' dir='ltr'>cn1AENAE.</span> 
     </span>
    </p>

    <p class='ocr_par' dir='ltr' id='par_1_21' title="bbox 299 2588 1348 2739">
     <span class='ocr_line' id='line_1_66' title="bbox 337 2588 1346 2632; baseline -0.016 -3"><span class='ocrx_word' id='word_1_684' title='bbox 337 2608 354 2628; x_wconf 90' lang='lat' dir='ltr'>C</span> <span class='ocrx_word' id='word_1_685' title='bbox 366 2608 437 2628; x_wconf 81' lang='lat' dir='ltr'>ELA</span> <span class='ocrx_word' id='word_1_686' title='bbox 447 2607 522 2628; x_wconf 80' lang='lat' dir='ltr'>ENO</span> <span class='ocrx_word' id='word_1_687' title='bbox 536 2620 544 2632; x_wconf 93' lang='lat'>,</span> <span class='ocrx_word' id='word_1_688' title='bbox 579 2598 617 2625; x_wconf 68' lang='lat' dir='ltr'>sis.</span> <span class='ocrx_word' id='word_1_689' title='bbox 645 2599 664 2625; x_wconf 85' lang='lat' dir='ltr'>f.</span> <span class='ocrx_word' id='word_1_690' title='bbox 702 2595 846 2632; x_wconf 62' lang='grc' dir='ltr'>[Κελαινὼ]</span> <span class='ocrx_word' id='word_1_691' title='bbox 888 2594 944 2621; x_wconf 82' lang='lat' dir='ltr'>Vna</span> <span class='ocrx_word' id='word_1_692' title='bbox 964 2602 992 2619; x_wconf 78' lang='lat' dir='ltr'>ex</span> <span class='ocrx_word' id='word_1_693' title='bbox 1011 2593 1142 2626; x_wconf 79' lang='lat' dir='ltr'>Harpyis,</span> <span class='ocrx_word' id='word_1_694' title='bbox 1158 2597 1182 2630; x_wconf 77' lang='lat' dir='ltr'>q.</span> <span class='ocrx_word' id='word_1_695' title='bbox 1204 2588 1237 2629; x_wconf 40' lang='lat' dir='ltr'>d..</span> <span class='ocrx_word' id='word_1_696' title='bbox 1250 2589 1346 2624; x_wconf 78' lang='lat' dir='ltr'>Nigra,</span> 
     </span>
     <span class='ocr_line' id='line_1_67' title="bbox 299 2625 1348 2672; baseline -0.014 -8"><span class='ocrx_word' id='word_1_697' title='bbox 299 2636 404 2664; x_wconf 70' lang='grc' dir='ltr'>κελαινὸς</span> <span class='ocrx_word' id='word_1_698' title='bbox 420 2639 483 2663; x_wconf 77' lang='lat' dir='ltr'>enim</span> <span class='ocrx_word' id='word_1_699' title='bbox 496 2639 568 2672; x_wconf 77' lang='lat' dir='ltr'>niger</span> <span class='ocrx_word' id='word_1_700' title='bbox 582 2633 625 2668; x_wconf 76' lang='lat' dir='ltr'>est.</span> <span class='ocrx_word' id='word_1_701' title='bbox 661 2634 726 2660; x_wconf 88' lang='lat' dir='ltr'>Dira</span> <span class='ocrx_word' id='word_1_702' title='bbox 745 2632 820 2666; x_wconf 85' lang='lat' dir='ltr'>Virg.</span> <span class='ocrx_word' id='word_1_703' title='bbox 835 2632 902 2658; x_wconf 84' lang='lat' dir='ltr'>Aen.</span> <span class='ocrx_word' id='word_1_704' title='bbox 913 2638 936 2662; x_wconf 89' lang='grc'>3,</span> <span class='ocrx_word' id='word_1_705' title='bbox 951 2637 1001 2656; x_wconf 91' lang='lat'>211.</span> <span class='ocrx_word' id='word_1_706' title='bbox 1038 2627 1154 2654; x_wconf 90' lang='lat' dir='ltr'>Celaeno</span> <span class='ocrx_word' id='word_1_707' title='bbox 1163 2625 1258 2652; x_wconf 82' lang='lat' dir='ltr'>infelix</span> <span class='ocrx_word' id='word_1_708' title='bbox 1265 2630 1348 2656; x_wconf 86' lang='lat' dir='ltr'>vates,</span> 
     </span>
     <span class='ocr_line' id='line_1_68' title="bbox 299 2663 1348 2734; baseline -0.014 -35"><span class='ocrx_word' id='word_1_709' title='bbox 299 2678 317 2700; x_wconf 85' lang='grc' dir='ltr'>ι’.</span> <span class='ocrx_word' id='word_1_710' title='bbox 328 2675 428 2700; x_wconf 79' lang='lat' dir='ltr'>Nuntia</span> <span class='ocrx_word' id='word_1_711' title='bbox 441 2671 606 2734; x_wconf 63' lang='lat' dir='ltr'>ivgelicitatis</span> <span class='ocrx_word' id='word_1_712' title='bbox 621 2669 696 2704; x_wconf 81' lang='lat' dir='ltr'>Virg.</span> <span class='ocrx_word' id='word_1_713' title='bbox 712 2669 775 2695; x_wconf 80' lang='lat' dir='ltr'>Aen.</span> <span class='ocrx_word' id='word_1_714' title='bbox 791 2677 813 2700; x_wconf 84' lang='grc'>3,</span> <span class='ocrx_word' id='word_1_715' title='bbox 827 2674 886 2701; x_wconf 77' lang='lat'>243.</span> <span class='ocrx_word' id='word_1_716' title='bbox 963 2664 983 2702; x_wconf 62' lang='grc' dir='ltr'><strong>Ἴ</strong></span> <span class='ocrx_word' id='word_1_717' title='bbox 995 2672 1011 2690; x_wconf 87' lang='lat'>2.</span> <span class='ocrx_word' id='word_1_718' title='bbox 1037 2663 1153 2690; x_wconf 78' lang='lat' dir='ltr'>Celaeno</span> <span class='ocrx_word' id='word_1_719' title='bbox 1166 2664 1240 2687; x_wconf 85' lang='lat' dir='ltr'>ctiam</span> <span class='ocrx_word' id='word_1_720' title='bbox 1253 2670 1303 2686; x_wconf 78' lang='lat' dir='ltr'>una</span> <span class='ocrx_word' id='word_1_721' title='bbox 1318 2669 1348 2686; x_wconf 79' lang='lat' dir='ltr'>ex</span> 
     </span>
     <span class='ocr_line' id='line_1_69' title="bbox 299 2696 1347 2739; baseline -0.014 -3"><span class='ocrx_word' id='word_1_722' title='bbox 299 2708 442 2738; x_wconf 77' lang='lat' dir='ltr'>Pleiadibus</span> <span class='ocrx_word' id='word_1_723' title='bbox 482 2705 695 2739; x_wconf 75' lang='lat' dir='ltr'>uid.Fast.4.173</span> <span class='ocrx_word' id='word_1_724' title='bbox 710 2705 839 2738; x_wconf 82' lang='lat' dir='ltr'>Neptuno</span> <span class='ocrx_word' id='word_1_725' title='bbox 846 2701 1048 2734; x_wconf 83' lang='lat' dir='ltr'>Halcyonem,et</span> <span class='ocrx_word' id='word_1_726' title='bbox 1056 2705 1091 2733; x_wconf 88' lang='lat' dir='ltr'>te,</span> <span class='ocrx_word' id='word_1_727' title='bbox 1098 2697 1215 2725; x_wconf 83' lang='lat' dir='ltr'>formosa</span> <span class='ocrx_word' id='word_1_728' title='bbox 1223 2696 1347 2723; x_wconf 85' lang='lat' dir='ltr'>Celaeno.</span> 
     </span>
    </p>

    <p class='ocr_par' dir='ltr' id='par_1_22' title="bbox 335 2738 985 2773">
     <span class='ocr_line' id='line_1_70' title="bbox 335 2738 985 2773; baseline -0.014 -1"><span class='ocrx_word' id='word_1_729' title='bbox 335 2749 535 2773; x_wconf 78' lang='lat' dir='ltr'>CELATlM,</span> <span class='ocrx_word' id='word_1_730' title='bbox 572 2747 768 2771; x_wconf 67' lang='grc' dir='ltr'>εΕιΛΤνε,</span> <span class='ocrx_word' id='word_1_731' title='bbox 802 2738 985 2765; x_wconf 77' lang='lat' dir='ltr'>vid.C[-:1.0.</span> 
     </span>
    </p>

    <p class='ocr_par' dir='ltr' id='par_1_23' title="bbox 299 2767 1349 2918">
     <span class='ocr_line' id='line_1_71' title="bbox 338 2767 1347 2810; baseline -0.014 -3"><span class='ocrx_word' id='word_1_732' title='bbox 338 2787 356 2808; x_wconf 92' lang='lat' dir='ltr'>c</span> <span class='ocrx_word' id='word_1_733' title='bbox 365 2786 406 2807; x_wconf 74' lang='lat'>131.</span> <span class='ocrx_word' id='word_1_734' title='bbox 416 2778 433 2806; x_wconf 63' lang='lat' dir='ltr'>r*</span> <span class='ocrx_word' id='word_1_735' title='bbox 442 2785 458 2806; x_wconf 82' lang='lat' dir='ltr'>B</span> <span class='ocrx_word' id='word_1_736' title='bbox 467 2785 486 2805; x_wconf 84' lang='lat' dir='ltr'>R</span> <span class='ocrx_word' id='word_1_737' title='bbox 498 2785 506 2804; x_wconf 92' lang='lat'>1</span> <span class='ocrx_word' id='word_1_738' title='bbox 517 2785 530 2804; x_wconf 88' lang='lat' dir='ltr'>s</span> <span class='ocrx_word' id='word_1_739' title='bbox 544 2790 553 2810; x_wconf 93' lang='lat'>·,</span> <span class='ocrx_word' id='word_1_740' title='bbox 585 2776 642 2803; x_wconf 85' lang='lat' dir='ltr'>bre.</span> <span class='ocrx_word' id='word_1_741' title='bbox 673 2777 713 2802; x_wconf 77' lang='lat' dir='ltr'>vel</span> <span class='ocrx_word' id='word_1_742' title='bbox 736 2782 753 2802; x_wconf 86' lang='lat' dir='ltr'>c</span> <span class='ocrx_word' id='word_1_743' title='bbox 764 2782 778 2801; x_wconf 73' lang='lat' dir='ltr'>E</span> <span class='ocrx_word' id='word_1_744' title='bbox 788 2782 804 2801; x_wconf 86' lang='lat' dir='ltr'>L</span> <span class='ocrx_word' id='word_1_745' title='bbox 814 2773 832 2801; x_wconf 74' lang='grc' dir='ltr'>ιέ</span> <span class='ocrx_word' id='word_1_746' title='bbox 841 2781 857 2801; x_wconf 87' lang='lat'>13</span> <span class='ocrx_word' id='word_1_747' title='bbox 866 2780 882 2800; x_wconf 77' lang='grc' dir='ltr'>Ε</span> <span class='ocrx_word' id='word_1_748' title='bbox 892 2780 911 2800; x_wconf 84' lang='lat' dir='ltr'>R</span> <span class='ocrx_word' id='word_1_749' title='bbox 919 2792 926 2803; x_wconf 87' lang='lat'><strong><em>‚</em></strong></span> <span class='ocrx_word' id='word_1_750' title='bbox 945 2772 1012 2804; x_wconf 82' lang='lat' dir='ltr'>bris,</span> <span class='ocrx_word' id='word_1_751' title='bbox 1040 2771 1097 2798; x_wconf 87' lang='lat' dir='ltr'>bre.</span> <span class='ocrx_word' id='word_1_752' title='bbox 1133 2767 1273 2803; x_wconf 69' lang='grc' dir='ltr'>[διάφημος</span> <span class='ocrx_word' id='word_1_753' title='bbox 1286 2768 1347 2794; x_wconf 90' lang='lat' dir='ltr'>Vet.</span> 
     </span>
     <span class='ocr_line' id='line_1_72' title="bbox 301 2803 1348 2849; baseline -0.013 -6"><span class='ocrx_word' id='word_1_754' title='bbox 301 2817 380 2844; x_wconf 78' lang='lat' dir='ltr'>Gloss&#39;.</span> <span class='ocrx_word' id='word_1_755' title='bbox 395 2818 425 2842; x_wconf 80' lang='lat' dir='ltr'>it.</span> <span class='ocrx_word' id='word_1_756' title='bbox 437 2811 597 2849; x_wconf 70' lang='grc' dir='ltr'>κολύανδρος]</span> <span class='ocrx_word' id='word_1_757' title='bbox 635 2811 702 2838; x_wconf 70' lang='lat' dir='ltr'>Idem</span> <span class='ocrx_word' id='word_1_758' title='bbox 711 2810 769 2846; x_wconf 73' lang='lat' dir='ltr'>fere</span> <span class='ocrx_word' id='word_1_759' title='bbox 783 2810 847 2846; x_wconf 83' lang='lat' dir='ltr'>quod</span> <span class='ocrx_word' id='word_1_760' title='bbox 853 2809 990 2845; x_wconf 69' lang='lat' dir='ltr'>frequens,</span> <span class='ocrx_word' id='word_1_761' title='bbox 1016 2817 1070 2834; x_wconf 84' lang='lat' dir='ltr'>cum</span> <span class='ocrx_word' id='word_1_762' title='bbox 1084 2805 1118 2833; x_wconf 76' lang='lat' dir='ltr'>ad</span> <span class='ocrx_word' id='word_1_763' title='bbox 1128 2807 1206 2832; x_wconf 84' lang='lat' dir='ltr'>locum</span> <span class='ocrx_word' id='word_1_764' title='bbox 1220 2803 1348 2839; x_wconf 68' lang='lat' dir='ltr'>refertur,=</span> 
     </span>
     <span class='ocr_line' id='line_1_73' title="bbox 300 2841 1348 2883; baseline -0.013 -4"><span class='ocrx_word' id='word_1_765' title='bbox 300 2862 353 2880; x_wconf 85' lang='lat' dir='ltr'>cum</span> <span class='ocrx_word' id='word_1_766' title='bbox 366 2851 400 2878; x_wconf 79' lang='lat' dir='ltr'>ad</span> <span class='ocrx_word' id='word_1_767' title='bbox 417 2851 536 2877; x_wconf 82' lang='lat' dir='ltr'>hominem</span> <span class='ocrx_word' id='word_1_768' title='bbox 555 2850 596 2875; x_wconf 82' lang='lat' dir='ltr'>vel</span> <span class='ocrx_word' id='word_1_769' title='bbox 608 2857 659 2874; x_wconf 80' lang='lat' dir='ltr'>rem</span> <span class='ocrx_word' id='word_1_770' title='bbox 673 2849 791 2883; x_wconf 61' lang='lat' dir='ltr'>respicit,</span> <span class='ocrx_word' id='word_1_771' title='bbox 813 2846 922 2872; x_wconf 72' lang='lat' dir='ltr'>crebram</span> <span class='ocrx_word' id='word_1_772' title='bbox 947 2845 1054 2870; x_wconf 73' lang='lat' dir='ltr'>nominis</span> <span class='ocrx_word' id='word_1_773' title='bbox 1074 2849 1098 2868; x_wconf 77' lang='lat' dir='ltr'>et</span> <span class='ocrx_word' id='word_1_774' title='bbox 1107 2841 1195 2878; x_wconf 74' lang='lat' dir='ltr'>famae</span> <span class='ocrx_word' id='word_1_775' title='bbox 1208 2841 1348 2878; x_wconf 70' lang='lat' dir='ltr'>usurpatio-</span> 
     </span>
     <span class='ocr_line' id='line_1_74' title="bbox 299 2874 1349 2918; baseline -0.014 -3"><span class='ocrx_word' id='word_1_776' title='bbox 299 2897 354 2915; x_wconf 77' lang='lat' dir='ltr'>nem</span> <span class='ocrx_word' id='word_1_777' title='bbox 373 2886 480 2913; x_wconf 73' lang='lat' dir='ltr'>indicat.</span> <span class='ocrx_word' id='word_1_778' title='bbox 517 2882 558 2918; x_wconf 74' lang='lat' dir='ltr'>Est</span> <span class='ocrx_word' id='word_1_779' title='bbox 571 2887 582 2910; x_wconf 93' lang='lat' dir='ltr'>i</span> <span class='ocrx_word' id='word_1_780' title='bbox 601 2887 652 2910; x_wconf 88' lang='lat' dir='ltr'>itur</span> <span class='ocrx_word' id='word_1_781' title='bbox 665 2884 750 2910; x_wconf 86' lang='lat' dir='ltr'>Locus</span> <span class='ocrx_word' id='word_1_782' title='bbox 764 2881 925 2913; x_wconf 81' lang='lat' dir='ltr'>celebris‚1&#39;›1</span> <span class='ocrx_word' id='word_1_783' title='bbox 938 2889 983 2915; x_wconf 83' lang='lat' dir='ltr'>quo</span> <span class='ocrx_word' id='word_1_784' title='bbox 997 2880 1068 2905; x_wconf 77' lang='lat' dir='ltr'>multi</span> <span class='ocrx_word' id='word_1_785' title='bbox 1078 2878 1141 2914; x_wconf 69' lang='lat' dir='ltr'>fiant</span> <span class='ocrx_word' id='word_1_786' title='bbox 1160 2877 1200 2903; x_wconf 81' lang='lat' dir='ltr'>vel</span> <span class='ocrx_word' id='word_1_787' title='bbox 1215 2874 1258 2909; x_wconf 66' lang='lat' dir='ltr'>este</span> <span class='ocrx_word' id='word_1_788' title='bbox 1265 2875 1349 2912; x_wconf 76' lang='lat' dir='ltr'>solent</span> 
     </span>
    </p>
   </div>
   <div class='ocr_carea' id='block_1_16' title="bbox 277 2909 2203 2977">
    <p class='ocr_par' dir='ltr' id='par_1_24' title="bbox 277 2909 2203 2977">
     <span class='ocr_line' id='line_1_75' title="bbox 277 2909 2203 2977; baseline -0.01 -26"><span class='ocrx_word' id='word_1_789' title='bbox 277 2917 280 2920; x_wconf 38' lang='lat'><em>⁴</em></span> <span class='ocrx_word' id='word_1_790' title='bbox 300 2925 427 2956; x_wconf 77' lang='lat' dir='ltr'>homines,</span> <span class='ocrx_word' id='word_1_791' title='bbox 454 2921 537 2949; x_wconf 90' lang='lat' dir='ltr'>homo</span> <span class='ocrx_word' id='word_1_792' title='bbox 550 2929 578 2947; x_wconf 90' lang='lat' dir='ltr'>ce</span> <span class='ocrx_word' id='word_1_793' title='bbox 591 2919 677 2952; x_wconf 90' lang='lat' dir='ltr'>ebris,</span> <span class='ocrx_word' id='word_1_794' title='bbox 696 2918 725 2945; x_wconf 75' lang='lat' dir='ltr'>de</span> <span class='ocrx_word' id='word_1_795' title='bbox 739 2926 783 2954; x_wconf 81' lang='lat' dir='ltr'>quo</span> <span class='ocrx_word' id='word_1_796' title='bbox 802 2917 875 2943; x_wconf 81' lang='lat' dir='ltr'>multi</span> <span class='ocrx_word' id='word_1_797' title='bbox 887 2918 1036 2977; x_wconf 54' lang='lat' dir='ltr'>Ioguuntur,¹</span> <span class='ocrx_word' id='word_1_798' title='bbox 1054 2923 1095 2941; x_wconf 84' lang='lat' dir='ltr'>res</span> <span class='ocrx_word' id='word_1_799' title='bbox 1109 2914 1150 2939; x_wconf 75' lang='lat' dir='ltr'>vel</span> <span class='ocrx_word' id='word_1_800' title='bbox 1161 2918 1262 2946; x_wconf 88' lang='lat' dir='ltr'>tempus</span> <span class='ocrx_word' id='word_1_801' title='bbox 1281 2911 1347 2938; x_wconf 85' lang='lat' dir='ltr'>cele·</span> <span class='ocrx_word' id='word_1_802' title='bbox 1364 2916 1398 2945; x_wconf 80' lang='lat'>75</span> <span class='ocrx_word' id='word_1_803' title='bbox 1412 2920 1468 2945; x_wconf 79' lang='lat' dir='ltr'>tus,</span> <span class='ocrx_word' id='word_1_804' title='bbox 1486 2913 1535 2948; x_wconf 80' lang='lat' dir='ltr'>qni</span> <span class='ocrx_word' id='word_1_805' title='bbox 1555 2913 1637 2940; x_wconf 74' lang='lat' dir='ltr'>initio</span> <span class='ocrx_word' id='word_1_806' title='bbox 1653 2911 1820 2940; x_wconf 66' lang='lat' dir='ltr'>celebrantur</span> <span class='ocrx_word' id='word_1_807' title='bbox 1827 2931 1836 2944; x_wconf 79' lang='lat'>‚</span> <span class='ocrx_word' id='word_1_808' title='bbox 1851 2911 1904 2938; x_wconf 70' lang='lat' dir='ltr'>iam</span> <span class='ocrx_word' id='word_1_809' title='bbox 1918 2910 1964 2937; x_wconf 84' lang='lat' dir='ltr'>diu</span> <span class='ocrx_word' id='word_1_810' title='bbox 1981 2910 2042 2937; x_wconf 72' lang='lat' dir='ltr'>fieri</span> <span class='ocrx_word' id='word_1_811' title='bbox 2063 2909 2203 2941; x_wconf 57' lang='lat' dir='ltr'>desierunt,</span> 
     </span>
    </p>
   </div>
   <div class='ocr_carea' id='block_1_17' title="bbox 299 2950 1347 3032">
    <p class='ocr_par' dir='ltr' id='par_1_25' title="bbox 299 2950 1347 3032">
     <span class='ocr_line' id='line_1_76' title="bbox 299 2950 1347 2995; baseline -0.014 -8"><span class='ocrx_word' id='word_1_812' title='bbox 299 2959 367 2992; x_wconf 89' lang='lat' dir='ltr'>bre,</span> <span class='ocrx_word' id='word_1_813' title='bbox 392 2957 459 2995; x_wconf 84' lang='lat' dir='ltr'>quod</span> <span class='ocrx_word' id='word_1_814' title='bbox 477 2958 550 2984; x_wconf 84' lang='lat' dir='ltr'>multi</span> <span class='ocrx_word' id='word_1_815' title='bbox 567 2958 712 2987; x_wconf 78' lang='lat' dir='ltr'>nominant,</span> <span class='ocrx_word' id='word_1_816' title='bbox 737 2952 877 2990; x_wconf 65' lang='lat' dir='ltr'>usurpant,</span> <span class='ocrx_word' id='word_1_817' title='bbox 898 2960 910 2977; x_wconf 89' lang='lat' dir='ltr'>o</span> <span class='ocrx_word' id='word_1_818' title='bbox 927 2957 1000 2982; x_wconf 72' lang='lat' dir='ltr'>cunt,</span> <span class='ocrx_word' id='word_1_819' title='bbox 1019 2957 1064 2977; x_wconf 75' lang='lat' dir='ltr'>etc.</span> <span class='ocrx_word' id='word_1_820' title='bbox 1107 2950 1145 2989; x_wconf 76' lang='lat' dir='ltr'>De</span> <span class='ocrx_word' id='word_1_821' title='bbox 1164 2950 1227 2974; x_wconf 87' lang='lat' dir='ltr'>Loco</span> <span class='ocrx_word' id='word_1_822' title='bbox 1236 2950 1347 2987; x_wconf 40' lang='lat' dir='ltr'>primu-m</span> 
     </span>
     <span class='ocr_line' id='line_1_77' title="bbox 302 2983 1347 3032; baseline -0.013 -10"><span class='ocrx_word' id='word_1_823' title='bbox 302 3004 409 3032; x_wconf 74' lang='lat' dir='ltr'>agemus.</span> <span class='ocrx_word' id='word_1_824' title='bbox 480 2993 546 3020; x_wconf 81' lang='lat' dir='ltr'>Plin.</span> <span class='ocrx_word' id='word_1_825' title='bbox 562 2991 641 3027; x_wconf 84' lang='lat' dir='ltr'>Epist.</span> <span class='ocrx_word' id='word_1_826' title='bbox 661 2996 685 3024; x_wconf 87' lang='lat'>8,</span> <span class='ocrx_word' id='word_1_827' title='bbox 699 2992 725 3023; x_wconf 89' lang='lat'>6,</span> <span class='ocrx_word' id='word_1_828' title='bbox 741 2998 771 3023; x_wconf 88' lang='lat'>14</span> <span class='ocrx_word' id='word_1_829' title='bbox 802 2986 924 3015; x_wconf 66' lang='lat' dir='ltr'>Deleeius</span> <span class='ocrx_word' id='word_1_830' title='bbox 948 2985 985 3012; x_wconf 86' lang='lat' dir='ltr'>est</span> <span class='ocrx_word' id='word_1_831' title='bbox 1008 2985 1196 3012; x_wconf 81' lang='lat' dir='ltr'>celeberrimus</span> <span class='ocrx_word' id='word_1_832' title='bbox 1214 2983 1301 3014; x_wconf 85' lang='lat' dir='ltr'>locus,</span> <span class='ocrx_word' id='word_1_833' title='bbox 1318 2992 1347 3009; x_wconf 88' lang='lat' dir='ltr'>m</span> 
     </span>
    </p>
   </div>
   <div class='ocr_carea' id='block_1_18' title="bbox 302 3018 1348 3100">
    <p class='ocr_par' dir='ltr' id='par_1_26' title="bbox 302 3018 1348 3100">
     <span class='ocr_line' id='line_1_78' title="bbox 303 3018 1348 3066; baseline -0.013 -8"><span class='ocrx_word' id='word_1_834' title='bbox 303 3040 358 3066; x_wconf 87' lang='lat' dir='ltr'>quo</span> <span class='ocrx_word' id='word_1_835' title='bbox 372 3028 482 3065; x_wconf 85' lang='lat' dir='ltr'>legenda</span> <span class='ocrx_word' id='word_1_836' title='bbox 491 3027 689 3064; x_wconf 83' lang='lat' dir='ltr'>praesentibus,</span> <span class='ocrx_word' id='word_1_837' title='bbox 709 3024 818 3060; x_wconf 86' lang='lat' dir='ltr'>legenda</span> <span class='ocrx_word' id='word_1_838' title='bbox 830 3022 928 3050; x_wconf 84' lang='lat' dir='ltr'>futuris</span> <span class='ocrx_word' id='word_1_839' title='bbox 945 3020 1128 3056; x_wconf 86' lang='lat' dir='ltr'>proderentur.</span> <span class='ocrx_word' id='word_1_840' title='bbox 1186 3019 1269 3059; x_wconf 77' lang='lat' dir='ltr'>Ouid.</span> <span class='ocrx_word' id='word_1_841' title='bbox 1282 3018 1348 3059; x_wconf 52' lang='lat' dir='ltr'>Fati:</span> 
     </span>
     <span class='ocr_line' id='line_1_79' title="bbox 302 3054 1348 3100; baseline -0.013 -6"><span class='ocrx_word' id='word_1_842' title='bbox 302 3075 382 3100; x_wconf 82' lang='lat'>4,391</span> <span class='ocrx_word' id='word_1_843' title='bbox 402 3064 554 3093; x_wconf 82' lang='lat' dir='ltr'>Circuserit</span> <span class='ocrx_word' id='word_1_844' title='bbox 568 3072 665 3098; x_wconf 87' lang='lat' dir='ltr'>pompa</span> <span class='ocrx_word' id='word_1_845' title='bbox 672 3061 777 3089; x_wconf 86' lang='lat' dir='ltr'>celeber</span> <span class='ocrx_word' id='word_1_846' title='bbox 790 3066 956 3093; x_wconf 85' lang='lat' dir='ltr'>numeroque</span> <span class='ocrx_word' id='word_1_847' title='bbox 973 3056 1092 3083; x_wconf 88' lang='lat' dir='ltr'>deorum.</span> <span class='ocrx_word' id='word_1_848' title='bbox 1164 3055 1225 3090; x_wconf 86' lang='lat' dir='ltr'>le.</span> <span class='ocrx_word' id='word_1_849' title='bbox 1239 3064 1268 3081; x_wconf 84' lang='lat' dir='ltr'>in</span> <span class='ocrx_word' id='word_1_850' title='bbox 1281 3054 1298 3080; x_wconf 94' lang='lat' dir='ltr'>l.</span> <span class='ocrx_word' id='word_1_851' title='bbox 1320 3055 1348 3081; x_wconf 82' lang='lat' dir='ltr'>Si</span> 
     </span>
    </p>
   </div>
   <div class='ocr_carea' id='block_1_19' title="bbox 304 3090 1886 3137">
    <p class='ocr_par' dir='ltr' id='par_1_27' title="bbox 304 3090 1886 3137">
     <span class='ocr_line' id='line_1_80' title="bbox 304 3090 1886 3137; baseline -0.008 -9"><span class='ocrx_word' id='word_1_852' title='bbox 304 3102 333 3128; x_wconf 90' lang='lat' dir='ltr'>in</span> <span class='ocrx_word' id='word_1_853' title='bbox 346 3102 463 3137; x_wconf 84' lang='lat' dir='ltr'>aliquam</span> <span class='ocrx_word' id='word_1_854' title='bbox 476 3101 508 3128; x_wconf 89' lang='lat' dir='ltr'>D.</span> <span class='ocrx_word' id='word_1_855' title='bbox 522 3099 554 3127; x_wconf 88' lang='lat' dir='ltr'>de</span> <span class='ocrx_word' id='word_1_856' title='bbox 567 3097 664 3126; x_wconf 86' lang='lat' dir='ltr'>Officio</span> <span class='ocrx_word' id='word_1_857' title='bbox 679 3097 800 3124; x_wconf 89' lang='lat' dir='ltr'>Procons.</span> <span class='ocrx_word' id='word_1_858' title='bbox 814 3101 839 3122; x_wconf 89' lang='lat' dir='ltr'>et</span> <span class='ocrx_word' id='word_1_859' title='bbox 852 3095 902 3129; x_wconf 80' lang='lat' dir='ltr'>leg.</span> <span class='ocrx_word' id='word_1_860' title='bbox 917 3093 944 3120; x_wconf 89' lang='lat' dir='ltr'>Si</span> <span class='ocrx_word' id='word_1_861' title='bbox 957 3093 985 3119; x_wconf 87' lang='lat' dir='ltr'>in</span> <span class='ocrx_word' id='word_1_862' title='bbox 1001 3092 1118 3127; x_wconf 86' lang='lat' dir='ltr'>aliquam</span> <span class='ocrx_word' id='word_1_863' title='bbox 1132 3091 1263 3118; x_wconf 82' lang='lat' dir='ltr'>celebrem</span> <span class='ocrx_word' id='word_1_864' title='bbox 1283 3090 1348 3116; x_wconf 89' lang='lat' dir='ltr'>ciui·</span> <span class='ocrx_word' id='word_1_865' title='bbox 1361 3094 1395 3121; x_wconf 84' lang='lat'>80</span> <span class='ocrx_word' id='word_1_866' title='bbox 1412 3093 1527 3120; x_wconf 84' lang='lat' dir='ltr'>alicuius</span> <span class='ocrx_word' id='word_1_867' title='bbox 1558 3092 1630 3120; x_wconf 87' lang='lat' dir='ltr'>Idem</span> <span class='ocrx_word' id='word_1_868' title='bbox 1647 3100 1696 3127; x_wconf 90' lang='lat' dir='ltr'>pro</span> <span class='ocrx_word' id='word_1_869' title='bbox 1708 3092 1826 3118; x_wconf 88' lang='lat' dir='ltr'>Muraen.</span> <span class='ocrx_word' id='word_1_870' title='bbox 1841 3097 1886 3124; x_wconf 84' lang='lat'>70.</span> 
     </span>
    </p>
   </div>
   <div class='ocr_carea' id='block_1_20' title="bbox 304 3125 1350 3279">
    <p class='ocr_par' dir='ltr' id='par_1_28' title="bbox 304 3125 1350 3279">
     <span class='ocr_line' id='line_1_81' title="bbox 304 3125 1348 3170; baseline -0.013 -5"><span class='ocrx_word' id='word_1_871' title='bbox 304 3143 400 3170; x_wconf 84' lang='lat' dir='ltr'>tatem,</span> <span class='ocrx_word' id='word_1_872' title='bbox 426 3137 470 3164; x_wconf 88' lang='lat' dir='ltr'>vel</span> <span class='ocrx_word' id='word_1_873' title='bbox 489 3135 647 3170; x_wconf 79' lang='lat' dir='ltr'>Prouinciae</span> <span class='ocrx_word' id='word_1_874' title='bbox 665 3139 742 3168; x_wconf 88' lang='lat' dir='ltr'>caput</span> <span class='ocrx_word' id='word_1_875' title='bbox 759 3131 911 3162; x_wconf 83' lang='lat' dir='ltr'>aduenerit,</span> <span class='ocrx_word' id='word_1_876' title='bbox 943 3128 998 3164; x_wconf 88' lang='lat' dir='ltr'>pati</span> <span class='ocrx_word' id='word_1_877' title='bbox 1016 3127 1093 3155; x_wconf 88' lang='lat' dir='ltr'>debet</span> <span class='ocrx_word' id='word_1_878' title='bbox 1105 3125 1285 3167; x_wconf 77' lang='lat' dir='ltr'>commendari</span> <span class='ocrx_word' id='word_1_879' title='bbox 1298 3125 1348 3152; x_wconf 85' lang='lat' dir='ltr'>fibi</span> 
     </span>
     <span class='ocr_line' id='line_1_82' title="bbox 306 3162 1349 3206; baseline -0.012 -6"><span class='ocrx_word' id='word_1_880' title='bbox 306 3173 458 3206; x_wconf 81' lang='lat' dir='ltr'>ciuitatem,</span> <span class='ocrx_word' id='word_1_881' title='bbox 478 3171 620 3206; x_wconf 82' lang='lat' dir='ltr'>laudesque</span> <span class='ocrx_word' id='word_1_882' title='bbox 634 3171 690 3197; x_wconf 83' lang='lat' dir='ltr'>suas</span> <span class='ocrx_word' id='word_1_883' title='bbox 702 3178 756 3195; x_wconf 91' lang='lat' dir='ltr'>non</span> <span class='ocrx_word' id='word_1_884' title='bbox 769 3172 876 3204; x_wconf 86' lang='lat' dir='ltr'>grauate</span> <span class='ocrx_word' id='word_1_885' title='bbox 889 3165 999 3198; x_wconf 87' lang='lat' dir='ltr'>audire,</span> <span class='ocrx_word' id='word_1_886' title='bbox 1019 3173 1102 3199; x_wconf 91' lang='lat' dir='ltr'>quum</span> <span class='ocrx_word' id='word_1_887' title='bbox 1116 3162 1215 3189; x_wconf 84' lang='lat' dir='ltr'>honori</span> <span class='ocrx_word' id='word_1_888' title='bbox 1229 3162 1276 3188; x_wconf 92' lang='lat' dir='ltr'>suo</span> <span class='ocrx_word' id='word_1_889' title='bbox 1289 3171 1349 3196; x_wconf 86' lang='lat' dir='ltr'>pro-</span> 
     </span>
     <span class='ocr_line' id='line_1_83' title="bbox 304 3198 1350 3235; baseline -0.012 1"><span class='ocrx_word' id='word_1_890' title='bbox 304 3209 431 3235; x_wconf 84' lang='lat' dir='ltr'>vinciales</span> <span class='ocrx_word' id='word_1_891' title='bbox 452 3208 479 3235; x_wconf 87' lang='lat' dir='ltr'>id</span> <span class='ocrx_word' id='word_1_892' title='bbox 498 3207 645 3235; x_wconf 80' lang='lat' dir='ltr'>vindicent.</span> <span class='ocrx_word' id='word_1_893' title='bbox 717 3205 774 3232; x_wconf 87' lang='lat' dir='ltr'>Cic.</span> <span class='ocrx_word' id='word_1_894' title='bbox 788 3205 817 3230; x_wconf 92' lang='lat' dir='ltr'>in</span> <span class='ocrx_word' id='word_1_895' title='bbox 828 3203 913 3230; x_wconf 84' lang='lat' dir='ltr'>Pison.</span> <span class='ocrx_word' id='word_1_896' title='bbox 931 3209 964 3234; x_wconf 80' lang='lat'>34</span> <span class='ocrx_word' id='word_1_897' title='bbox 977 3209 998 3227; x_wconf 90' lang='lat' dir='ltr'>c.</span> <span class='ocrx_word' id='word_1_898' title='bbox 1013 3208 1037 3233; x_wconf 84' lang='lat'>15</span> <span class='ocrx_word' id='word_1_899' title='bbox 1065 3200 1237 3226; x_wconf 81' lang='lat' dir='ltr'>caeterorum</span> <span class='ocrx_word' id='word_1_900' title='bbox 1252 3198 1350 3233; x_wconf 86' lang='lat' dir='ltr'>princi-</span> 
     </span>
     <span class='ocr_line' id='line_1_84' title="bbox 305 3234 1348 3279; baseline -0.012 -8"><span class='ocrx_word' id='word_1_901' title='bbox 305 3252 369 3279; x_wconf 84' lang='lat' dir='ltr'>pum</span> <span class='ocrx_word' id='word_1_902' title='bbox 384 3243 572 3270; x_wconf 79' lang='lat' dir='ltr'>celeberrimae</span> <span class='ocrx_word' id='word_1_903' title='bbox 585 3249 664 3277; x_wconf 84' lang='lat' dir='ltr'>atque</span> <span class='ocrx_word' id='word_1_904' title='bbox 679 3240 833 3277; x_wconf 78' lang='lat' dir='ltr'>gratiffimae</span> <span class='ocrx_word' id='word_1_905' title='bbox 844 3237 986 3265; x_wconf 85' lang='lat' dir='ltr'>conciones</span> <span class='ocrx_word' id='word_1_906' title='bbox 1003 3236 1120 3262; x_wconf 84' lang='lat' dir='ltr'>fuerunt.</span> <span class='ocrx_word' id='word_1_907' title='bbox 1179 3234 1252 3260; x_wconf 79' lang='lat' dir='ltr'>Idem</span> <span class='ocrx_word' id='word_1_908' title='bbox 1272 3235 1348 3260; x_wconf 88' lang='lat' dir='ltr'>Verr.</span> 
     </span>
    </p>
   </div>
   <div class='ocr_carea' id='block_1_21' title="bbox 306 3266 2352 3314">
    <p class='ocr_par' dir='ltr' id='par_1_29' title="bbox 306 3266 2352 3314">
     <span class='ocr_line' id='line_1_85' title="bbox 306 3266 2352 3314; baseline -0.009 -7"><span class='ocrx_word' id='word_1_909' title='bbox 306 3289 335 3314; x_wconf 78' lang='lat'>4,</span> <span class='ocrx_word' id='word_1_910' title='bbox 350 3287 396 3314; x_wconf 87' lang='lat'>107</span> <span class='ocrx_word' id='word_1_911' title='bbox 414 3279 466 3306; x_wconf 90' lang='lat' dir='ltr'>Vbi</span> <span class='ocrx_word' id='word_1_912' title='bbox 485 3287 568 3314; x_wconf 87' lang='lat' dir='ltr'>vsque</span> <span class='ocrx_word' id='word_1_913' title='bbox 586 3278 619 3305; x_wconf 88' lang='lat' dir='ltr'>ad</span> <span class='ocrx_word' id='word_1_914' title='bbox 638 3277 689 3305; x_wconf 89' lang='lat' dir='ltr'>hoc</span> <span class='ocrx_word' id='word_1_915' title='bbox 703 3283 805 3312; x_wconf 85' lang='lat' dir='ltr'>tempus</span> <span class='ocrx_word' id='word_1_916' title='bbox 824 3273 976 3308; x_wconf 82' lang='lat' dir='ltr'>Syracusani</span> <span class='ocrx_word' id='word_1_917' title='bbox 996 3271 1073 3298; x_wconf 85' lang='lat' dir='ltr'>festos</span> <span class='ocrx_word' id='word_1_918' title='bbox 1088 3270 1143 3297; x_wconf 89' lang='lat' dir='ltr'>dies</span> <span class='ocrx_word' id='word_1_919' title='bbox 1157 3270 1350 3296; x_wconf 77' lang='lat' dir='ltr'>anniuersarias</span> <span class='ocrx_word' id='word_1_920' title='bbox 1366 3266 1526 3304; x_wconf 74' lang='lat' dir='ltr'>85&#39;1uuenes</span> <span class='ocrx_word' id='word_1_921' title='bbox 1545 3271 1660 3299; x_wconf 64' lang='lat' dir='ltr'>celebret</span> <span class='ocrx_word' id='word_1_922' title='bbox 1679 3270 1765 3297; x_wconf 58' lang='lat' dir='ltr'>mulso</span> <span class='ocrx_word' id='word_1_923' title='bbox 1785 3269 1919 3301; x_wconf 79' lang='lat' dir='ltr'>sermone,</span> <span class='ocrx_word' id='word_1_924' title='bbox 1949 3273 2044 3295; x_wconf 69' lang='lat' dir='ltr'>caueto</span> <span class='ocrx_word' id='word_1_925' title='bbox 2065 3267 2174 3295; x_wconf 77' lang='lat' dir='ltr'>Tibull,</span> <span class='ocrx_word' id='word_1_926' title='bbox 2196 3276 2215 3299; x_wconf 89' lang='lat'>1,</span> <span class='ocrx_word' id='word_1_927' title='bbox 2229 3275 2257 3303; x_wconf 72' lang='lat'>7,</span> <span class='ocrx_word' id='word_1_928' title='bbox 2275 3267 2335 3302; x_wconf 46' lang='lat'>172*</span> <span class='ocrx_word' id='word_1_929' title='bbox 2350 3276 2352 3279; x_wconf 92' lang='lat'>·</span> 
     </span>
    </p>
   </div>
   <div class='ocr_carea' id='block_1_22' title="bbox 299 3306 1352 3634">
    <p class='ocr_par' dir='ltr' id='par_1_30' title="bbox 299 3306 1352 3634">
     <span class='ocr_line' id='line_1_86' title="bbox 307 3306 1350 3350; baseline -0.011 -8"><span class='ocrx_word' id='word_1_930' title='bbox 307 3321 403 3350; x_wconf 81' lang='lat' dir='ltr'>agunt,</span> <span class='ocrx_word' id='word_1_931' title='bbox 429 3314 606 3342; x_wconf 83' lang='lat' dir='ltr'>celeberrimo</span> <span class='ocrx_word' id='word_1_932' title='bbox 626 3315 749 3341; x_wconf 84' lang='lat' dir='ltr'>virorum</span> <span class='ocrx_word' id='word_1_933' title='bbox 767 3310 965 3344; x_wconf 85' lang='lat' dir='ltr'>mulierumque</span> <span class='ocrx_word' id='word_1_934' title='bbox 984 3312 1125 3335; x_wconf 86' lang='lat' dir='ltr'>conuentu.</span> <span class='ocrx_word' id='word_1_935' title='bbox 1151 3306 1175 3332; x_wconf 82' lang='lat' dir='ltr'>h.</span> <span class='ocrx_word' id='word_1_936' title='bbox 1195 3315 1214 3332; x_wconf 88' lang='lat' dir='ltr'>e.</span> <span class='ocrx_word' id='word_1_937' title='bbox 1233 3307 1350 3332; x_wconf 68' lang='lat' dir='ltr'>lliaxima</span> 
     </span>
     <span class='ocr_line' id='line_1_87' title="bbox 299 3340 1349 3389; baseline -0.01 -11"><span class='ocrx_word' id='word_1_938' title='bbox 299 3351 449 3389; x_wconf 64' lang='lat' dir='ltr'>frequentur</span> <span class='ocrx_word' id='word_1_939' title='bbox 456 3351 554 3385; x_wconf 76' lang='lat' dir='ltr'>populi.</span> <span class='ocrx_word' id='word_1_940' title='bbox 609 3350 709 3376; x_wconf 86' lang='lat' dir='ltr'>Forum</span> <span class='ocrx_word' id='word_1_941' title='bbox 724 3347 764 3376; x_wconf 75' lang='lat' dir='ltr'>ld.</span> <span class='ocrx_word' id='word_1_942' title='bbox 777 3349 855 3375; x_wconf 87' lang='lat' dir='ltr'>Verr.</span> <span class='ocrx_word' id='word_1_943' title='bbox 870 3354 894 3379; x_wconf 83' lang='lat'>3,</span> <span class='ocrx_word' id='word_1_944' title='bbox 909 3353 955 3377; x_wconf 80' lang='lat'>133.</span> <span class='ocrx_word' id='word_1_945' title='bbox 1019 3343 1083 3371; x_wconf 87' lang='lat' dir='ltr'>Fori</span> <span class='ocrx_word' id='word_1_946' title='bbox 1095 3340 1282 3384; x_wconf 72' lang='lat' dir='ltr'>celeberrimo,</span> <span class='ocrx_word' id='word_1_947' title='bbox 1300 3344 1349 3368; x_wconf 81' lang='lat' dir='ltr'>int.</span> 
     </span>
     <span class='ocr_line' id='line_1_88' title="bbox 305 3376 1352 3420; baseline -0.009 -7"><span class='ocrx_word' id='word_1_948' title='bbox 305 3389 357 3414; x_wconf 76' lang='lat' dir='ltr'>Ioco</span> <span class='ocrx_word' id='word_1_949' title='bbox 371 3393 395 3414; x_wconf 77' lang='lat' dir='ltr'>et</span> <span class='ocrx_word' id='word_1_950' title='bbox 407 3392 515 3420; x_wconf 78' lang='lat' dir='ltr'>tempore</span> <span class='ocrx_word' id='word_1_951' title='bbox 543 3385 636 3412; x_wconf 89' lang='lat' dir='ltr'>Tacit.</span> <span class='ocrx_word' id='word_1_952' title='bbox 649 3386 716 3412; x_wconf 82' lang='lat' dir='ltr'>Ann.</span> <span class='ocrx_word' id='word_1_953' title='bbox 730 3393 759 3418; x_wconf 78' lang='lat'>4,</span> <span class='ocrx_word' id='word_1_954' title='bbox 773 3386 818 3418; x_wconf 88' lang='lat'>67.</span> <span class='ocrx_word' id='word_1_955' title='bbox 888 3380 957 3408; x_wconf 88' lang='lat' dir='ltr'>Tib.</span> <span class='ocrx_word' id='word_1_956' title='bbox 971 3389 994 3413; x_wconf 82' lang='lat'>3,</span> <span class='ocrx_word' id='word_1_957' title='bbox 1015 3388 1036 3411; x_wconf 87' lang='lat'>2,</span> <span class='ocrx_word' id='word_1_958' title='bbox 1050 3387 1081 3414; x_wconf 82' lang='lat'>27</span> <span class='ocrx_word' id='word_1_959' title='bbox 1107 3376 1156 3405; x_wconf 70' lang='lat' dir='ltr'>bed</span> <span class='ocrx_word' id='word_1_960' title='bbox 1167 3377 1266 3403; x_wconf 81' lang='lat' dir='ltr'>tristem</span> <span class='ocrx_word' id='word_1_961' title='bbox 1281 3386 1352 3404; x_wconf 86' lang='lat' dir='ltr'>mor-</span> 
     </span>
     <span class='ocr_line' id='line_1_89' title="bbox 306 3413 1351 3455; baseline -0.01 -5"><span class='ocrx_word' id='word_1_962' title='bbox 306 3423 342 3451; x_wconf 76' lang='lat' dir='ltr'>tis</span> <span class='ocrx_word' id='word_1_963' title='bbox 355 3420 515 3455; x_wconf 73' lang='lat' dir='ltr'>demonstret</span> <span class='ocrx_word' id='word_1_964' title='bbox 529 3420 605 3448; x_wconf 84' lang='lat' dir='ltr'>litera</span> <span class='ocrx_word' id='word_1_965' title='bbox 613 3421 730 3453; x_wconf 78' lang='lat' dir='ltr'>causam,</span> <span class='ocrx_word' id='word_1_966' title='bbox 751 3420 839 3454; x_wconf 77' lang='lat' dir='ltr'>Atque</span> <span class='ocrx_word' id='word_1_967' title='bbox 846 3417 909 3445; x_wconf 90' lang='lat' dir='ltr'>haec</span> <span class='ocrx_word' id='word_1_968' title='bbox 921 3417 949 3444; x_wconf 88' lang='lat' dir='ltr'>in</span> <span class='ocrx_word' id='word_1_969' title='bbox 957 3415 1056 3443; x_wconf 84' lang='lat' dir='ltr'>celebri</span> <span class='ocrx_word' id='word_1_970' title='bbox 1070 3413 1186 3442; x_wconf 89' lang='lat' dir='ltr'>carmina</span> <span class='ocrx_word' id='word_1_971' title='bbox 1194 3413 1290 3439; x_wconf 86' lang='lat' dir='ltr'>Fronte</span> <span class='ocrx_word' id='word_1_972' title='bbox 1304 3422 1351 3440; x_wconf 91' lang='lat' dir='ltr'>no-</span> 
     </span>
     <span class='ocr_line' id='line_1_90' title="bbox 306 3450 1210 3493; baseline -0.01 -9"><span class='ocrx_word' id='word_1_973' title='bbox 306 3464 357 3489; x_wconf 82' lang='lat' dir='ltr'>tet,</span> <span class='ocrx_word' id='word_1_974' title='bbox 389 3460 408 3484; x_wconf 79' lang='lat' dir='ltr'>i.</span> <span class='ocrx_word' id='word_1_975' title='bbox 430 3459 458 3484; x_wconf 82' lang='lat' dir='ltr'>in</span> <span class='ocrx_word' id='word_1_976' title='bbox 476 3465 503 3483; x_wconf 81' lang='lat' dir='ltr'>ea</span> <span class='ocrx_word' id='word_1_977' title='bbox 518 3462 594 3492; x_wconf 77' lang='lat' dir='ltr'>parte</span> <span class='ocrx_word' id='word_1_978' title='bbox 605 3456 730 3492; x_wconf 65' lang='lat' dir='ltr'>fipulcri‚</span> <span class='ocrx_word' id='word_1_979' title='bbox 746 3465 808 3493; x_wconf 79' lang='lat' dir='ltr'>quae</span> <span class='ocrx_word' id='word_1_980' title='bbox 820 3457 887 3481; x_wconf 77' lang='lat' dir='ltr'>vlam</span> <span class='ocrx_word' id='word_1_981' title='bbox 895 3450 1004 3489; x_wconf 64' lang='lat' dir='ltr'>speciae.</span> <span class='ocrx_word' id='word_1_982' title='bbox 1205 3483 1210 3489; x_wconf 46' lang='lat'><em>·</em></span> 
     </span>
     <span class='ocr_line' id='line_1_91' title="bbox 306 3483 1350 3522; baseline -0.011 -1"><span class='ocrx_word' id='word_1_983' title='bbox 306 3492 490 3522; x_wconf 78' lang='lat' dir='ltr'>Celeberrima</span> <span class='ocrx_word' id='word_1_984' title='bbox 503 3491 622 3518; x_wconf 71' lang='lat' dir='ltr'>fontibus</span> <span class='ocrx_word' id='word_1_985' title='bbox 638 3491 692 3518; x_wconf 86' lang='lat' dir='ltr'>lde.</span> <span class='ocrx_word' id='word_1_986' title='bbox 762 3489 958 3519; x_wconf 80' lang='lat' dir='ltr'>Celeberrimus</span> <span class='ocrx_word' id='word_1_987' title='bbox 977 3487 1039 3517; x_wconf 85' lang='lat' dir='ltr'>ilice</span> <span class='ocrx_word' id='word_1_988' title='bbox 1057 3486 1142 3513; x_wconf 89' lang='lat' dir='ltr'>Lucus</span> <span class='ocrx_word' id='word_1_989' title='bbox 1158 3483 1239 3511; x_wconf 80' lang='lat' dir='ltr'>Ouid.</span> <span class='ocrx_word' id='word_1_990' title='bbox 1254 3485 1312 3511; x_wconf 82' lang='lat' dir='ltr'>Am.</span> <span class='ocrx_word' id='word_1_991' title='bbox 1327 3493 1350 3517; x_wconf 83' lang='lat'>3,</span> 
     </span>
     <span class='ocr_line' id='line_1_92' title="bbox 308 3521 1351 3563; baseline -0.01 -6"><span class='ocrx_word' id='word_1_992' title='bbox 308 3538 332 3563; x_wconf 83' lang='lat'>5,</span> <span class='ocrx_word' id='word_1_993' title='bbox 348 3538 369 3562; x_wconf 83' lang='lat'>3.</span> <span class='ocrx_word' id='word_1_994' title='bbox 416 3527 486 3556; x_wconf 76' lang='lat' dir='ltr'>L&#39;udi</span> <span class='ocrx_word' id='word_1_995' title='bbox 501 3526 617 3554; x_wconf 85' lang='lat' dir='ltr'>celebres</span> <span class='ocrx_word' id='word_1_996' title='bbox 640 3526 722 3554; x_wconf 87' lang='lat' dir='ltr'>Ouid.</span> <span class='ocrx_word' id='word_1_997' title='bbox 737 3526 770 3553; x_wconf 92' lang='lat' dir='ltr'>de</span> <span class='ocrx_word' id='word_1_998' title='bbox 783 3527 846 3553; x_wconf 88' lang='lat' dir='ltr'>Arte</span> <span class='ocrx_word' id='word_1_999' title='bbox 858 3526 917 3553; x_wconf 80' lang='lat' dir='ltr'>Am.</span> <span class='ocrx_word' id='word_1_1000' title='bbox 931 3531 953 3557; x_wconf 83' lang='lat'>1,</span> <span class='ocrx_word' id='word_1_1001' title='bbox 965 3531 1009 3558; x_wconf 86' lang='lat'>97.</span> <span class='ocrx_word' id='word_1_1002' title='bbox 1065 3521 1262 3560; x_wconf 77' lang='lat' dir='ltr'>Moniinentiini</span> <span class='ocrx_word' id='word_1_1003' title='bbox 1277 3521 1351 3547; x_wconf 76' lang='lat' dir='ltr'>illius</span> 
     </span>
     <span class='ocr_line' id='line_1_93' title="bbox 310 3555 1350 3596; baseline -0.011 -4"><span class='ocrx_word' id='word_1_1004' title='bbox 310 3564 514 3592; x_wconf 84' lang='lat' dir='ltr'>celeberrimum</span> <span class='ocrx_word' id='word_1_1005' title='bbox 531 3563 560 3589; x_wconf 90' lang='lat' dir='ltr'>in</span> <span class='ocrx_word' id='word_1_1006' title='bbox 577 3562 639 3588; x_wconf 86' lang='lat' dir='ltr'>foro</span> <span class='ocrx_word' id='word_1_1007' title='bbox 660 3562 717 3589; x_wconf 90' lang='lat' dir='ltr'>Cic.</span> <span class='ocrx_word' id='word_1_1008' title='bbox 737 3571 786 3596; x_wconf 87' lang='lat' dir='ltr'>pro</span> <span class='ocrx_word' id='word_1_1009' title='bbox 802 3561 892 3589; x_wconf 84' lang='lat' dir='ltr'>Sextio</span> <span class='ocrx_word' id='word_1_1010' title='bbox 914 3568 971 3594; x_wconf 72' lang='lat'>140.</span> <span class='ocrx_word' id='word_1_1011' title='bbox 1049 3557 1132 3586; x_wconf 84' lang='lat' dir='ltr'>Partis</span> <span class='ocrx_word' id='word_1_1012' title='bbox 1148 3555 1223 3584; x_wconf 83' lang='lat' dir='ltr'>vrbis</span> <span class='ocrx_word' id='word_1_1013' title='bbox 1237 3555 1350 3582; x_wconf 87' lang='lat' dir='ltr'>celeber-</span> 
     </span>
     <span class='ocr_line' id='line_1_94' title="bbox 310 3592 1349 3634; baseline -0.01 -7"><span class='ocrx_word' id='word_1_1014' title='bbox 310 3601 394 3628; x_wconf 82' lang='lat' dir='ltr'>rimae</span> <span class='ocrx_word' id='word_1_1015' title='bbox 414 3599 487 3627; x_wconf 84' lang='lat' dir='ltr'>Idem</span> <span class='ocrx_word' id='word_1_1016' title='bbox 501 3607 550 3634; x_wconf 88' lang='lat' dir='ltr'>pro</span> <span class='ocrx_word' id='word_1_1017' title='bbox 562 3598 651 3625; x_wconf 85' lang='lat' dir='ltr'>Domo</span> <span class='ocrx_word' id='word_1_1018' title='bbox 666 3599 721 3631; x_wconf 87' lang='lat'>146.</span> <span class='ocrx_word' id='word_1_1019' title='bbox 792 3597 831 3624; x_wconf 88' lang='lat' dir='ltr'>Id.</span> <span class='ocrx_word' id='word_1_1020' title='bbox 847 3605 896 3632; x_wconf 88' lang='lat' dir='ltr'>pro</span> <span class='ocrx_word' id='word_1_1021' title='bbox 903 3597 973 3630; x_wconf 77' lang='lat' dir='ltr'>Lege</span> <span class='ocrx_word' id='word_1_1022' title='bbox 985 3593 1078 3622; x_wconf 92' lang='lat' dir='ltr'>Manil.</span> <span class='ocrx_word' id='word_1_1023' title='bbox 1092 3601 1118 3626; x_wconf 83' lang='lat'>33</span> <span class='ocrx_word' id='word_1_1024' title='bbox 1132 3601 1154 3619; x_wconf 89' lang='lat' dir='ltr'>c.</span> <span class='ocrx_word' id='word_1_1025' title='bbox 1167 3599 1197 3618; x_wconf 84' lang='lat'>12</span> <span class='ocrx_word' id='word_1_1026' title='bbox 1229 3592 1271 3618; x_wconf 83' lang='lat' dir='ltr'>An</span> <span class='ocrx_word' id='word_1_1027' title='bbox 1284 3600 1349 3618; x_wconf 86' lang='lat' dir='ltr'>vero</span> 
     </span>
    </p>
   </div>
   <div class='ocr_carea' id='block_1_23' title="bbox 1037 407 1876 485">
    <p class='ocr_par' dir='ltr' id='par_1_31' title="bbox 1037 407 1876 485">
     <span class='ocr_line' id='line_1_95' title="bbox 1037 407 1876 451; baseline -0.001 -8"><span class='ocrx_word' id='word_1_1028' title='bbox 1037 419 1092 444; x_wconf 78' lang='lat' dir='ltr'>Hac</span> <span class='ocrx_word' id='word_1_1029' title='bbox 1105 423 1184 443; x_wconf 76' lang='lat' dir='ltr'>autem</span> <span class='ocrx_word' id='word_1_1030' title='bbox 1204 413 1329 450; x_wconf 65' lang='lat' dir='ltr'>peruntfih</span> <span class='ocrx_word' id='word_1_1031' title='bbox 1339 407 1385 451; x_wconf 61' lang='grc' dir='ltr'>’ς’</span> <span class='ocrx_word' id='word_1_1032' title='bbox 1395 413 1568 439; x_wconf 80' lang='lat' dir='ltr'>celeberrima</span> <span class='ocrx_word' id='word_1_1033' title='bbox 1585 414 1641 439; x_wconf 87' lang='lat' dir='ltr'>Cic.</span> <span class='ocrx_word' id='word_1_1034' title='bbox 1656 413 1769 449; x_wconf 83' lang='lat' dir='ltr'>Philipp.</span> <span class='ocrx_word' id='word_1_1035' title='bbox 1785 424 1824 449; x_wconf 84' lang='lat'>14,</span> <span class='ocrx_word' id='word_1_1036' title='bbox 1839 418 1876 442; x_wconf 83' lang='lat'>16.</span> 
     </span>
     <span class='ocr_line' id='line_1_96' title="bbox 1388 447 1768 485; baseline 0.005 -11"><span class='ocrx_word' id='word_1_1037' title='bbox 1388 447 1474 485; x_wconf 76' lang='lat' dir='ltr'>festus</span> <span class='ocrx_word' id='word_1_1038' title='bbox 1498 448 1580 475; x_wconf 90' lang='lat' dir='ltr'>Ouid.</span> <span class='ocrx_word' id='word_1_1039' title='bbox 1595 448 1660 475; x_wconf 87' lang='lat' dir='ltr'>Fast.</span> <span class='ocrx_word' id='word_1_1040' title='bbox 1674 457 1703 481; x_wconf 85' lang='lat'>3,</span> <span class='ocrx_word' id='word_1_1041' title='bbox 1715 457 1768 483; x_wconf 83' lang='lat'>713·</span> 
     </span>
    </p>
   </div>
   <div class='ocr_carea' id='block_1_24' title="bbox 759 770 2395 810">
    <p class='ocr_par' dir='ltr' id='par_1_32' title="bbox 759 770 2395 810">
     <span class='ocr_line' id='line_1_97' title="bbox 759 770 2395 810; baseline -0.002 -6"><span class='ocrx_word' id='word_1_1042' title='bbox 759 779 824 805; x_wconf 87' lang='lat' dir='ltr'>Plin.</span> <span class='ocrx_word' id='word_1_1043' title='bbox 840 779 877 810; x_wconf 88' lang='lat'>16,</span> <span class='ocrx_word' id='word_1_1044' title='bbox 891 785 913 803; x_wconf 90' lang='lat'>11</span> <span class='ocrx_word' id='word_1_1045' title='bbox 929 777 947 802; x_wconf 83' lang='lat' dir='ltr'>s.</span> <span class='ocrx_word' id='word_1_1046' title='bbox 962 784 988 802; x_wconf 88' lang='lat'>21</span> <span class='ocrx_word' id='word_1_1047' title='bbox 1007 776 1052 802; x_wconf 87' lang='lat' dir='ltr'>Pix</span> <span class='ocrx_word' id='word_1_1048' title='bbox 1070 774 1171 809; x_wconf 85' lang='lat' dir='ltr'>liquida</span> <span class='ocrx_word' id='word_1_1049' title='bbox 1187 773 1215 798; x_wconf 89' lang='lat' dir='ltr'>in</span> <span class='ocrx_word' id='word_1_1050' title='bbox 1229 773 1332 804; x_wconf 82' lang='lat' dir='ltr'>Europa</span> <span class='ocrx_word' id='word_1_1051' title='bbox 1352 779 1377 805; x_wconf 77' lang='grc' dir='ltr'>ις</span> <span class='ocrx_word' id='word_1_1052' title='bbox 1397 779 1471 803; x_wconf 89' lang='lat' dir='ltr'>mus,</span> <span class='ocrx_word' id='word_1_1053' title='bbox 1487 770 1602 798; x_wconf 90' lang='lat' dir='ltr'>solidum</span> <span class='ocrx_word' id='word_1_1054' title='bbox 1615 770 1726 797; x_wconf 82' lang='lat' dir='ltr'>reddere</span> <span class='ocrx_word' id='word_1_1055' title='bbox 1739 780 1792 802; x_wconf 90' lang='lat' dir='ltr'>non</span> <span class='ocrx_word' id='word_1_1056' title='bbox 1806 771 1893 806; x_wconf 85' lang='lat' dir='ltr'>pollit:</span> <span class='ocrx_word' id='word_1_1057' title='bbox 1914 772 1983 799; x_wconf 86' lang='lat' dir='ltr'>nihil</span> <span class='ocrx_word' id='word_1_1058' title='bbox 1997 781 2030 799; x_wconf 89' lang='lat' dir='ltr'>eo</span> <span class='ocrx_word' id='word_1_1059' title='bbox 2041 774 2151 800; x_wconf 87' lang='lat' dir='ltr'>nornine</span> <span class='ocrx_word' id='word_1_1060' title='bbox 2170 777 2245 799; x_wconf 91' lang='lat' dir='ltr'>tutor</span> <span class='ocrx_word' id='word_1_1061' title='bbox 2256 773 2380 807; x_wconf 86' lang='lat' dir='ltr'>praestare</span> <span class='ocrx_word' id='word_1_1062' title='bbox 2390 779 2395 785; x_wconf 85' lang='grc'><strong>”</strong></span> 
     </span>
    </p>
   </div>
   <div class='ocr_carea' id='block_1_25' title="bbox 761 950 1654 985">
    <p class='ocr_par' dir='ltr' id='par_1_33' title="bbox 761 950 1654 985">
     <span class='ocr_line' id='line_1_98' title="bbox 761 950 1654 985; baseline -0.009 -1"><span class='ocrx_word' id='word_1_1063' title='bbox 761 959 868 984; x_wconf 88' lang='lat' dir='ltr'>Vitruu.</span> <span class='ocrx_word' id='word_1_1064' title='bbox 887 963 911 985; x_wconf 85' lang='lat'>2,</span> <span class='ocrx_word' id='word_1_1065' title='bbox 931 962 948 985; x_wconf 89' lang='lat'><em>9</em></span> <span class='ocrx_word' id='word_1_1066' title='bbox 979 954 1014 978; x_wconf 75' lang='lat' dir='ltr'>Ex</span> <span class='ocrx_word' id='word_1_1067' title='bbox 1034 951 1121 978; x_wconf 80' lang='lat' dir='ltr'>Cedro</span> <span class='ocrx_word' id='word_1_1068' title='bbox 1133 951 1239 983; x_wconf 89' lang='lat' dir='ltr'>oleum,</span> <span class='ocrx_word' id='word_1_1069' title='bbox 1259 950 1331 985; x_wconf 92' lang='lat' dir='ltr'>quod</span> <span class='ocrx_word' id='word_1_1070' title='bbox 1347 961 1383 980; x_wconf 86' lang='lat'>20</span> <span class='ocrx_word' id='word_1_1071' title='bbox 1397 955 1481 976; x_wconf 89' lang='lat' dir='ltr'>aetate</span> <span class='ocrx_word' id='word_1_1072' title='bbox 1501 950 1566 976; x_wconf 91' lang='lat' dir='ltr'>Plin.</span> <span class='ocrx_word' id='word_1_1073' title='bbox 1582 959 1617 983; x_wconf 81' lang='lat'>13,</span> <span class='ocrx_word' id='word_1_1074' title='bbox 1634 959 1654 977; x_wconf 91' lang='lat'>1.</span> 
     </span>
    </p>
   </div>
   <div class='ocr_carea' id='block_1_26' title="bbox 1387 1057 2145 1097">
    <p class='ocr_par' dir='ltr' id='par_1_34' title="bbox 1387 1057 2145 1097">
     <span class='ocr_line' id='line_1_99' title="bbox 1387 1057 2145 1097; baseline 0.001 -13"><span class='ocrx_word' id='word_1_1075' title='bbox 1387 1057 1467 1095; x_wconf 74' lang='lat' dir='ltr'>suiffi³</span> <span class='ocrx_word' id='word_1_1076' title='bbox 1482 1060 1583 1087; x_wconf 61' lang='lat' dir='ltr'>Nonum</span> <span class='ocrx_word' id='word_1_1077' title='bbox 1596 1057 1712 1097; x_wconf 45' lang='lat' dir='ltr'>„Volmſjk</span> <span class='ocrx_word' id='word_1_1078' title='bbox 1727 1057 1829 1092; x_wconf 71' lang='lat' dir='ltr'>debuiffi·</span> <span class='ocrx_word' id='word_1_1079' title='bbox 1841 1066 1906 1085; x_wconf 74' lang='lat' dir='ltr'>certe</span> <span class='ocrx_word' id='word_1_1080' title='bbox 1918 1060 2023 1086; x_wconf 83' lang='lat' dir='ltr'>Accium</span> <span class='ocrx_word' id='word_1_1081' title='bbox 2032 1078 2041 1091; x_wconf 91' lang='lat'>,</span> <span class='ocrx_word' id='word_1_1082' title='bbox 2055 1060 2145 1085; x_wconf 86' lang='lat' dir='ltr'>celeri.</span> 
     </span>
    </p>
   </div>
   <div class='ocr_carea' id='block_1_27' title="bbox 1229 1308 1550 1344">
    <p class='ocr_par' dir='ltr' id='par_1_35' title="bbox 1229 1308 1550 1344">
     <span class='ocr_line' id='line_1_100' title="bbox 1229 1308 1550 1344; baseline -0.003 -9"><span class='ocrx_word' id='word_1_1083' title='bbox 1229 1309 1265 1335; x_wconf 84' lang='lat' dir='ltr'>Ex</span> <span class='ocrx_word' id='word_1_1084' title='bbox 1287 1308 1335 1335; x_wconf 89' lang='lat' dir='ltr'>hac</span> <span class='ocrx_word' id='word_1_1085' title='bbox 1349 1317 1382 1342; x_wconf 84' lang='lat'>30</span> <span class='ocrx_word' id='word_1_1086' title='bbox 1401 1308 1460 1344; x_wconf 90' lang='lat' dir='ltr'>Obs.</span> <span class='ocrx_word' id='word_1_1087' title='bbox 1474 1316 1498 1340; x_wconf 83' lang='lat'>3,</span> <span class='ocrx_word' id='word_1_1088' title='bbox 1514 1310 1550 1335; x_wconf 82' lang='lat'>16.</span> 
     </span>
    </p>
   </div>
   <div class='ocr_carea' id='block_1_28' title="bbox 562 1488 2433 1524">
    <p class='ocr_par' dir='ltr' id='par_1_36' title="bbox 562 1488 2433 1524">
     <span class='ocr_line' id='line_1_101' title="bbox 562 1488 2433 1524; baseline -0.004 -3"><span class='ocrx_word' id='word_1_1089' title='bbox 562 1493 733 1521; x_wconf 78' lang='lat' dir='ltr'>craffitudinis</span> <span class='ocrx_word' id='word_1_1090' title='bbox 750 1501 817 1519; x_wconf 81' lang='lat' dir='ltr'>vero</span> <span class='ocrx_word' id='word_1_1091' title='bbox 839 1491 871 1518; x_wconf 88' lang='lat' dir='ltr'>ad</span> <span class='ocrx_word' id='word_1_1092' title='bbox 890 1491 973 1517; x_wconf 89' lang='lat' dir='ltr'>trium</span> <span class='ocrx_word' id='word_1_1093' title='bbox 998 1489 1140 1515; x_wconf 88' lang='lat' dir='ltr'>hominum</span> <span class='ocrx_word' id='word_1_1094' title='bbox 1160 1488 1337 1523; x_wconf 82' lang='lat' dir='ltr'>complexum.</span> <span class='ocrx_word' id='word_1_1095' title='bbox 1353 1493 1382 1520; x_wconf 79' lang='lat'>35</span> <span class='ocrx_word' id='word_1_1096' title='bbox 1401 1494 1472 1521; x_wconf 85' lang='lat' dir='ltr'>tem,</span> <span class='ocrx_word' id='word_1_1097' title='bbox 1491 1494 1517 1515; x_wconf 89' lang='lat' dir='ltr'>et</span> <span class='ocrx_word' id='word_1_1098' title='bbox 1536 1488 1721 1523; x_wconf 87' lang='lat' dir='ltr'>quotidianam</span> <span class='ocrx_word' id='word_1_1099' title='bbox 1739 1489 1953 1524; x_wconf 73' lang='lat' dir='ltr'>expe&amp;ati0nen1</span> <span class='ocrx_word' id='word_1_1100' title='bbox 1971 1499 2063 1516; x_wconf 90' lang='lat' dir='ltr'>rerum</span> <span class='ocrx_word' id='word_1_1101' title='bbox 2080 1498 2229 1521; x_wconf 85' lang='lat' dir='ltr'>novarum,</span> <span class='ocrx_word' id='word_1_1102' title='bbox 2247 1497 2303 1514; x_wconf 88' lang='lat' dir='ltr'>non</span> <span class='ocrx_word' id='word_1_1103' title='bbox 2315 1496 2346 1514; x_wconf 91' lang='lat' dir='ltr'>co</span> <span class='ocrx_word' id='word_1_1104' title='bbox 2363 1502 2374 1512; x_wconf 72' lang='grc' dir='ltr'><em>υ</em></span> <span class='ocrx_word' id='word_1_1105' title='bbox 2397 1493 2409 1509; x_wconf 59' lang='lat' dir='ltr'>n·</span> <span class='ocrx_word' id='word_1_1106' title='bbox 2432 1502 2433 1505; x_wconf 68' lang='lat'><em>=</em></span> 
     </span>
    </p>
   </div>
   <div class='ocr_carea' id='block_1_29' title="bbox 1349 1666 2339 1703">
    <p class='ocr_par' dir='ltr' id='par_1_37' title="bbox 1349 1666 2339 1703">
     <span class='ocr_line' id='line_1_102' title="bbox 1349 1666 2339 1703; baseline 0.001 -10"><span class='ocrx_word' id='word_1_1107' title='bbox 1349 1673 1387 1699; x_wconf 76' lang='lat'>40</span> <span class='ocrx_word' id='word_1_1108' title='bbox 1402 1668 1532 1694; x_wconf 87' lang='lat' dir='ltr'>Martium</span> <span class='ocrx_word' id='word_1_1109' title='bbox 1550 1673 1622 1694; x_wconf 86' lang='lat' dir='ltr'>tanta</span> <span class='ocrx_word' id='word_1_1110' title='bbox 1640 1667 1810 1700; x_wconf 86' lang='lat' dir='ltr'>celebritate,</span> <span class='ocrx_word' id='word_1_1111' title='bbox 1829 1674 1903 1695; x_wconf 88' lang='lat' dir='ltr'>tanto</span> <span class='ocrx_word' id='word_1_1112' title='bbox 1923 1669 2062 1703; x_wconf 87' lang='lat' dir='ltr'>splendore</span> <span class='ocrx_word' id='word_1_1113' title='bbox 2081 1668 2170 1695; x_wconf 82' lang='lat' dir='ltr'>omnis</span> <span class='ocrx_word' id='word_1_1114' title='bbox 2183 1667 2288 1702; x_wconf 77' lang='lat' dir='ltr'>generis</span> <span class='ocrx_word' id='word_1_1115' title='bbox 2302 1666 2339 1694; x_wconf 78' lang='lat' dir='ltr'>h‘o</span> 
     </span>
    </p>
   </div>
   <div class='ocr_carea' id='block_1_30' title="bbox 1017 2020 1695 2055">
    <p class='ocr_par' dir='ltr' id='par_1_38' title="bbox 1017 2020 1695 2055">
     <span class='ocr_line' id='line_1_103' title="bbox 1017 2020 1695 2055; baseline -0.004 -7"><span class='ocrx_word' id='word_1_1116' title='bbox 1017 2022 1076 2049; x_wconf 84' lang='lat' dir='ltr'>Vid.</span> <span class='ocrx_word' id='word_1_1117' title='bbox 1103 2029 1120 2048; x_wconf 89' lang='lat' dir='ltr'>C</span> <span class='ocrx_word' id='word_1_1118' title='bbox 1129 2028 1175 2048; x_wconf 89' lang='lat' dir='ltr'>ED</span> <span class='ocrx_word' id='word_1_1119' title='bbox 1185 2028 1204 2047; x_wconf 84' lang='lat' dir='ltr'>R</span> <span class='ocrx_word' id='word_1_1120' title='bbox 1213 2028 1223 2047; x_wconf 92' lang='lat'>1</span> <span class='ocrx_word' id='word_1_1121' title='bbox 1232 2028 1253 2048; x_wconf 90' lang='lat' dir='ltr'>V</span> <span class='ocrx_word' id='word_1_1122' title='bbox 1262 2027 1288 2046; x_wconf 89' lang='lat' dir='ltr'><strong><em>M</em></strong></span> <span class='ocrx_word' id='word_1_1123' title='bbox 1310 2029 1339 2045; x_wconf 80' lang='lat' dir='ltr'>ex</span> <span class='ocrx_word' id='word_1_1124' title='bbox 1356 2028 1388 2055; x_wconf 76' lang='lat'>50</span> <span class='ocrx_word' id='word_1_1125' title='bbox 1403 2021 1440 2048; x_wconf 84' lang='lat' dir='ltr'>ita</span> <span class='ocrx_word' id='word_1_1126' title='bbox 1455 2020 1628 2052; x_wconf 80' lang='lat' dir='ltr'>distinemur,</span> <span class='ocrx_word' id='word_1_1127' title='bbox 1648 2027 1695 2045; x_wconf 79' lang='lat' dir='ltr'>etc.</span> 
     </span>
    </p>
   </div>
   <div class='ocr_carea' id='block_1_31' title="bbox 1064 2285 1355 2337">
    <p class='ocr_par' dir='ltr' id='par_1_39' title="bbox 1064 2285 1355 2337">
     <span class='ocr_line' id='line_1_104' title="bbox 1064 2285 1355 2337; baseline -0.014 -6"><span class='ocrx_word' id='word_1_1128' title='bbox 1064 2303 1145 2337; x_wconf 82' lang='lat' dir='ltr'>Qiod</span> <span class='ocrx_word' id='word_1_1129' title='bbox 1159 2303 1195 2329; x_wconf 88' lang='lat' dir='ltr'>est</span> <span class='ocrx_word' id='word_1_1130' title='bbox 1208 2311 1240 2329; x_wconf 80' lang='lat' dir='ltr'>ex</span> <span class='ocrx_word' id='word_1_1131' title='bbox 1254 2285 1355 2328; x_wconf 44' lang='lat' dir='ltr'>cedro..</span> 
     </span>
    </p>
   </div>
   <div class='ocr_carea' id='block_1_32' title="bbox 1353 2374 1746 2411">
    <p class='ocr_par' dir='ltr' id='par_1_40' title="bbox 1353 2374 1746 2411">
     <span class='ocr_line' id='line_1_105' title="bbox 1353 2374 1746 2411; baseline -0.015 -6"><span class='ocrx_word' id='word_1_1132' title='bbox 1353 2379 1389 2404; x_wconf 75' lang='lat'>60</span> <span class='ocrx_word' id='word_1_1133' title='bbox 1406 2374 1596 2411; x_wconf 72' lang='lat' dir='ltr'>Apollinaribus·</span> <span class='ocrx_word' id='word_1_1134' title='bbox 1613 2374 1746 2400; x_wconf 74' lang='lat' dir='ltr'>redditam.</span> 
     </span>
    </p>
   </div>
   <div class='ocr_carea' id='block_1_33' title="bbox 1364 2551 2425 2588">
    <p class='ocr_par' dir='ltr' id='par_1_41' title="bbox 1364 2551 2425 2588">
     <span class='ocr_line' id='line_1_106' title="bbox 1364 2551 2425 2588; baseline -0.002 -8"><span class='ocrx_word' id='word_1_1135' title='bbox 1364 2554 1396 2587; x_wconf 80' lang='lat'>65</span> <span class='ocrx_word' id='word_1_1136' title='bbox 1411 2561 1438 2582; x_wconf 88' lang='lat' dir='ltr'>et</span> <span class='ocrx_word' id='word_1_1137' title='bbox 1454 2560 1544 2581; x_wconf 83' lang='lat' dir='ltr'>tamen</span> <span class='ocrx_word' id='word_1_1138' title='bbox 1563 2553 1761 2586; x_wconf 78' lang='lat' dir='ltr'>celebritatem,</span> <span class='ocrx_word' id='word_1_1139' title='bbox 1787 2562 1867 2588; x_wconf 88' lang='lat' dir='ltr'>quam</span> <span class='ocrx_word' id='word_1_1140' title='bbox 1887 2561 1947 2578; x_wconf 83' lang='lat' dir='ltr'>curn</span> <span class='ocrx_word' id='word_1_1141' title='bbox 1965 2551 2058 2579; x_wconf 86' lang='lat' dir='ltr'>adsunt</span> <span class='ocrx_word' id='word_1_1142' title='bbox 2076 2552 2135 2585; x_wconf 88' lang='lat' dir='ltr'>illi,</span> <span class='ocrx_word' id='word_1_1143' title='bbox 2154 2551 2267 2580; x_wconf 62' lang='lat' dir='ltr'>‘excitat&#39;e</span> <span class='ocrx_word' id='word_1_1144' title='bbox 2279 2551 2425 2588; x_wconf 67' lang='lat' dir='ltr'>pelliceum</span> 
     </span>
    </p>
   </div>
   <div class='ocr_carea' id='block_1_34' title="bbox 1361 2733 1597 2769">
    <p class='ocr_par' dir='ltr' id='par_1_42' title="bbox 1361 2733 1597 2769">
     <span class='ocr_line' id='line_1_107' title="bbox 1361 2733 1597 2769; baseline 0 -9"><span class='ocrx_word' id='word_1_1145' title='bbox 1361 2741 1397 2769; x_wconf 82' lang='lat'>70</span> <span class='ocrx_word' id='word_1_1146' title='bbox 1410 2734 1482 2761; x_wconf 85' lang='lat' dir='ltr'>adire</span> <span class='ocrx_word' id='word_1_1147' title='bbox 1489 2754 1496 2765; x_wconf 91' lang='lat'>‚</span> <span class='ocrx_word' id='word_1_1148' title='bbox 1522 2733 1597 2760; x_wconf 81' lang='lat' dir='ltr'>obire.</span> 
     </span>
    </p>
   </div>
   <div class='ocr_carea' id='block_1_35' title="bbox 1078 3447 2234 3483">
    <p class='ocr_par' dir='ltr' id='par_1_43' title="bbox 1078 3447 2234 3483">
     <span class='ocr_line' id='line_1_108' title="bbox 1078 3447 2234 3483; baseline -0.008 -1"><span class='ocrx_word' id='word_1_1149' title='bbox 1078 3448 1160 3477; x_wconf 76' lang='lat' dir='ltr'>Ouid·</span> <span class='ocrx_word' id='word_1_1150' title='bbox 1180 3449 1244 3474; x_wconf 91' lang='lat' dir='ltr'>Met.</span> <span class='ocrx_word' id='word_1_1151' title='bbox 1262 3457 1287 3479; x_wconf 67' lang='lat'>2,</span> <span class='ocrx_word' id='word_1_1152' title='bbox 1306 3453 1351 3480; x_wconf 85' lang='lat'>218</span> <span class='ocrx_word' id='word_1_1153' title='bbox 1363 3456 1400 3483; x_wconf 86' lang='lat'>90</span> <span class='ocrx_word' id='word_1_1154' title='bbox 1413 3451 1582 3479; x_wconf 82' lang='lat' dir='ltr'>celebrantur</span> <span class='ocrx_word' id='word_1_1155' title='bbox 1601 3449 1774 3477; x_wconf 86' lang='lat' dir='ltr'>multitudine</span> <span class='ocrx_word' id='word_1_1156' title='bbox 1799 3448 1948 3482; x_wconf 78' lang='lat' dir='ltr'>legatorum</span> <span class='ocrx_word' id='word_1_1157' title='bbox 1970 3447 2030 3475; x_wconf 87' lang='lat' dir='ltr'>Cic.</span> <span class='ocrx_word' id='word_1_1158' title='bbox 2044 3456 2093 3483; x_wconf 86' lang='lat' dir='ltr'>pro</span> <span class='ocrx_word' id='word_1_1159' title='bbox 2106 3447 2234 3479; x_wconf 73' lang='lat' dir='ltr'>Sext.131.</span> 
     </span>
    </p>
   </div>
   <div class='ocr_carea' id='block_1_36' title="bbox 1804 180 2438 256">
    <p class='ocr_par' dir='ltr' id='par_1_44' title="bbox 1804 180 2438 256">
     <span class='ocr_line' id='line_1_109' title="bbox 1804 180 2438 256; baseline -0.008 -35"><span class='ocrx_word' id='word_1_1160' title='bbox 1804 182 1838 221; x_wconf 91' lang='lat' dir='ltr'>C</span> <span class='ocrx_word' id='word_1_1161' title='bbox 1918 180 1951 220; x_wconf 91' lang='lat' dir='ltr'>E</span> <span class='ocrx_word' id='word_1_1162' title='bbox 2029 180 2065 225; x_wconf 85' lang='lat' dir='ltr'>L</span> <span class='ocrx_word' id='word_1_1163' title='bbox 2354 183 2438 256; x_wconf 54' lang='lat'>828}</span> 
     </span>
    </p>
   </div>
   <div class='ocr_carea' id='block_1_37' title="bbox 1393 268 2474 594">
    <p class='ocr_par' dir='ltr' id='par_1_45' title="bbox 1393 268 2474 594">
     <span class='ocr_line' id='line_1_110' title="bbox 1393 268 2438 315; baseline 0.011 -20"><span class='ocrx_word' id='word_1_1164' title='bbox 1393 269 1513 310; x_wconf 76' lang='lat' dir='ltr'>Scipioni</span> <span class='ocrx_word' id='word_1_1165' title='bbox 1526 279 1557 296; x_wconf 83' lang='lat' dir='ltr'>ex</span> <span class='ocrx_word' id='word_1_1166' title='bbox 1571 272 1660 299; x_wconf 87' lang='lat' dir='ltr'>multis</span> <span class='ocrx_word' id='word_1_1167' title='bbox 1681 273 1791 303; x_wconf 79' lang='lat' dir='ltr'>diebus,</span> <span class='ocrx_word' id='word_1_1168' title='bbox 1814 280 1881 307; x_wconf 81' lang='lat' dir='ltr'>qnos</span> <span class='ocrx_word' id='word_1_1169' title='bbox 1903 271 1932 297; x_wconf 89' lang='lat' dir='ltr'>in</span> <span class='ocrx_word' id='word_1_1170' title='bbox 1949 271 2005 297; x_wconf 86' lang='lat' dir='ltr'>vita</span> <span class='ocrx_word' id='word_1_1171' title='bbox 2026 268 2220 302; x_wconf 84' lang='lat' dir='ltr'>Celeberrimos</span> <span class='ocrx_word' id='word_1_1172' title='bbox 2234 275 2438 315; x_wconf 76' lang='lat' dir='ltr'>laetissimosque!</span> 
     </span>
     <span class='ocr_line' id='line_1_111' title="bbox 1394 305 2474 344; baseline 0.007 -13"><span class='ocrx_word' id='word_1_1173' title='bbox 1394 305 1511 338; x_wconf 68' lang='lat' dir='ltr'>Viderit,</span> <span class='ocrx_word' id='word_1_1174' title='bbox 1529 313 1574 332; x_wconf 80' lang='lat' dir='ltr'>etc.</span> <span class='ocrx_word' id='word_1_1175' title='bbox 1618 308 1789 335; x_wconf 75' lang='lat' dir='ltr'>Celeberrimos</span> <span class='ocrx_word' id='word_1_1176' title='bbox 1807 319 1822 335; x_wconf 84' lang='lat' dir='ltr'>a</span> <span class='ocrx_word' id='word_1_1177' title='bbox 1834 317 1924 344; x_wconf 80' lang='lat' dir='ltr'>magna</span> <span class='ocrx_word' id='word_1_1178' title='bbox 1937 307 2060 334; x_wconf 85' lang='lat' dir='ltr'>hominum</span> <span class='ocrx_word' id='word_1_1179' title='bbox 2078 310 2232 337; x_wconf 75' lang='lat' dir='ltr'>multitudine</span> <span class='ocrx_word' id='word_1_1180' title='bbox 2252 313 2329 338; x_wconf 82' lang='lat' dir='ltr'>cultos</span> <span class='ocrx_word' id='word_1_1181' title='bbox 2348 321 2370 340; x_wconf 72' lang='lat' dir='ltr'>et</span> <span class='ocrx_word' id='word_1_1182' title='bbox 2382 312 2437 343; x_wconf 47' lang='lat' dir='ltr'>(vbi-¹</span> <span class='ocrx_word' id='word_1_1183' title='bbox 2471 333 2474 339; x_wconf 89' lang='lat'>.</span> 
     </span>
     <span class='ocr_line' id='line_1_112' title="bbox 1396 341 2434 386; baseline 0.007 -19"><span class='ocrx_word' id='word_1_1184' title='bbox 1396 348 1451 373; x_wconf 82' lang='lat' dir='ltr'>tos,</span> <span class='ocrx_word' id='word_1_1185' title='bbox 1469 351 1494 367; x_wconf 88' lang='lat' dir='ltr'>v.</span> <span class='ocrx_word' id='word_1_1186' title='bbox 1508 350 1533 377; x_wconf 84' lang='lat' dir='ltr'>g.</span> <span class='ocrx_word' id='word_1_1187' title='bbox 1555 341 1631 368; x_wconf 76' lang='lat' dir='ltr'>delati</span> <span class='ocrx_word' id='word_1_1188' title='bbox 1646 345 1758 378; x_wconf 78' lang='lat' dir='ltr'>imperii,</span> <span class='ocrx_word' id='word_1_1189' title='bbox 1778 345 1911 380; x_wconf 72' lang='lat' dir='ltr'>triumphi.</span> <span class='ocrx_word' id='word_1_1190' title='bbox 1983 342 2048 369; x_wconf 85' lang='lat' dir='ltr'>Fide</span> <span class='ocrx_word' id='word_1_1191' title='bbox 2060 343 2262 379; x_wconf 85' lang='lat' dir='ltr'>celeberrimus,</span> <span class='ocrx_word' id='word_1_1192' title='bbox 2283 348 2355 374; x_wconf 79' lang='lat' dir='ltr'>Cuius</span> <span class='ocrx_word' id='word_1_1193' title='bbox 2365 349 2434 386; x_wconf 49' lang='lat' dir='ltr'>fides</span> 
     </span>
     <span class='ocr_line' id='line_1_113' title="bbox 1397 378 2426 420; baseline 0.011 -17"><span class='ocrx_word' id='word_1_1194' title='bbox 1397 384 1420 403; x_wconf 84' lang='lat' dir='ltr'>et</span> <span class='ocrx_word' id='word_1_1195' title='bbox 1433 380 1569 417; x_wconf 64' lang='lat' dir='ltr'>integritas</span> <span class='ocrx_word' id='word_1_1196' title='bbox 1582 378 1691 404; x_wconf 72' lang='lat' dir='ltr'>omnibus</span> <span class='ocrx_word' id='word_1_1197' title='bbox 1708 382 1735 405; x_wconf 84' lang='lat' dir='ltr'>in</span> <span class='ocrx_word' id='word_1_1198' title='bbox 1749 389 1789 406; x_wconf 81' lang='lat' dir='ltr'>ore</span> <span class='ocrx_word' id='word_1_1199' title='bbox 1801 378 1834 413; x_wconf 60' lang='lat' dir='ltr'>cst</span> <span class='ocrx_word' id='word_1_1200' title='bbox 1860 381 1921 406; x_wconf 77' lang='lat' dir='ltr'>Stat.</span> <span class='ocrx_word' id='word_1_1201' title='bbox 1937 378 2023 405; x_wconf 86' lang='lat' dir='ltr'>Achil.</span> <span class='ocrx_word' id='word_1_1202' title='bbox 2035 387 2061 411; x_wconf 83' lang='lat'>2,</span> <span class='ocrx_word' id='word_1_1203' title='bbox 2075 381 2112 404; x_wconf 87' lang='lat'>61.</span> <span class='ocrx_word' id='word_1_1204' title='bbox 2182 382 2329 408; x_wconf 85' lang='lat' dir='ltr'>Gratulatio</span> <span class='ocrx_word' id='word_1_1205' title='bbox 2343 379 2426 420; x_wconf 75' lang='lat' dir='ltr'>populi</span> 
     </span>
     <span class='ocr_line' id='line_1_114' title="bbox 1948 414 2474 457; baseline 0.019 -17"><span class='ocrx_word' id='word_1_1206' title='bbox 1948 415 2006 441; x_wconf 87' lang='lat' dir='ltr'>Lux</span> <span class='ocrx_word' id='word_1_1207' title='bbox 2022 414 2193 441; x_wconf 86' lang='lat' dir='ltr'>celeberrima</span> <span class='ocrx_word' id='word_1_1208' title='bbox 2209 417 2438 457; x_wconf 56' lang='lat' dir='ltr'>Baccho‚diesi111‘i</span> <span class='ocrx_word' id='word_1_1209' title='bbox 2462 435 2474 450; x_wconf 59' lang='grc' dir='ltr'>ἰ</span> 
     </span>
     <span class='ocr_line' id='line_1_115' title="bbox 1840 450 2474 490; baseline 0.006 -12"><span class='ocrx_word' id='word_1_1210' title='bbox 1840 451 1960 478; x_wconf 88' lang='lat' dir='ltr'>Nomina</span> <span class='ocrx_word' id='word_1_1211' title='bbox 1979 450 2152 477; x_wconf 86' lang='lat' dir='ltr'>celeberrima</span> <span class='ocrx_word' id='word_1_1212' title='bbox 2172 450 2259 485; x_wconf 89' lang='lat' dir='ltr'>bello,</span> <span class='ocrx_word' id='word_1_1213' title='bbox 2279 462 2377 487; x_wconf 80' lang='lat' dir='ltr'>quorum</span> <span class='ocrx_word' id='word_1_1214' title='bbox 2393 459 2426 484; x_wconf 74' lang='lat' dir='ltr'>in·</span> <span class='ocrx_word' id='word_1_1215' title='bbox 2450 462 2474 490; x_wconf 58' lang='lat' dir='ltr'>m}</span> 
     </span>
     <span class='ocr_line' id='line_1_116' title="bbox 1413 483 2474 525; baseline 0.009 -16"><span class='ocrx_word' id='word_1_1216' title='bbox 1413 494 1454 510; x_wconf 74' lang='lat' dir='ltr'>ens</span> <span class='ocrx_word' id='word_1_1217' title='bbox 1467 483 1500 518; x_wconf 63' lang='lat' dir='ltr'>est</span> <span class='ocrx_word' id='word_1_1218' title='bbox 1508 484 1630 524; x_wconf 66' lang='lat' dir='ltr'>farna,ob</span> <span class='ocrx_word' id='word_1_1219' title='bbox 1642 493 1682 525; x_wconf 61' lang='lat' dir='ltr'>res</span> <span class='ocrx_word' id='word_1_1220' title='bbox 1695 487 1722 510; x_wconf 81' lang='lat' dir='ltr'>in</span> <span class='ocrx_word' id='word_1_1221' title='bbox 1735 485 1793 512; x_wconf 78' lang='lat' dir='ltr'>bello</span> <span class='ocrx_word' id='word_1_1222' title='bbox 1801 489 1929 521; x_wconf 74' lang='lat' dir='ltr'>praeclare</span> <span class='ocrx_word' id='word_1_1223' title='bbox 1946 484 2027 523; x_wconf 76' lang='lat' dir='ltr'>gestas</span> <span class='ocrx_word' id='word_1_1224' title='bbox 2047 486 2094 513; x_wconf 85' lang='lat' dir='ltr'>Sil.</span> <span class='ocrx_word' id='word_1_1225' title='bbox 2108 495 2136 519; x_wconf 85' lang='lat'>4,</span> <span class='ocrx_word' id='word_1_1226' title='bbox 2152 491 2203 521; x_wconf 86' lang='lat'>187.</span> <span class='ocrx_word' id='word_1_1227' title='bbox 2273 488 2378 517; x_wconf 84' lang='lat' dir='ltr'>Nomen</span> <span class='ocrx_word' id='word_1_1228' title='bbox 2393 492 2437 520; x_wconf 58' lang='lat' dir='ltr'>ee.</span> <span class='ocrx_word' id='word_1_1229' title='bbox 2457 502 2474 524; x_wconf 71' lang='grc' dir='ltr'>,η</span> 
     </span>
     <span class='ocr_line' id='line_1_117' title="bbox 1406 519 2474 566; baseline 0.002 -19"><span class='ocrx_word' id='word_1_1230' title='bbox 1406 520 1468 547; x_wconf 88' lang='lat' dir='ltr'>ebre</span> <span class='ocrx_word' id='word_1_1231' title='bbox 1483 520 1605 561; x_wconf 73' lang='lat' dir='ltr'>laudibus</span> <span class='ocrx_word' id='word_1_1232' title='bbox 1624 520 1685 560; x_wconf 71' lang='lat' dir='ltr'>‚L¹.u·</span> <span class='ocrx_word' id='word_1_1233' title='bbox 1697 529 1724 553; x_wconf 83' lang='lat'>4,</span> <span class='ocrx_word' id='word_1_1234' title='bbox 1762 540 1768 547; x_wconf 89' lang='lat'>.</span> <span class='ocrx_word' id='word_1_1235' title='bbox 1807 540 1814 547; x_wconf 92' lang='lat'>.</span> <span class='ocrx_word' id='word_1_1236' title='bbox 1849 524 1887 549; x_wconf 87' lang='lat' dir='ltr'>De</span> <span class='ocrx_word' id='word_1_1237' title='bbox 1900 524 2023 549; x_wconf 67' lang='lat' dir='ltr'>Menenio.</span> <span class='ocrx_word' id='word_1_1238' title='bbox 2075 522 2221 548; x_wconf 90' lang='lat' dir='ltr'>Oraculum</span> <span class='ocrx_word' id='word_1_1239' title='bbox 2234 522 2334 551; x_wconf 89' lang='lat' dir='ltr'>celebre</span> <span class='ocrx_word' id='word_1_1240' title='bbox 2347 519 2474 566; x_wconf 42' lang='lat' dir='ltr'>etth-²12}</span> 
     </span>
     <span class='ocr_line' id='line_1_118' title="bbox 1396 555 2442 594; baseline 0.007 -12"><span class='ocrx_word' id='word_1_1241' title='bbox 1396 566 1456 583; x_wconf 88' lang='lat' dir='ltr'>rum</span> <span class='ocrx_word' id='word_1_1242' title='bbox 1481 558 1537 583; x_wconf 82' lang='lat' dir='ltr'>Cic.</span> <span class='ocrx_word' id='word_1_1243' title='bbox 1552 555 1583 582; x_wconf 90' lang='lat' dir='ltr'>de</span> <span class='ocrx_word' id='word_1_1244' title='bbox 1597 556 1725 587; x_wconf 82' lang='lat' dir='ltr'>Diuin..1,</span> <span class='ocrx_word' id='word_1_1245' title='bbox 1739 564 1779 590; x_wconf 86' lang='grc'><strong>37.</strong></span> <span class='ocrx_word' id='word_1_1246' title='bbox 1871 558 1932 585; x_wconf 89' lang='lat' dir='ltr'>Liu.</span> <span class='ocrx_word' id='word_1_1247' title='bbox 1944 566 1987 594; x_wconf 85' lang='grc'><strong>37,</strong></span> <span class='ocrx_word' id='word_1_1248' title='bbox 2023 578 2029 584; x_wconf 95' lang='grc'><strong>.</strong></span> <span class='ocrx_word' id='word_1_1249' title='bbox 2066 577 2073 584; x_wconf 89' lang='grc'><strong>.</strong></span> <span class='ocrx_word' id='word_1_1250' title='bbox 2112 557 2233 584; x_wconf 82' lang='lat' dir='ltr'>Valerius</span> <span class='ocrx_word' id='word_1_1251' title='bbox 2245 559 2333 586; x_wconf 87' lang='lat' dir='ltr'>Antias</span> <span class='ocrx_word' id='word_1_1252' title='bbox 2343 561 2442 593; x_wconf 58' lang='lat' dir='ltr'>anfion*</span> 
     </span>
    </p>
   </div>
   <div class='ocr_carea' id='block_1_38' title="bbox 2302 691 2468 3639">
    <p class='ocr_par' dir='ltr' id='par_1_46' title="bbox 2302 691 2468 3639">
     <span class='ocr_line' id='line_1_119' title="bbox 2371 691 2434 750; baseline 0 -31"><span class='ocrx_word' id='word_1_1253' title='bbox 2371 691 2434 750; x_wconf 95' lang='lat' dir='ltr'>  </span> 
     </span>
     <span class='ocr_line' id='line_1_120' title="bbox 2380 763 2468 834; baseline 0 -57"><span class='ocrx_word' id='word_1_1254' title='bbox 2380 763 2468 834; x_wconf 95' lang='lat' dir='ltr'>     </span> 
     </span>
     <span class='ocr_line' id='line_1_121' title="bbox 2389 874 2391 898; baseline 0 -1"><span class='ocrx_word' id='word_1_1255' title='bbox 2389 874 2391 898; x_wconf 95' lang='lat' dir='ltr'>  </span> 
     </span>
     <span class='ocr_line' id='line_1_122' title="bbox 2423 942 2468 1040; baseline 0 0"><span class='ocrx_word' id='word_1_1256' title='bbox 2423 942 2468 1040; x_wconf 95' lang='lat' dir='ltr'>  </span> 
     </span>
     <span class='ocr_line' id='line_1_123' title="bbox 2354 1040 2468 1117; baseline 0 -74"><span class='ocrx_word' id='word_1_1257' title='bbox 2354 1040 2468 1117; x_wconf 95' lang='lat' dir='ltr'>   </span> 
     </span>
     <span class='ocr_line' id='line_1_124' title="bbox 2343 1117 2468 1184; baseline 0 -28"><span class='ocrx_word' id='word_1_1258' title='bbox 2343 1117 2468 1184; x_wconf 95' lang='lat' dir='ltr'>   </span> 
     </span>
     <span class='ocr_line' id='line_1_125' title="bbox 2366 1184 2468 1254; baseline 0 0"><span class='ocrx_word' id='word_1_1259' title='bbox 2366 1184 2468 1254; x_wconf 95' lang='lat' dir='ltr'>  </span> 
     </span>
     <span class='ocr_line' id='line_1_126' title="bbox 2338 1254 2468 1351; baseline 0 -60"><span class='ocrx_word' id='word_1_1260' title='bbox 2338 1254 2468 1351; x_wconf 95' lang='lat' dir='ltr'>   </span> 
     </span>
     <span class='ocr_line' id='line_1_127' title="bbox 2433 1359 2468 1435; baseline 0 0"><span class='ocrx_word' id='word_1_1261' title='bbox 2433 1359 2468 1435; x_wconf 95' lang='lat' dir='ltr'>   </span> 
     </span>
     <span class='ocr_line' id='line_1_128' title="bbox 2396 1435 2468 1508; baseline 0 -10"><span class='ocrx_word' id='word_1_1262' title='bbox 2396 1435 2468 1508; x_wconf 95' lang='lat' dir='ltr'>   </span> 
     </span>
     <span class='ocr_line' id='line_1_129' title="bbox 2439 1508 2468 1542; baseline 0 2640"><span class='ocrx_word' id='word_1_1263' title='bbox 2439 1508 2468 1542; x_wconf 95' lang='lat' dir='ltr'> </span> 
     </span>
     <span class='ocr_line' id='line_1_130' title="bbox 2404 1542 2464 1613; baseline 0 -34"><span class='ocrx_word' id='word_1_1264' title='bbox 2404 1542 2464 1613; x_wconf 95' lang='lat' dir='ltr'>  </span> 
     </span>
     <span class='ocr_line' id='line_1_131' title="bbox 2344 1613 2464 1685; baseline 0 0"><span class='ocrx_word' id='word_1_1265' title='bbox 2344 1613 2464 1685; x_wconf 95' lang='lat' dir='ltr'>  </span> 
     </span>
     <span class='ocr_line' id='line_1_132' title="bbox 2339 1685 2468 1720; baseline 0.008 -1"><span class='ocrx_word' id='word_1_1266' title='bbox 2339 1685 2468 1720; x_wconf 95' lang='lat' dir='ltr'>  </span> 
     </span>
     <span class='ocr_line' id='line_1_133' title="bbox 2350 1720 2468 1862; baseline 0 -1"><span class='ocrx_word' id='word_1_1267' title='bbox 2350 1720 2468 1862; x_wconf 95' lang='lat' dir='ltr'>      </span> 
     </span>
     <span class='ocr_line' id='line_1_134' title="bbox 2428 1862 2464 1907; baseline 0 2275"><span class='ocrx_word' id='word_1_1268' title='bbox 2428 1862 2464 1907; x_wconf 95' lang='lat' dir='ltr'> </span> 
     </span>
     <span class='ocr_line' id='line_1_135' title="bbox 2424 1907 2468 1964; baseline 0 -34"><span class='ocrx_word' id='word_1_1269' title='bbox 2424 1907 2468 1964; x_wconf 95' lang='lat' dir='ltr'>  </span> 
     </span>
     <span class='ocr_line' id='line_1_136' title="bbox 2428 1964 2468 2041; baseline 0.025 -1"><span class='ocrx_word' id='word_1_1270' title='bbox 2428 1964 2468 2041; x_wconf 95' lang='lat' dir='ltr'>    </span> 
     </span>
     <span class='ocr_line' id='line_1_137' title="bbox 2428 2041 2468 2111; baseline 0 0"><span class='ocrx_word' id='word_1_1271' title='bbox 2428 2041 2468 2111; x_wconf 95' lang='lat' dir='ltr'>   </span> 
     </span>
     <span class='ocr_line' id='line_1_138' title="bbox 2411 2111 2468 2144; baseline 0 -13"><span class='ocrx_word' id='word_1_1272' title='bbox 2411 2111 2468 2144; x_wconf 95' lang='lat' dir='ltr'>   </span> 
     </span>
     <span class='ocr_line' id='line_1_139' title="bbox 2379 2144 2468 2249; baseline 0 -35"><span class='ocrx_word' id='word_1_1273' title='bbox 2379 2144 2468 2249; x_wconf 95' lang='lat' dir='ltr'>  </span> 
     </span>
     <span class='ocr_line' id='line_1_140' title="bbox 2302 2249 2468 2318; baseline -0.006 -34"><span class='ocrx_word' id='word_1_1274' title='bbox 2302 2249 2468 2318; x_wconf 95' lang='lat' dir='ltr'>   </span> 
     </span>
     <span class='ocr_line' id='line_1_141' title="bbox 2375 2318 2468 2394; baseline 0.065 -6"><span class='ocrx_word' id='word_1_1275' title='bbox 2375 2318 2468 2394; x_wconf 95' lang='lat' dir='ltr'>   </span> 
     </span>
     <span class='ocr_line' id='line_1_142' title="bbox 2395 2394 2468 2433; baseline 0 0"><span class='ocrx_word' id='word_1_1276' title='bbox 2395 2394 2468 2433; x_wconf 95' lang='lat' dir='ltr'>  </span> 
     </span>
     <span class='ocr_line' id='line_1_143' title="bbox 2413 2433 2468 2466; baseline 0 1716"><span class='ocrx_word' id='word_1_1277' title='bbox 2413 2433 2468 2466; x_wconf 95' lang='lat' dir='ltr'> </span> 
     </span>
     <span class='ocr_line' id='line_1_144' title="bbox 2411 2466 2468 2536; baseline 0.053 -3"><span class='ocrx_word' id='word_1_1278' title='bbox 2411 2466 2468 2536; x_wconf 95' lang='lat' dir='ltr'>   </span> 
     </span>
     <span class='ocr_line' id='line_1_145' title="bbox 2425 2536 2468 2570; baseline 0 -1"><span class='ocrx_word' id='word_1_1279' title='bbox 2425 2536 2468 2570; x_wconf 95' lang='lat' dir='ltr'>  </span> 
     </span>
     <span class='ocr_line' id='line_1_146' title="bbox 2425 2570 2464 2639; baseline 0 -33"><span class='ocrx_word' id='word_1_1280' title='bbox 2425 2570 2464 2639; x_wconf 95' lang='lat' dir='ltr'>  </span> 
     </span>
     <span class='ocr_line' id='line_1_147' title="bbox 2392 2639 2468 2715; baseline 0 -36"><span class='ocrx_word' id='word_1_1281' title='bbox 2392 2639 2468 2715; x_wconf 95' lang='lat' dir='ltr'>   </span> 
     </span>
     <span class='ocr_line' id='line_1_148' title="bbox 2416 2715 2468 2754; baseline 0 1428"><span class='ocrx_word' id='word_1_1282' title='bbox 2416 2715 2468 2754; x_wconf 95' lang='lat' dir='ltr'> </span> 
     </span>
     <span class='ocr_line' id='line_1_149' title="bbox 2348 2754 2464 2822; baseline 0 -36"><span class='ocrx_word' id='word_1_1283' title='bbox 2348 2754 2464 2822; x_wconf 95' lang='lat' dir='ltr'>  </span> 
     </span>
     <span class='ocr_line' id='line_1_150' title="bbox 2355 2822 2464 2890; baseline 0 -33"><span class='ocrx_word' id='word_1_1284' title='bbox 2355 2822 2464 2890; x_wconf 95' lang='lat' dir='ltr'>    </span> 
     </span>
     <span class='ocr_line' id='line_1_151' title="bbox 2383 2894 2464 2967; baseline 0 -41"><span class='ocrx_word' id='word_1_1285' title='bbox 2383 2894 2464 2967; x_wconf 95' lang='lat' dir='ltr'>    </span> 
     </span>
     <span class='ocr_line' id='line_1_152' title="bbox 2379 2967 2464 3043; baseline 0 -43"><span class='ocrx_word' id='word_1_1286' title='bbox 2379 2967 2464 3043; x_wconf 95' lang='lat' dir='ltr'>  </span> 
     </span>
     <span class='ocr_line' id='line_1_153' title="bbox 2373 3043 2464 3106; baseline 0 -28"><span class='ocrx_word' id='word_1_1287' title='bbox 2373 3043 2464 3106; x_wconf 95' lang='lat' dir='ltr'>   </span> 
     </span>
     <span class='ocr_line' id='line_1_154' title="bbox 2375 3106 2464 3183; baseline 0 -12"><span class='ocrx_word' id='word_1_1288' title='bbox 2375 3106 2464 3183; x_wconf 95' lang='lat' dir='ltr'>    </span> 
     </span>
     <span class='ocr_line' id='line_1_155' title="bbox 2369 3183 2464 3266; baseline 0 -48"><span class='ocrx_word' id='word_1_1289' title='bbox 2369 3183 2464 3266; x_wconf 95' lang='lat' dir='ltr'>   </span> 
     </span>
     <span class='ocr_line' id='line_1_156' title="bbox 2335 3266 2468 3321; baseline 0 -24"><span class='ocrx_word' id='word_1_1290' title='bbox 2335 3266 2468 3321; x_wconf 95' lang='lat' dir='ltr'>   </span> 
     </span>
     <span class='ocr_line' id='line_1_157' title="bbox 2364 3321 2468 3361; baseline 0 0"><span class='ocrx_word' id='word_1_1291' title='bbox 2364 3321 2468 3361; x_wconf 95' lang='lat' dir='ltr'>  </span> 
     </span>
     <span class='ocr_line' id='line_1_158' title="bbox 2372 3361 2468 3432; baseline 0.031 -2"><span class='ocrx_word' id='word_1_1292' title='bbox 2372 3361 2468 3432; x_wconf 95' lang='lat' dir='ltr'>   </span> 
     </span>
     <span class='ocr_line' id='line_1_159' title="bbox 2375 3432 2468 3493; baseline 0 0"><span class='ocrx_word' id='word_1_1293' title='bbox 2375 3432 2468 3493; x_wconf 95' lang='lat' dir='ltr'>  </span> 
     </span>
     <span class='ocr_line' id='line_1_160' title="bbox 2382 3493 2468 3543; baseline 0 -42"><span class='ocrx_word' id='word_1_1294' title='bbox 2382 3493 2468 3543; x_wconf 95' lang='lat' dir='ltr'>   </span> 
     </span>
     <span class='ocr_line' id='line_1_161' title="bbox 2335 3543 2464 3613; baseline 0 -36"><span class='ocrx_word' id='word_1_1295' title='bbox 2335 3543 2464 3613; x_wconf 95' lang='lat' dir='ltr'>   </span> 
     </span>
     <span class='ocr_line' id='line_1_162' title="bbox 2338 3613 2464 3639; baseline 0 0"><span class='ocrx_word' id='word_1_1296' title='bbox 2338 3613 2464 3639; x_wconf 95' lang='lat' dir='ltr'>  </span> 
     </span>
    </p>
   </div>
   <div class='ocr_carea' id='block_1_39' title="bbox 1395 627 2471 804">
    <p class='ocr_par' dir='ltr' id='par_1_47' title="bbox 1395 627 2471 804">
     <span class='ocr_line' id='line_1_163' title="bbox 1397 627 2438 668; baseline 0.002 -14"><span class='ocrx_word' id='word_1_1297' title='bbox 1397 628 1587 663; x_wconf 74' lang='lat' dir='ltr'>comprobatam.</span> <span class='ocrx_word' id='word_1_1298' title='bbox 1659 627 1747 654; x_wconf 87' lang='lat' dir='ltr'>Verba</span> <span class='ocrx_word' id='word_1_1299' title='bbox 1761 627 1933 655; x_wconf 88' lang='lat' dir='ltr'>celeberrima</span> <span class='ocrx_word' id='word_1_1300' title='bbox 1947 630 2023 665; x_wconf 89' lang='lat' dir='ltr'>loqui</span> <span class='ocrx_word' id='word_1_1301' title='bbox 2053 629 2135 656; x_wconf 89' lang='lat' dir='ltr'>Ouid.</span> <span class='ocrx_word' id='word_1_1302' title='bbox 2149 628 2181 655; x_wconf 90' lang='lat' dir='ltr'>de</span> <span class='ocrx_word' id='word_1_1303' title='bbox 2194 629 2257 656; x_wconf 86' lang='lat' dir='ltr'>Arte</span> <span class='ocrx_word' id='word_1_1304' title='bbox 2271 631 2327 656; x_wconf 82' lang='lat' dir='ltr'>Am.</span> <span class='ocrx_word' id='word_1_1305' title='bbox 2340 639 2364 664; x_wconf 85' lang='lat'>2,</span> <span class='ocrx_word' id='word_1_1306' title='bbox 2376 629 2438 668; x_wconf 31' lang='lat'>7⁰²5</span> 
     </span>
     <span class='ocr_line' id='line_1_164' title="bbox 1395 651 2471 704; baseline 0.004 -14"><span class='ocrx_word' id='word_1_1307' title='bbox 1395 662 1772 704; x_wconf 62' lang='lat' dir='ltr'>crcberrima,frequentiffimas</span> <span class='ocrx_word' id='word_1_1308' title='bbox 1854 665 2083 699; x_wconf 83' lang='lat' dir='ltr'>Hermogenianus</span> <span class='ocrx_word' id='word_1_1309' title='bbox 2103 665 2132 691; x_wconf 91' lang='lat' dir='ltr'>in</span> <span class='ocrx_word' id='word_1_1310' title='bbox 2152 665 2169 691; x_wconf 94' lang='lat' dir='ltr'>l.</span> <span class='ocrx_word' id='word_1_1311' title='bbox 2196 665 2223 691; x_wconf 87' lang='lat' dir='ltr'>Si</span> <span class='ocrx_word' id='word_1_1312' title='bbox 2241 674 2283 692; x_wconf 86' lang='lat' dir='ltr'>res</span> <span class='ocrx_word' id='word_1_1313' title='bbox 2302 651 2471 701; x_wconf 51' lang='grc' dir='ltr'>Ῑ)ιιρί11ιι-ᾗῗ’Ι</span> 
     </span>
     <span class='ocr_line' id='line_1_165' title="bbox 1397 698 2471 736; baseline 0.002 -11"><span class='ocrx_word' id='word_1_1314' title='bbox 1397 699 1428 726; x_wconf 89' lang='lat' dir='ltr'>D.</span> <span class='ocrx_word' id='word_1_1315' title='bbox 1445 699 1477 725; x_wconf 85' lang='lat' dir='ltr'>dt</span> <span class='ocrx_word' id='word_1_1316' title='bbox 1491 699 1671 725; x_wconf 82' lang='lat' dir='ltr'>Admimstrat.</span> <span class='ocrx_word' id='word_1_1317' title='bbox 1684 704 1767 726; x_wconf 91' lang='lat' dir='ltr'>tutor.</span> <span class='ocrx_word' id='word_1_1318' title='bbox 1796 699 1824 726; x_wconf 88' lang='lat' dir='ltr'>Si</span> <span class='ocrx_word' id='word_1_1319' title='bbox 1837 708 1877 726; x_wconf 86' lang='lat' dir='ltr'>res</span> <span class='ocrx_word' id='word_1_1320' title='bbox 1905 701 2044 735; x_wconf 87' lang='lat' dir='ltr'>pupillaris</span> <span class='ocrx_word' id='word_1_1321' title='bbox 2063 701 2169 728; x_wconf 89' lang='lat' dir='ltr'>incursu</span> <span class='ocrx_word' id='word_1_1322' title='bbox 2188 699 2368 736; x_wconf 58' lang='lat' dir='ltr'>latronum*pe</span> <span class='ocrx_word' id='word_1_1323' title='bbox 2387 707 2409 727; x_wconf 64' lang='lat'>-2&#39;</span> <span class='ocrx_word' id='word_1_1324' title='bbox 2441 698 2471 727; x_wconf 50' lang='lat' dir='ltr'>m.</span> 
     </span>
     <span class='ocr_line' id='line_1_166' title="bbox 1397 734 2440 804; baseline 0.005 -44"><span class='ocrx_word' id='word_1_1325' title='bbox 1397 734 1440 760; x_wconf 87' lang='lat' dir='ltr'>vel</span> <span class='ocrx_word' id='word_1_1326' title='bbox 1460 735 1640 769; x_wconf 78' lang='lat' dir='ltr'>argentarius,</span> <span class='ocrx_word' id='word_1_1327' title='bbox 1661 735 1704 761; x_wconf 88' lang='lat' dir='ltr'>cui</span> <span class='ocrx_word' id='word_1_1328' title='bbox 1724 740 1798 762; x_wconf 89' lang='lat' dir='ltr'>tutor</span> <span class='ocrx_word' id='word_1_1329' title='bbox 1810 735 1948 770; x_wconf 88' lang='lat' dir='ltr'>pecuniam</span> <span class='ocrx_word' id='word_1_1330' title='bbox 1961 736 2050 770; x_wconf 85' lang='lat' dir='ltr'>dedit,</span> <span class='ocrx_word' id='word_1_1331' title='bbox 2085 746 2170 772; x_wconf 88' lang='lat' dir='ltr'>quum</span> <span class='ocrx_word' id='word_1_1332' title='bbox 2188 736 2275 763; x_wconf 84' lang='lat' dir='ltr'>fuisset</span> <span class='ocrx_word' id='word_1_1333' title='bbox 2295 737 2440 804; x_wconf 53' lang='grc' dir='ltr'>(ἱεὶεδειὲὶί,</span> 
     </span>
    </p>
   </div>
   <div class='ocr_carea' id='block_1_40' title="bbox 1396 801 2472 915">
    <p class='ocr_par' dir='ltr' id='par_1_48' title="bbox 1396 801 2472 915">
     <span class='ocr_line' id='line_1_167' title="bbox 1397 801 2466 847; baseline 0.005 -15"><span class='ocrx_word' id='word_1_1334' title='bbox 1397 807 1478 841; x_wconf 83' lang='lat' dir='ltr'>gitur.</span> <span class='ocrx_word' id='word_1_1335' title='bbox 1535 806 1732 847; x_wconf 50' lang='lat' dir='ltr'>Celeberrimos</span> <span class='ocrx_word' id='word_1_1336' title='bbox 1745 807 1787 834; x_wconf 85' lang='lat' dir='ltr'>hic</span> <span class='ocrx_word' id='word_1_1337' title='bbox 1801 805 1834 839; x_wconf 76' lang='lat' dir='ltr'>cst&#39;</span> <span class='ocrx_word' id='word_1_1338' title='bbox 1847 810 1891 834; x_wconf 84' lang='lat' dir='ltr'>vir</span> <span class='ocrx_word' id='word_1_1339' title='bbox 1903 808 2125 845; x_wconf 75' lang='lat' dir='ltr'>integraefamas‚</span> <span class='ocrx_word' id='word_1_1340' title='bbox 2144 817 2236 844; x_wconf 82' lang='lat' dir='ltr'>quoque</span> <span class='ocrx_word' id='word_1_1341' title='bbox 2251 809 2356 843; x_wconf 83' lang='lat' dir='ltr'>plurimi</span> <span class='ocrx_word' id='word_1_1342' title='bbox 2367 801 2430 843; x_wconf 60' lang='lat' dir='ltr'>umal</span> <span class='ocrx_word' id='word_1_1343' title='bbox 2461 826 2466 837; x_wconf 79' lang='grc'><strong>.</strong></span> 
     </span>
     <span class='ocr_line' id='line_1_168' title="bbox 1396 842 2468 883; baseline 0.002 -15"><span class='ocrx_word' id='word_1_1344' title='bbox 1396 850 1448 868; x_wconf 82' lang='lat' dir='ltr'>tur.</span> <span class='ocrx_word' id='word_1_1345' title='bbox 1521 844 1581 870; x_wconf 83' lang='lat' dir='ltr'>Vox</span> <span class='ocrx_word' id='word_1_1346' title='bbox 1599 842 1775 883; x_wconf 81' lang='lat' dir='ltr'>celeberrima</span> <span class='ocrx_word' id='word_1_1347' title='bbox 1787 843 1882 883; x_wconf 61' lang='lat' dir='ltr'>Quid.</span> <span class='ocrx_word' id='word_1_1348' title='bbox 1895 852 1927 870; x_wconf 88' lang='lat' dir='ltr'>ex</span> <span class='ocrx_word' id='word_1_1349' title='bbox 1941 845 2014 870; x_wconf 87' lang='lat' dir='ltr'>Pont.</span> <span class='ocrx_word' id='word_1_1350' title='bbox 2031 853 2052 877; x_wconf 91' lang='lat'>1,</span> <span class='ocrx_word' id='word_1_1351' title='bbox 2063 853 2091 878; x_wconf 90' lang='lat'>9,</span> <span class='ocrx_word' id='word_1_1352' title='bbox 2105 852 2144 876; x_wconf 81' lang='lat'>23.</span> <span class='ocrx_word' id='word_1_1353' title='bbox 2163 847 2181 870; x_wconf 88' lang='lat' dir='ltr'>i.</span> <span class='ocrx_word' id='word_1_1354' title='bbox 2194 843 2356 878; x_wconf 76' lang='lat' dir='ltr'>creberrima,</span> <span class='ocrx_word' id='word_1_1355' title='bbox 2400 861 2415 869; x_wconf 73' lang='grc'>,.</span> <span class='ocrx_word' id='word_1_1356' title='bbox 2463 843 2468 854; x_wconf 90' lang='lat'>¹</span> 
     </span>
     <span class='ocr_line' id='line_1_169' title="bbox 1396 869 2472 915; baseline 0.002 -11"><span class='ocrx_word' id='word_1_1357' title='bbox 1396 878 1528 914; x_wconf 77' lang='lat' dir='ltr'>vsurpata.</span> <span class='ocrx_word' id='word_1_1358' title='bbox 1600 880 1706 905; x_wconf 78' lang='lat' dir='ltr'>Veteris</span> <span class='ocrx_word' id='word_1_1359' title='bbox 1724 884 1855 905; x_wconf 81' lang='lat' dir='ltr'>orationis</span> <span class='ocrx_word' id='word_1_1360' title='bbox 1869 880 1950 906; x_wconf 87' lang='lat' dir='ltr'>Vsum</span> <span class='ocrx_word' id='word_1_1361' title='bbox 1971 887 2050 915; x_wconf 87' lang='lat' dir='ltr'>atque</span> <span class='ocrx_word' id='word_1_1362' title='bbox 2068 880 2194 906; x_wconf 83' lang='lat' dir='ltr'>notitiam</span> <span class='ocrx_word' id='word_1_1363' title='bbox 2212 869 2425 908; x_wconf 49' lang='lat' dir='ltr'>celebrior-emm*</span> <span class='ocrx_word' id='word_1_1364' title='bbox 2460 877 2472 893; x_wconf 62' lang='lat'>⁸</span> 
     </span>
    </p>
   </div>
   <div class='ocr_carea' id='block_1_41' title="bbox 1715 911 2470 943">
    <p class='ocr_par' dir='ltr' id='par_1_49' title="bbox 1715 908 2470 950">
     <span class='ocr_line' id='line_1_170' title="bbox 1715 911 2470 943; baseline 0.003 -2"><span class='ocrx_word' id='word_1_1365' title='bbox 1715 915 1775 941; x_wconf 87' lang='lat' dir='ltr'>Hoc</span> <span class='ocrx_word' id='word_1_1366' title='bbox 1792 920 1849 942; x_wconf 89' lang='lat' dir='ltr'>erat</span> <span class='ocrx_word' id='word_1_1367' title='bbox 1870 915 2074 942; x_wconf 87' lang='lat' dir='ltr'>celeberrimum</span> <span class='ocrx_word' id='word_1_1368' title='bbox 2081 915 2223 942; x_wconf 85' lang='lat' dir='ltr'>Menandri</span> <span class='ocrx_word' id='word_1_1369' title='bbox 2237 916 2331 942; x_wconf 81' lang='lat' dir='ltr'>Po‘e&#39;tae</span> <span class='ocrx_word' id='word_1_1370' title='bbox 2345 925 2401 943; x_wconf 52' lang='lat' dir='ltr'>mm</span> <span class='ocrx_word' id='word_1_1371' title='bbox 2416 933 2423 942; x_wconf 59' lang='grc' dir='ltr'>ι</span> <span class='ocrx_word' id='word_1_1372' title='bbox 2455 911 2470 923; x_wconf 87' lang='grc'><strong>“</strong></span> 
     </span>
    </p>
   </div>
   <div class='ocr_carea' id='block_1_42' title="bbox 1396 948 2469 1064">
    <p class='ocr_par' dir='ltr' id='par_1_50' title="bbox 1396 948 2469 1064">
     <span class='ocr_line' id='line_1_171' title="bbox 1426 948 2416 990; baseline 0.002 -14"><span class='ocrx_word' id='word_1_1373' title='bbox 1426 985 1431 990; x_wconf 40' lang='lat'><strong>⁴</strong></span> <span class='ocrx_word' id='word_1_1374' title='bbox 1832 948 1852 988; x_wconf 56' lang='lat' dir='ltr'><strong>ff</strong></span> <span class='ocrx_word' id='word_1_1375' title='bbox 1870 959 1882 983; x_wconf 85' lang='grc'><strong>3</strong></span> <span class='ocrx_word' id='word_1_1376' title='bbox 1919 950 2049 984; x_wconf 82' lang='lat' dir='ltr'>Celebre,</span> <span class='ocrx_word' id='word_1_1377' title='bbox 2068 960 2121 977; x_wconf 92' lang='lat' dir='ltr'>non</span> <span class='ocrx_word' id='word_1_1378' title='bbox 2135 951 2222 978; x_wconf 90' lang='lat' dir='ltr'>solum</span> <span class='ocrx_word' id='word_1_1379' title='bbox 2234 952 2416 986; x_wconf 75' lang='lat' dir='ltr'>Frequens,·&#39;</span> 
     </span>
     <span class='ocr_line' id='line_1_172' title="bbox 1396 983 2469 1022; baseline 0.001 -10"><span class='ocrx_word' id='word_1_1380' title='bbox 1396 992 1478 1013; x_wconf 80' lang='lat' dir='ltr'>etiam</span> <span class='ocrx_word' id='word_1_1381' title='bbox 1491 986 1586 1012; x_wconf 89' lang='lat' dir='ltr'>Velox.</span> <span class='ocrx_word' id='word_1_1382' title='bbox 1605 985 1699 1013; x_wconf 84' lang='lat' dir='ltr'>Accius</span> <span class='ocrx_word' id='word_1_1383' title='bbox 1712 985 1854 1021; x_wconf 86' lang='lat' dir='ltr'>Aegistho,</span> <span class='ocrx_word' id='word_1_1384' title='bbox 1878 986 1986 1014; x_wconf 89' lang='lat' dir='ltr'>Celebri</span> <span class='ocrx_word' id='word_1_1385' title='bbox 1999 986 2082 1022; x_wconf 86' lang='lat' dir='ltr'>gradu</span> <span class='ocrx_word' id='word_1_1386' title='bbox 2098 987 2210 1022; x_wconf 82' lang='lat' dir='ltr'>gressum</span> <span class='ocrx_word' id='word_1_1387' title='bbox 2223 987 2366 1014; x_wconf 51' lang='lat' dir='ltr'>accelebrw</span> <span class='ocrx_word' id='word_1_1388' title='bbox 2410 990 2427 1011; x_wconf 66' lang='grc' dir='ltr'>Ξὶτ</span> <span class='ocrx_word' id='word_1_1389' title='bbox 2461 983 2469 993; x_wconf 80' lang='grc'><em>“</em></span> 
     </span>
     <span class='ocr_line' id='line_1_173' title="bbox 1397 1021 2345 1064; baseline 0.002 -16"><span class='ocrx_word' id='word_1_1390' title='bbox 1397 1028 1437 1048; x_wconf 89' lang='lat' dir='ltr'>cet</span> <span class='ocrx_word' id='word_1_1391' title='bbox 1457 1021 1531 1048; x_wconf 90' lang='lat' dir='ltr'>Non.</span> <span class='ocrx_word' id='word_1_1392' title='bbox 1547 1031 1570 1053; x_wconf 85' lang='lat'>2,</span> <span class='ocrx_word' id='word_1_1393' title='bbox 1585 1024 1633 1048; x_wconf 90' lang='lat'>161.</span> <span class='ocrx_word' id='word_1_1394' title='bbox 1670 1023 1742 1048; x_wconf 68' lang='lat' dir='ltr'>Licet</span> <span class='ocrx_word' id='word_1_1395' title='bbox 1755 1030 1835 1049; x_wconf 83' lang='lat' dir='ltr'>tamen</span> <span class='ocrx_word' id='word_1_1396' title='bbox 1850 1022 1995 1059; x_wconf 70' lang='lat' dir='ltr'>suspicari,</span> <span class='ocrx_word' id='word_1_1397' title='bbox 2022 1022 2216 1064; x_wconf 74' lang='lat' dir='ltr'>antiqutffimum</span> <span class='ocrx_word' id='word_1_1398' title='bbox 2234 1022 2345 1050; x_wconf 77' lang='lat' dir='ltr'>mendum</span> 
     </span>
    </p>
   </div>
   <div class='ocr_carea' id='block_1_43' title="bbox 1397 913 1643 947">
    <p class='ocr_par' dir='ltr' id='par_1_51' title="bbox 1397 913 1643 947">
     <span class='ocr_line' id='line_1_174' title="bbox 1397 913 1643 947; baseline 0.004 -7"><span class='ocrx_word' id='word_1_1399' title='bbox 1397 913 1461 940; x_wconf 90' lang='lat' dir='ltr'>bere</span> <span class='ocrx_word' id='word_1_1400' title='bbox 1478 914 1547 940; x_wconf 83' lang='lat' dir='ltr'>Gell.</span> <span class='ocrx_word' id='word_1_1401' title='bbox 1570 923 1602 947; x_wconf 85' lang='lat'>11,</span> <span class='ocrx_word' id='word_1_1402' title='bbox 1620 923 1643 947; x_wconf 81' lang='lat'>3.</span> 
     </span>
    </p>
   </div>
   <div class='ocr_carea' id='block_1_44' title="bbox 1398 1051 2439 1487">
    <p class='ocr_par' dir='ltr' id='par_1_52' title="bbox 1398 1051 2439 1487">
     <span class='ocr_line' id='line_1_175' title="bbox 1436 1051 2433 1130; baseline 0 -10"><span class='ocrx_word' id='word_1_1403' title='bbox 1436 1100 1452 1120; x_wconf 88' lang='lat' dir='ltr'>C</span> <span class='ocrx_word' id='word_1_1404' title='bbox 1462 1100 1529 1120; x_wconf 80' lang='lat' dir='ltr'>ELE</span> <span class='ocrx_word' id='word_1_1405' title='bbox 1540 1100 1583 1120; x_wconf 82' lang='lat' dir='ltr'>BR</span> <span class='ocrx_word' id='word_1_1406' title='bbox 1594 1101 1603 1119; x_wconf 84' lang='lat'>1</span> <span class='ocrx_word' id='word_1_1407' title='bbox 1615 1100 1705 1126; x_wconf 83' lang='lat' dir='ltr'>TAS,</span> <span class='ocrx_word' id='word_1_1408' title='bbox 1736 1094 1794 1120; x_wconf 72' lang='lat' dir='ltr'>atis.</span> <span class='ocrx_word' id='word_1_1409' title='bbox 1815 1094 1834 1120; x_wconf 91' lang='lat' dir='ltr'>f.</span> <span class='ocrx_word' id='word_1_1410' title='bbox 1871 1096 1884 1129; x_wconf 87' lang='lat'>[</span> <span class='ocrx_word' id='word_1_1411' title='bbox 1899 1095 1982 1130; x_wconf 75' lang='grc' dir='ltr'>ἑορτὴ,</span> <span class='ocrx_word' id='word_1_1412' title='bbox 2001 1094 2080 1121; x_wconf 85' lang='lat' dir='ltr'>festus</span> <span class='ocrx_word' id='word_1_1413' title='bbox 2093 1094 2149 1121; x_wconf 89' lang='lat' dir='ltr'>dies</span> <span class='ocrx_word' id='word_1_1414' title='bbox 2162 1095 2223 1121; x_wconf 85' lang='lat' dir='ltr'>Vct.</span> <span class='ocrx_word' id='word_1_1415' title='bbox 2237 1093 2316 1120; x_wconf 79' lang='lat' dir='ltr'>Gloff.</span> <span class='ocrx_word' id='word_1_1416' title='bbox 2330 1092 2364 1128; x_wconf 74' lang='grc' dir='ltr'>φή</span> <span class='ocrx_word' id='word_1_1417' title='bbox 2374 1051 2433 1106; x_wconf 50' lang='grc' dir='ltr'>”4Ι</span> 
     </span>
     <span class='ocr_line' id='line_1_176' title="bbox 1593 1120 2439 1166; baseline 0.001 -11"><span class='ocrx_word' id='word_1_1418' title='bbox 1593 1130 1658 1156; x_wconf 87' lang='lat' dir='ltr'>Tum</span> <span class='ocrx_word' id='word_1_1419' title='bbox 1678 1130 1801 1156; x_wconf 86' lang='lat' dir='ltr'>hominum</span> <span class='ocrx_word' id='word_1_1420' title='bbox 1818 1137 1910 1156; x_wconf 80' lang='lat' dir='ltr'>coctum</span> <span class='ocrx_word' id='word_1_1421' title='bbox 1923 1130 2049 1163; x_wconf 79' lang='lat' dir='ltr'>declarat,</span> <span class='ocrx_word' id='word_1_1422' title='bbox 2069 1137 2120 1156; x_wconf 85' lang='lat' dir='ltr'>tum</span> <span class='ocrx_word' id='word_1_1423' title='bbox 2139 1130 2307 1166; x_wconf 70' lang='lat' dir='ltr'>dignationem</span> <span class='ocrx_word' id='word_1_1424' title='bbox 2318 1131 2343 1164; x_wconf 77' lang='lat' dir='ltr'>ip</span> <span class='ocrx_word' id='word_1_1425' title='bbox 2413 1120 2439 1156; x_wconf 53' lang='lat' dir='ltr'>*ll</span> 
     </span>
     <span class='ocr_line' id='line_1_177' title="bbox 1398 1165 2349 1205; baseline 0.002 -15"><span class='ocrx_word' id='word_1_1426' title='bbox 1398 1175 1443 1201; x_wconf 73' lang='lat' dir='ltr'>que·</span> <span class='ocrx_word' id='word_1_1427' title='bbox 1455 1166 1570 1191; x_wconf 73' lang='lat' dir='ltr'>honorem</span> <span class='ocrx_word' id='word_1_1428' title='bbox 1582 1166 1714 1205; x_wconf 54' lang='lat' dir='ltr'>multorum</span> <span class='ocrx_word' id='word_1_1429' title='bbox 1721 1165 1863 1202; x_wconf 70' lang='lat' dir='ltr'>fiffragiis</span> <span class='ocrx_word' id='word_1_1430' title='bbox 1876 1166 1982 1193; x_wconf 77' lang='lat' dir='ltr'>delatum</span> <span class='ocrx_word' id='word_1_1431' title='bbox 2002 1173 2025 1192; x_wconf 77' lang='lat' dir='ltr'>et</span> <span class='ocrx_word' id='word_1_1432' title='bbox 2039 1166 2230 1202; x_wconf 73' lang='lat' dir='ltr'>comprobatum.</span> <span class='ocrx_word' id='word_1_1433' title='bbox 2301 1165 2349 1192; x_wconf 83' lang='lat' dir='ltr'>Cic</span> 
     </span>
     <span class='ocr_line' id='line_1_178' title="bbox 1400 1200 2366 1236; baseline 0.001 -10"><span class='ocrx_word' id='word_1_1434' title='bbox 1400 1210 1424 1233; x_wconf 85' lang='grc'>3,</span> <span class='ocrx_word' id='word_1_1435' title='bbox 1444 1210 1456 1233; x_wconf 84' lang='grc'><strong>3</strong></span> <span class='ocrx_word' id='word_1_1436' title='bbox 1488 1202 1528 1227; x_wconf 88' lang='lat' dir='ltr'>Ita</span> <span class='ocrx_word' id='word_1_1437' title='bbox 1541 1209 1589 1235; x_wconf 85' lang='lat' dir='ltr'>qui</span> <span class='ocrx_word' id='word_1_1438' title='bbox 1603 1209 1632 1226; x_wconf 81' lang='lat' dir='ltr'>in</span> <span class='ocrx_word' id='word_1_1439' title='bbox 1646 1201 1762 1228; x_wconf 86' lang='lat' dir='ltr'>maxima</span> <span class='ocrx_word' id='word_1_1440' title='bbox 1781 1201 1950 1235; x_wconf 79' lang='lat' dir='ltr'>celebritate,</span> <span class='ocrx_word' id='word_1_1441' title='bbox 1968 1204 1997 1228; x_wconf 92' lang='lat' dir='ltr'>in</span> <span class='ocrx_word' id='word_1_1442' title='bbox 2012 1202 2096 1228; x_wconf 85' lang='lat' dir='ltr'>oculis</span> <span class='ocrx_word' id='word_1_1443' title='bbox 2117 1202 2220 1228; x_wconf 88' lang='lat' dir='ltr'>ciuium</span> <span class='ocrx_word' id='word_1_1444' title='bbox 2233 1200 2366 1236; x_wconf 82' lang='lat' dir='ltr'>quondam</span> 
     </span>
     <span class='ocr_line' id='line_1_179' title="bbox 1401 1236 2336 1273; baseline 0.001 -11"><span class='ocrx_word' id='word_1_1445' title='bbox 1401 1245 1475 1269; x_wconf 87' lang='lat' dir='ltr'>mus,</span> <span class='ocrx_word' id='word_1_1446' title='bbox 1495 1246 1564 1262; x_wconf 88' lang='lat' dir='ltr'>nunc</span> <span class='ocrx_word' id='word_1_1447' title='bbox 1579 1236 1711 1271; x_wconf 73' lang='lat' dir='ltr'>fugientes</span> <span class='ocrx_word' id='word_1_1448' title='bbox 1723 1237 1890 1272; x_wconf 62' lang='lat' dir='ltr'>conspectum</span> <span class='ocrx_word' id='word_1_1449' title='bbox 1905 1239 2093 1265; x_wconf 88' lang='lat' dir='ltr'>sceleratorum</span> <span class='ocrx_word' id='word_1_1450' title='bbox 2103 1258 2111 1271; x_wconf 89' lang='lat'>,</span> <span class='ocrx_word' id='word_1_1451' title='bbox 2129 1237 2226 1273; x_wconf 82' lang='lat' dir='ltr'>quibus</span> <span class='ocrx_word' id='word_1_1452' title='bbox 2244 1237 2336 1264; x_wconf 83' lang='lat' dir='ltr'>omnia</span> 
     </span>
     <span class='ocr_line' id='line_1_180' title="bbox 1400 1272 2326 1308; baseline 0.001 -10"><span class='ocrx_word' id='word_1_1453' title='bbox 1400 1272 1479 1305; x_wconf 85' lang='lat' dir='ltr'>dant,</span> <span class='ocrx_word' id='word_1_1454' title='bbox 1498 1272 1619 1299; x_wconf 86' lang='lat' dir='ltr'>abdimus</span> <span class='ocrx_word' id='word_1_1455' title='bbox 1633 1281 1681 1299; x_wconf 89' lang='lat' dir='ltr'>nos</span> <span class='ocrx_word' id='word_1_1456' title='bbox 1696 1279 1823 1308; x_wconf 87' lang='lat' dir='ltr'>quantum</span> <span class='ocrx_word' id='word_1_1457' title='bbox 1838 1274 1916 1306; x_wconf 89' lang='lat' dir='ltr'>licet,</span> <span class='ocrx_word' id='word_1_1458' title='bbox 1943 1280 1969 1301; x_wconf 91' lang='lat' dir='ltr'>et</span> <span class='ocrx_word' id='word_1_1459' title='bbox 1981 1275 2055 1308; x_wconf 86' lang='lat' dir='ltr'>saepe</span> <span class='ocrx_word' id='word_1_1460' title='bbox 2070 1274 2121 1301; x_wconf 89' lang='lat' dir='ltr'>soli</span> <span class='ocrx_word' id='word_1_1461' title='bbox 2140 1274 2246 1305; x_wconf 84' lang='lat' dir='ltr'>sumus,</span> <span class='ocrx_word' id='word_1_1462' title='bbox 2272 1272 2326 1299; x_wconf 86' lang='lat' dir='ltr'>vid.</span> 
     </span>
     <span class='ocr_line' id='line_1_181' title="bbox 1607 1308 2350 1342; baseline 0 -7"><span class='ocrx_word' id='word_1_1463' title='bbox 1607 1309 1665 1336; x_wconf 89' lang='lat' dir='ltr'>Cic.</span> <span class='ocrx_word' id='word_1_1464' title='bbox 1678 1310 1732 1336; x_wconf 92' lang='lat' dir='ltr'>Att.</span> <span class='ocrx_word' id='word_1_1465' title='bbox 1746 1318 1781 1342; x_wconf 86' lang='lat'>12,</span> <span class='ocrx_word' id='word_1_1466' title='bbox 1798 1319 1821 1342; x_wconf 85' lang='lat'>13</span> <span class='ocrx_word' id='word_1_1467' title='bbox 1842 1311 1887 1336; x_wconf 90' lang='lat' dir='ltr'>Me</span> <span class='ocrx_word' id='word_1_1468' title='bbox 1901 1310 1965 1336; x_wconf 88' lang='lat' dir='ltr'>haec</span> <span class='ocrx_word' id='word_1_1469' title='bbox 1979 1309 2095 1337; x_wconf 89' lang='lat' dir='ltr'>solitudo</span> <span class='ocrx_word' id='word_1_1470' title='bbox 2112 1310 2200 1336; x_wconf 89' lang='lat' dir='ltr'>minus</span> <span class='ocrx_word' id='word_1_1471' title='bbox 2219 1308 2350 1342; x_wconf 77' lang='lat' dir='ltr'>stimulat,</span> 
     </span>
     <span class='ocr_line' id='line_1_182' title="bbox 1401 1344 2421 1385; baseline 0 -14"><span class='ocrx_word' id='word_1_1472' title='bbox 1401 1344 1450 1385; x_wconf 62' lang='lat' dir='ltr'>ista</span> <span class='ocrx_word' id='word_1_1473' title='bbox 1464 1344 1611 1372; x_wconf 86' lang='lat' dir='ltr'>celebritas.</span> <span class='ocrx_word' id='word_1_1474' title='bbox 1669 1345 1843 1372; x_wconf 83' lang='lat' dir='ltr'>Audientium</span> <span class='ocrx_word' id='word_1_1475' title='bbox 1857 1346 2009 1373; x_wconf 87' lang='lat' dir='ltr'>celebritate</span> <span class='ocrx_word' id='word_1_1476' title='bbox 2022 1345 2161 1372; x_wconf 62' lang='lat' dir='ltr'>instinems</span> <span class='ocrx_word' id='word_1_1477' title='bbox 2182 1344 2316 1379; x_wconf 71' lang='lat' dir='ltr'>Qincffil.</span> <span class='ocrx_word' id='word_1_1478' title='bbox 2331 1352 2352 1377; x_wconf 82' lang='lat'>1,</span> <span class='ocrx_word' id='word_1_1479' title='bbox 2373 1363 2421 1383; x_wconf 59' lang='lat' dir='ltr'>&#39;‘¹ae</span> 
     </span>
     <span class='ocr_line' id='line_1_183' title="bbox 1402 1372 2433 1414; baseline 0 -8"><span class='ocrx_word' id='word_1_1480' title='bbox 1402 1381 1459 1407; x_wconf 84' lang='lat' dir='ltr'>Cic.</span> <span class='ocrx_word' id='word_1_1481' title='bbox 1473 1381 1544 1407; x_wconf 86' lang='lat' dir='ltr'>Fam.</span> <span class='ocrx_word' id='word_1_1482' title='bbox 1563 1389 1603 1414; x_wconf 85' lang='lat'>14,</span> <span class='ocrx_word' id='word_1_1483' title='bbox 1617 1390 1627 1407; x_wconf 95' lang='lat'>1</span> <span class='ocrx_word' id='word_1_1484' title='bbox 1647 1381 1727 1408; x_wconf 83' lang='lat' dir='ltr'>Sedfi</span> <span class='ocrx_word' id='word_1_1485' title='bbox 1739 1381 1855 1408; x_wconf 82' lang='lat' dir='ltr'>offendet</span> <span class='ocrx_word' id='word_1_1486' title='bbox 1873 1390 1916 1408; x_wconf 88' lang='lat' dir='ltr'>me</span> <span class='ocrx_word' id='word_1_1487' title='bbox 1928 1382 1983 1409; x_wconf 89' lang='lat' dir='ltr'>loci</span> <span class='ocrx_word' id='word_1_1488' title='bbox 1996 1381 2151 1414; x_wconf 86' lang='lat' dir='ltr'>celebritas,</span> <span class='ocrx_word' id='word_1_1489' title='bbox 2178 1381 2234 1408; x_wconf 87' lang='lat' dir='ltr'>alio</span> <span class='ocrx_word' id='word_1_1490' title='bbox 2249 1389 2293 1406; x_wconf 89' lang='lat' dir='ltr'>me</span> <span class='ocrx_word' id='word_1_1491' title='bbox 2305 1372 2433 1413; x_wconf 40' lang='lat' dir='ltr'>maurusii*</span> 
     </span>
     <span class='ocr_line' id='line_1_184' title="bbox 1399 1408 2439 1451; baseline 0.001 -9"><span class='ocrx_word' id='word_1_1492' title='bbox 1399 1415 1540 1443; x_wconf 89' lang='lat' dir='ltr'>Ludorum</span> <span class='ocrx_word' id='word_1_1493' title='bbox 1570 1416 1645 1443; x_wconf 88' lang='lat' dir='ltr'>Idem</span> <span class='ocrx_word' id='word_1_1494' title='bbox 1662 1416 1694 1443; x_wconf 89' lang='lat' dir='ltr'>de</span> <span class='ocrx_word' id='word_1_1495' title='bbox 1707 1417 1782 1444; x_wconf 85' lang='lat' dir='ltr'>Orat.</span> <span class='ocrx_word' id='word_1_1496' title='bbox 1801 1426 1824 1450; x_wconf 81' lang='lat'>3,</span> <span class='ocrx_word' id='word_1_1497' title='bbox 1838 1425 1890 1451; x_wconf 77' lang='lat'>125.</span> <span class='ocrx_word' id='word_1_1498' title='bbox 1959 1417 2114 1445; x_wconf 88' lang='lat' dir='ltr'>Theatrum</span> <span class='ocrx_word' id='word_1_1499' title='bbox 2133 1412 2329 1445; x_wconf 81' lang='lat' dir='ltr'>refertissimum</span> <span class='ocrx_word' id='word_1_1500' title='bbox 2341 1408 2439 1443; x_wconf 54' lang='lat' dir='ltr'>cel-2*</span> 
     </span>
     <span class='ocr_line' id='line_1_185' title="bbox 1400 1440 2439 1487; baseline 0.004 -9"><span class='ocrx_word' id='word_1_1501' title='bbox 1400 1459 1453 1478; x_wconf 88' lang='lat' dir='ltr'>tate</span> <span class='ocrx_word' id='word_1_1502' title='bbox 1473 1452 1513 1479; x_wconf 90' lang='lat' dir='ltr'>Id.</span> <span class='ocrx_word' id='word_1_1503' title='bbox 1529 1454 1568 1487; x_wconf 78' lang='lat' dir='ltr'>Q</span> <span class='ocrx_word' id='word_1_1504' title='bbox 1579 1453 1648 1479; x_wconf 85' lang='lat' dir='ltr'>Frat.</span> <span class='ocrx_word' id='word_1_1505' title='bbox 1670 1461 1690 1486; x_wconf 92' lang='lat'>1,</span> <span class='ocrx_word' id='word_1_1506' title='bbox 1705 1462 1729 1479; x_wconf 84' lang='lat'>2.</span> <span class='ocrx_word' id='word_1_1507' title='bbox 2395 1440 2439 1462; x_wconf 35' lang='grc' dir='ltr'>ι’</span> 
     </span>
    </p>
   </div>
   <div class='ocr_carea' id='block_1_45' title="bbox 1803 1432 2433 1499">
    <p class='ocr_par' dir='ltr' id='par_1_53' title="bbox 1803 1432 2433 1499">
     <span class='ocr_line' id='line_1_186' title="bbox 1803 1432 2433 1499; baseline -0.006 -19"><span class='ocrx_word' id='word_1_1508' title='bbox 1803 1454 1858 1480; x_wconf 88' lang='lat' dir='ltr'>Cic.</span> <span class='ocrx_word' id='word_1_1509' title='bbox 1872 1455 1924 1480; x_wconf 86' lang='lat' dir='ltr'>Att.</span> <span class='ocrx_word' id='word_1_1510' title='bbox 1938 1462 1961 1486; x_wconf 84' lang='grc'>3,</span> <span class='ocrx_word' id='word_1_1511' title='bbox 1977 1462 2000 1486; x_wconf 76' lang='grc'>13</span> <span class='ocrx_word' id='word_1_1512' title='bbox 2034 1455 2089 1488; x_wconf 84' lang='lat' dir='ltr'>Ego</span> <span class='ocrx_word' id='word_1_1513' title='bbox 2110 1459 2220 1488; x_wconf 89' lang='lat' dir='ltr'>propter</span> <span class='ocrx_word' id='word_1_1514' title='bbox 2234 1452 2296 1480; x_wconf 85' lang='lat' dir='ltr'>viae</span> <span class='ocrx_word' id='word_1_1515' title='bbox 2314 1451 2361 1484; x_wconf 82' lang='lat' dir='ltr'>cel</span> <span class='ocrx_word' id='word_1_1516' title='bbox 2374 1432 2433 1499; x_wconf 45' lang='grc' dir='ltr'>ζ.</span> 
     </span>
    </p>
   </div>
   <div class='ocr_carea' id='block_1_46' title="bbox 1398 1518 2446 2550">
    <p class='ocr_par' dir='ltr' id='par_1_54' title="bbox 1398 1518 2446 1986">
     <span class='ocr_line' id='line_1_187' title="bbox 1398 1518 2439 1564; baseline 0 -14"><span class='ocrx_word' id='word_1_1517' title='bbox 1398 1533 1441 1550; x_wconf 90' lang='lat' dir='ltr'>me</span> <span class='ocrx_word' id='word_1_1518' title='bbox 1455 1524 1539 1564; x_wconf 79' lang='lat' dir='ltr'>adhuc</span> <span class='ocrx_word' id='word_1_1519' title='bbox 1554 1524 1750 1552; x_wconf 79' lang='lat' dir='ltr'>Thessalonica.</span> <span class='ocrx_word' id='word_1_1520' title='bbox 1820 1526 1890 1552; x_wconf 89' lang='lat' dir='ltr'>Tac.</span> <span class='ocrx_word' id='word_1_1521' title='bbox 1899 1527 1933 1551; x_wconf 88' lang='lat' dir='ltr'>H.</span> <span class='ocrx_word' id='word_1_1522' title='bbox 1947 1534 1971 1555; x_wconf 87' lang='lat'>2,</span> <span class='ocrx_word' id='word_1_1523' title='bbox 1984 1528 2031 1559; x_wconf 89' lang='lat'>64,</span> <span class='ocrx_word' id='word_1_1524' title='bbox 2048 1534 2058 1552; x_wconf 92' lang='lat'>1</span> <span class='ocrx_word' id='word_1_1525' title='bbox 2077 1525 2168 1552; x_wconf 88' lang='lat' dir='ltr'>Vitata</span> <span class='ocrx_word' id='word_1_1526' title='bbox 2181 1523 2331 1551; x_wconf 76' lang='lat' dir='ltr'>Flaminiae</span> <span class='ocrx_word' id='word_1_1527' title='bbox 2338 1518 2404 1556; x_wconf 48' lang='lat' dir='ltr'>via&amp;</span> <span class='ocrx_word' id='word_1_1528' title='bbox 2413 1540 2419 1545; x_wconf 92' lang='lat'>-</span> <span class='ocrx_word' id='word_1_1529' title='bbox 2438 1523 2439 1529; x_wconf 60' lang='lat'>¹</span> 
     </span>
     <span class='ocr_line' id='line_1_188' title="bbox 1399 1559 2440 1608; baseline 0.002 -22"><span class='ocrx_word' id='word_1_1530' title='bbox 1399 1560 1532 1587; x_wconf 83' lang='lat' dir='ltr'>lebritate.</span> <span class='ocrx_word' id='word_1_1531' title='bbox 1605 1560 1663 1586; x_wconf 88' lang='lat' dir='ltr'>Cic.</span> <span class='ocrx_word' id='word_1_1532' title='bbox 1677 1561 1709 1587; x_wconf 90' lang='lat' dir='ltr'>de</span> <span class='ocrx_word' id='word_1_1533' title='bbox 1724 1560 1816 1595; x_wconf 83' lang='lat' dir='ltr'>Legib.</span> <span class='ocrx_word' id='word_1_1534' title='bbox 1832 1570 1857 1593; x_wconf 86' lang='lat'>2,</span> <span class='ocrx_word' id='word_1_1535' title='bbox 1871 1564 1902 1594; x_wconf 77' lang='lat'>65</span> <span class='ocrx_word' id='word_1_1536' title='bbox 1932 1561 2038 1587; x_wconf 84' lang='lat' dir='ltr'>Sublata</span> <span class='ocrx_word' id='word_1_1537' title='bbox 2057 1561 2137 1587; x_wconf 90' lang='lat' dir='ltr'>etiam</span> <span class='ocrx_word' id='word_1_1538' title='bbox 2159 1567 2216 1587; x_wconf 87' lang='lat' dir='ltr'>erat</span> <span class='ocrx_word' id='word_1_1539' title='bbox 2230 1559 2366 1588; x_wconf 80' lang='lat' dir='ltr'>celebritas</span> <span class='ocrx_word' id='word_1_1540' title='bbox 2384 1566 2425 1608; x_wconf 45' lang='lat'>“13</span> <span class='ocrx_word' id='word_1_1541' title='bbox 2438 1566 2440 1588; x_wconf 77' lang='lat' dir='ltr'>l</span> 
     </span>
     <span class='ocr_line' id='line_1_189' title="bbox 1400 1590 2439 1633; baseline 0 -11"><span class='ocrx_word' id='word_1_1542' title='bbox 1400 1605 1461 1623; x_wconf 87' lang='lat' dir='ltr'>rum</span> <span class='ocrx_word' id='word_1_1543' title='bbox 1474 1604 1503 1622; x_wconf 88' lang='lat' dir='ltr'>ac</span> <span class='ocrx_word' id='word_1_1544' title='bbox 1517 1595 1678 1629; x_wconf 85' lang='lat' dir='ltr'>mulierum,</span> <span class='ocrx_word' id='word_1_1545' title='bbox 1697 1605 1751 1631; x_wconf 90' lang='lat' dir='ltr'>quo</span> <span class='ocrx_word' id='word_1_1546' title='bbox 1763 1597 1919 1623; x_wconf 88' lang='lat' dir='ltr'>lamentatio</span> <span class='ocrx_word' id='word_1_1547' title='bbox 1933 1597 2116 1629; x_wconf 89' lang='lat' dir='ltr'>minueretur,</span> <span class='ocrx_word' id='word_1_1548' title='bbox 2136 1599 2155 1623; x_wconf 90' lang='lat' dir='ltr'>i.</span> <span class='ocrx_word' id='word_1_1549' title='bbox 2168 1596 2293 1633; x_wconf 80' lang='lat' dir='ltr'>frequens</span> <span class='ocrx_word' id='word_1_1550' title='bbox 2311 1605 2338 1622; x_wconf 83' lang='lat' dir='ltr'>co</span> <span class='ocrx_word' id='word_1_1551' title='bbox 2402 1590 2439 1617; x_wconf 37' lang='lat'>...¹¹</span> 
     </span>
     <span class='ocr_line' id='line_1_190' title="bbox 1400 1631 2344 1667; baseline 0.001 -10"><span class='ocrx_word' id='word_1_1552' title='bbox 1400 1631 1475 1658; x_wconf 86' lang='lat' dir='ltr'>Idem</span> <span class='ocrx_word' id='word_1_1553' title='bbox 1495 1641 1544 1666; x_wconf 88' lang='lat' dir='ltr'>pro</span> <span class='ocrx_word' id='word_1_1554' title='bbox 1563 1632 1653 1658; x_wconf 92' lang='lat' dir='ltr'>Domo</span> <span class='ocrx_word' id='word_1_1555' title='bbox 1668 1640 1699 1666; x_wconf 79' lang='lat'>73</span> <span class='ocrx_word' id='word_1_1556' title='bbox 1734 1632 1842 1659; x_wconf 83' lang='lat' dir='ltr'>Constat</span> <span class='ocrx_word' id='word_1_1557' title='bbox 1865 1633 1937 1659; x_wconf 87' lang='lat' dir='ltr'>enim</span> <span class='ocrx_word' id='word_1_1558' title='bbox 1960 1633 2040 1659; x_wconf 86' lang='lat' dir='ltr'>nullis</span> <span class='ocrx_word' id='word_1_1559' title='bbox 2058 1641 2176 1667; x_wconf 90' lang='lat' dir='ltr'>vnquam</span> <span class='ocrx_word' id='word_1_1560' title='bbox 2197 1631 2315 1659; x_wconf 88' lang='lat' dir='ltr'>comitiis</span> <span class='ocrx_word' id='word_1_1561' title='bbox 2331 1640 2344 1658; x_wconf 88' lang='lat' dir='ltr'>c</span> 
     </span>
     <span class='ocr_line' id='line_1_191' title="bbox 1401 1703 2335 1736; baseline 0.001 -7"><span class='ocrx_word' id='word_1_1562' title='bbox 1401 1709 1534 1736; x_wconf 84' lang='lat' dir='ltr'>aetatum,</span> <span class='ocrx_word' id='word_1_1563' title='bbox 1555 1703 1697 1735; x_wconf 89' lang='lat' dir='ltr'>ordinum,</span> <span class='ocrx_word' id='word_1_1564' title='bbox 1716 1704 1840 1730; x_wconf 79' lang='lat' dir='ltr'>floruiffe.</span> <span class='ocrx_word' id='word_1_1565' title='bbox 1912 1704 2160 1734; x_wconf 79' lang='lat' dir='ltr'>Habetmaximam</span> <span class='ocrx_word' id='word_1_1566' title='bbox 2181 1703 2335 1730; x_wconf 74' lang='lat' dir='ltr'>celebritate</span> 
     </span>
     <span class='ocr_line' id='line_1_192' title="bbox 1400 1737 2418 1777; baseline 0.002 -13"><span class='ocrx_word' id='word_1_1567' title='bbox 1400 1738 1441 1765; x_wconf 88' lang='lat' dir='ltr'>Id.</span> <span class='ocrx_word' id='word_1_1568' title='bbox 1454 1739 1509 1764; x_wconf 87' lang='lat' dir='ltr'>Att.</span> <span class='ocrx_word' id='word_1_1569' title='bbox 1525 1747 1560 1770; x_wconf 80' lang='lat'>13,</span> <span class='ocrx_word' id='word_1_1570' title='bbox 1574 1747 1616 1771; x_wconf 89' lang='lat'>29.</span> <span class='ocrx_word' id='word_1_1571' title='bbox 1689 1738 1744 1764; x_wconf 88' lang='lat' dir='ltr'>Odi</span> <span class='ocrx_word' id='word_1_1572' title='bbox 1758 1739 1957 1773; x_wconf 87' lang='lat' dir='ltr'>celebritatem,</span> <span class='ocrx_word' id='word_1_1573' title='bbox 1981 1741 2057 1777; x_wconf 80' lang='lat' dir='ltr'>Fugio</span> <span class='ocrx_word' id='word_1_1574' title='bbox 2070 1740 2194 1766; x_wconf 75' lang='lat' dir='ltr'>hominum</span> <span class='ocrx_word' id='word_1_1575' title='bbox 2201 1739 2350 1776; x_wconf 82' lang='lat' dir='ltr'>frequentia</span> <span class='ocrx_word' id='word_1_1576' title='bbox 2372 1747 2376 1757; x_wconf 74' lang='lat'><em>³</em></span> <span class='ocrx_word' id='word_1_1577' title='bbox 2397 1737 2418 1759; x_wconf 80' lang='grc'>’-’</span> 
     </span>
     <span class='ocr_line' id='line_1_193' title="bbox 1403 1771 2431 1810; baseline 0.004 -13"><span class='ocrx_word' id='word_1_1578' title='bbox 1403 1776 1458 1800; x_wconf 81' lang='lat' dir='ltr'>Att.</span> <span class='ocrx_word' id='word_1_1579' title='bbox 1475 1781 1499 1805; x_wconf 78' lang='lat'>3,</span> <span class='ocrx_word' id='word_1_1580' title='bbox 1518 1781 1544 1807; x_wconf 91' lang='lat'>7.</span> <span class='ocrx_word' id='word_1_1581' title='bbox 1617 1772 1724 1799; x_wconf 86' lang='lat' dir='ltr'>Versari</span> <span class='ocrx_word' id='word_1_1582' title='bbox 1743 1773 1772 1799; x_wconf 92' lang='lat' dir='ltr'>in</span> <span class='ocrx_word' id='word_1_1583' title='bbox 1792 1774 1946 1801; x_wconf 85' lang='lat' dir='ltr'>celebritate</span> <span class='ocrx_word' id='word_1_1584' title='bbox 1973 1776 2042 1810; x_wconf 87' lang='lat' dir='ltr'>Nep.</span> <span class='ocrx_word' id='word_1_1585' title='bbox 2063 1776 2145 1810; x_wconf 87' lang='lat' dir='ltr'>praef.</span> <span class='ocrx_word' id='word_1_1586' title='bbox 2167 1777 2192 1801; x_wconf 92' lang='lat'>6.</span> <span class='ocrx_word' id='word_1_1587' title='bbox 2264 1775 2321 1802; x_wconf 88' lang='lat' dir='ltr'>Cic.</span> <span class='ocrx_word' id='word_1_1588' title='bbox 2335 1771 2408 1802; x_wconf 60' lang='lat' dir='ltr'>offici</span> <span class='ocrx_word' id='word_1_1589' title='bbox 2430 1791 2431 1794; x_wconf 67' lang='lat'><em>=</em></span> 
     </span>
     <span class='ocr_line' id='line_1_194' title="bbox 1403 1806 2420 1842; baseline 0.002 -8"><span class='ocrx_word' id='word_1_1590' title='bbox 1403 1818 1442 1842; x_wconf 86' lang='lat'>44</span> <span class='ocrx_word' id='word_1_1591' title='bbox 1456 1817 1514 1840; x_wconf 77' lang='lat' dir='ltr'>c.13</span> <span class='ocrx_word' id='word_1_1592' title='bbox 1541 1808 1612 1835; x_wconf 89' lang='lat' dir='ltr'>Nam</span> <span class='ocrx_word' id='word_1_1593' title='bbox 1627 1807 1644 1834; x_wconf 84' lang='lat' dir='ltr'>si</span> <span class='ocrx_word' id='word_1_1594' title='bbox 1659 1809 1719 1842; x_wconf 82' lang='lat' dir='ltr'>quis</span> <span class='ocrx_word' id='word_1_1595' title='bbox 1736 1807 1768 1834; x_wconf 83' lang='lat' dir='ltr'>ab</span> <span class='ocrx_word' id='word_1_1596' title='bbox 1788 1808 1896 1834; x_wconf 89' lang='lat' dir='ltr'>ineunte</span> <span class='ocrx_word' id='word_1_1597' title='bbox 1916 1815 2000 1835; x_wconf 86' lang='lat' dir='ltr'>aetate</span> <span class='ocrx_word' id='word_1_1598' title='bbox 2022 1811 2102 1837; x_wconf 79' lang='lat' dir='ltr'>habet</span> <span class='ocrx_word' id='word_1_1599' title='bbox 2123 1811 2226 1838; x_wconf 84' lang='lat' dir='ltr'>causam</span> <span class='ocrx_word' id='word_1_1600' title='bbox 2246 1806 2420 1837; x_wconf 51' lang='lat' dir='ltr'>celebritati&amp;</span> 
     </span>
     <span class='ocr_line' id='line_1_195' title="bbox 1415 1844 2428 1884; baseline -0.003 -9"><span class='ocrx_word' id='word_1_1601' title='bbox 1415 1881 1420 1884; x_wconf 26' lang='grc' dir='ltr'><strong>ῃ</strong></span> <span class='ocrx_word' id='word_1_1602' title='bbox 1496 1880 1500 1884; x_wconf 43' lang='grc'>,</span> <span class='ocrx_word' id='word_1_1603' title='bbox 1528 1880 1532 1884; x_wconf 92' lang='lat'>.</span> <span class='ocrx_word' id='word_1_1604' title='bbox 1687 1880 1692 1884; x_wconf 40' lang='grc' dir='ltr'>Ι</span> <span class='ocrx_word' id='word_1_1605' title='bbox 1745 1879 1750 1884; x_wconf 36' lang='grc' dir='ltr'>ι</span> <span class='ocrx_word' id='word_1_1606' title='bbox 1772 1880 1776 1884; x_wconf 94' lang='lat'>.</span> <span class='ocrx_word' id='word_1_1607' title='bbox 1885 1879 1890 1883; x_wconf 41' lang='grc'><em>.</em></span> <span class='ocrx_word' id='word_1_1608' title='bbox 1993 1844 2069 1870; x_wconf 81' lang='lat' dir='ltr'>Idem</span> <span class='ocrx_word' id='word_1_1609' title='bbox 2083 1855 2133 1879; x_wconf 89' lang='lat' dir='ltr'>pro</span> <span class='ocrx_word' id='word_1_1610' title='bbox 2146 1846 2243 1873; x_wconf 90' lang='lat' dir='ltr'>Milon.</span> <span class='ocrx_word' id='word_1_1611' title='bbox 2259 1851 2291 1881; x_wconf 86' lang='lat'>87</span> <span class='ocrx_word' id='word_1_1612' title='bbox 2304 1855 2326 1873; x_wconf 89' lang='lat' dir='ltr'>c.</span> <span class='ocrx_word' id='word_1_1613' title='bbox 2339 1853 2376 1878; x_wconf 71' lang='lat' dir='ltr'>32.v</span> <span class='ocrx_word' id='word_1_1614' title='bbox 2389 1844 2428 1880; x_wconf 55' lang='lat' dir='ltr'>Sp&amp;</span> 
     </span>
     <span class='ocr_line' id='line_1_196' title="bbox 1402 1879 2426 1913; baseline 0.003 -8"><span class='ocrx_word' id='word_1_1615' title='bbox 1402 1880 1480 1905; x_wconf 84' lang='lat' dir='ltr'>liatus</span> <span class='ocrx_word' id='word_1_1616' title='bbox 1493 1879 1565 1905; x_wconf 81' lang='lat' dir='ltr'>illius</span> <span class='ocrx_word' id='word_1_1617' title='bbox 1578 1880 1695 1913; x_wconf 85' lang='lat' dir='ltr'>supremi</span> <span class='ocrx_word' id='word_1_1618' title='bbox 1718 1880 1779 1905; x_wconf 81' lang='lat' dir='ltr'>Diei</span> <span class='ocrx_word' id='word_1_1619' title='bbox 1793 1879 1961 1910; x_wconf 83' lang='lat' dir='ltr'>celebritate,</span> <span class='ocrx_word' id='word_1_1620' title='bbox 1988 1887 2070 1913; x_wconf 88' lang='lat' dir='ltr'>quam</span> <span class='ocrx_word' id='word_1_1621' title='bbox 2088 1881 2232 1907; x_wconf 85' lang='lat' dir='ltr'>concedere</span> <span class='ocrx_word' id='word_1_1622' title='bbox 2252 1882 2334 1908; x_wconf 84' lang='lat' dir='ltr'>etiam</span> <span class='ocrx_word' id='word_1_1623' title='bbox 2346 1879 2426 1907; x_wconf 65' lang='lat' dir='ltr'>inimi</span> 
     </span>
     <span class='ocr_line' id='line_1_197' title="bbox 1403 1914 2446 1949; baseline 0.003 -9"><span class='ocrx_word' id='word_1_1624' title='bbox 1403 1915 1506 1945; x_wconf 88' lang='lat' dir='ltr'>solent,</span> <span class='ocrx_word' id='word_1_1625' title='bbox 1527 1914 1680 1940; x_wconf 80' lang='lat' dir='ltr'>amburetur</span> <span class='ocrx_word' id='word_1_1626' title='bbox 1701 1914 1828 1940; x_wconf 64' lang='lat' dir='ltr'>abiectus.</span> <span class='ocrx_word' id='word_1_1627' title='bbox 1849 1917 1867 1939; x_wconf 93' lang='lat' dir='ltr'>i.</span> <span class='ocrx_word' id='word_1_1628' title='bbox 1884 1914 2019 1949; x_wconf 61' lang='lat' dir='ltr'>Eascquiis.</span> <span class='ocrx_word' id='word_1_1629' title='bbox 2092 1916 2123 1941; x_wconf 81' lang='lat' dir='ltr'>Et</span> <span class='ocrx_word' id='word_1_1630' title='bbox 2135 1915 2220 1942; x_wconf 85' lang='lat' dir='ltr'>Tusc.</span> <span class='ocrx_word' id='word_1_1631' title='bbox 2242 1924 2262 1948; x_wconf 81' lang='grc' dir='ltr'>ι,</span> <span class='ocrx_word' id='word_1_1632' title='bbox 2281 1922 2313 1946; x_wconf 83' lang='lat'>28</span> <span class='ocrx_word' id='word_1_1633' title='bbox 2344 1915 2424 1943; x_wconf 69' lang='lat' dir='ltr'>Eadem</span> <span class='ocrx_word' id='word_1_1634' title='bbox 2441 1914 2446 1926; x_wconf 82' lang='grc'><em>’</em></span> 
     </span>
     <span class='ocr_line' id='line_1_198' title="bbox 1403 1948 2422 1986; baseline 0.003 -11"><span class='ocrx_word' id='word_1_1635' title='bbox 1403 1958 1455 1984; x_wconf 88' lang='lat' dir='ltr'>que</span> <span class='ocrx_word' id='word_1_1636' title='bbox 1463 1950 1558 1976; x_wconf 87' lang='lat' dir='ltr'>Famae</span> <span class='ocrx_word' id='word_1_1637' title='bbox 1572 1948 1724 1975; x_wconf 86' lang='lat' dir='ltr'>celebritate</span> <span class='ocrx_word' id='word_1_1638' title='bbox 1737 1948 1914 1981; x_wconf 87' lang='lat' dir='ltr'>Tyndaridae</span> <span class='ocrx_word' id='word_1_1639' title='bbox 1929 1948 2040 1982; x_wconf 85' lang='lat' dir='ltr'>fratres,</span> <span class='ocrx_word' id='word_1_1640' title='bbox 2059 1951 2105 1984; x_wconf 89' lang='lat' dir='ltr'>qui</span> <span class='ocrx_word' id='word_1_1641' title='bbox 2115 1970 2123 1983; x_wconf 86' lang='lat'>,</span> <span class='ocrx_word' id='word_1_1642' title='bbox 2142 1957 2188 1976; x_wconf 81' lang='lat' dir='ltr'>etc.</span> <span class='ocrx_word' id='word_1_1643' title='bbox 2243 1951 2302 1977; x_wconf 90' lang='lat' dir='ltr'>Cic.</span> <span class='ocrx_word' id='word_1_1644' title='bbox 2316 1951 2389 1978; x_wconf 82' lang='lat' dir='ltr'>Fam.</span> <span class='ocrx_word' id='word_1_1645' title='bbox 2399 1959 2422 1986; x_wconf 86' lang='lat'>7.</span> 
     </span>
    </p>

    <p class='ocr_par' dir='ltr' id='par_1_55' title="bbox 1403 1979 2422 2022">
     <span class='ocr_line' id='line_1_199' title="bbox 1403 1979 2422 2022; baseline 0.001 -10"><span class='ocrx_word' id='word_1_1646' title='bbox 1403 1985 1462 2012; x_wconf 89' lang='lat' dir='ltr'>Nos</span> <span class='ocrx_word' id='word_1_1647' title='bbox 1483 1984 1527 2011; x_wconf 88' lang='lat' dir='ltr'>hic</span> <span class='ocrx_word' id='word_1_1648' title='bbox 1541 1985 1569 2010; x_wconf 92' lang='lat' dir='ltr'>in</span> <span class='ocrx_word' id='word_1_1649' title='bbox 1582 1983 1756 2010; x_wconf 85' lang='lat' dir='ltr'>multitudine</span> <span class='ocrx_word' id='word_1_1650' title='bbox 1776 1991 1802 2010; x_wconf 87' lang='lat' dir='ltr'>et</span> <span class='ocrx_word' id='word_1_1651' title='bbox 1822 1983 1974 2010; x_wconf 85' lang='lat' dir='ltr'>celebritate</span> <span class='ocrx_word' id='word_1_1652' title='bbox 1993 1985 2174 2019; x_wconf 83' lang='lat' dir='ltr'>Iudiciorum,</span> <span class='ocrx_word' id='word_1_1653' title='bbox 2200 1990 2226 2013; x_wconf 84' lang='lat' dir='ltr'>et</span> <span class='ocrx_word' id='word_1_1654' title='bbox 2249 1986 2328 2013; x_wconf 82' lang='lat' dir='ltr'>nouis</span> <span class='ocrx_word' id='word_1_1655' title='bbox 2348 1979 2422 2022; x_wconf 77' lang='lat' dir='ltr'>legib&#39;</span> 
     </span>
    </p>

    <p class='ocr_par' dir='ltr' id='par_1_56' title="bbox 1756 2018 2421 2053">
     <span class='ocr_line' id='line_1_200' title="bbox 1756 2018 2421 2053; baseline 0.003 -7"><span class='ocrx_word' id='word_1_1656' title='bbox 1756 2019 1827 2046; x_wconf 86' lang='lat' dir='ltr'>Suet.</span> <span class='ocrx_word' id='word_1_1657' title='bbox 1841 2019 1873 2045; x_wconf 89' lang='lat' dir='ltr'>de</span> <span class='ocrx_word' id='word_1_1658' title='bbox 1887 2018 2119 2047; x_wconf 86' lang='lat' dir='ltr'>Illust.Grarnmat.</span> <span class='ocrx_word' id='word_1_1659' title='bbox 2133 2029 2161 2053; x_wconf 81' lang='lat'>23</span> <span class='ocrx_word' id='word_1_1660' title='bbox 2182 2021 2421 2048; x_wconf 82' lang='lat' dir='ltr'>Gloriabaturetiai</span> 
     </span>
    </p>

    <p class='ocr_par' dir='ltr' id='par_1_57' title="bbox 1402 2054 2439 2550">
     <span class='ocr_line' id='line_1_201' title="bbox 1402 2054 2439 2092; baseline 0 -9"><span class='ocrx_word' id='word_1_1661' title='bbox 1402 2057 1517 2091; x_wconf 73' lang='lat' dir='ltr'>latrones</span> <span class='ocrx_word' id='word_1_1662' title='bbox 1532 2056 1666 2092; x_wconf 88' lang='lat' dir='ltr'>quondam</span> <span class='ocrx_word' id='word_1_1663' title='bbox 1681 2055 1730 2082; x_wconf 82' lang='lat' dir='ltr'>fibi</span> <span class='ocrx_word' id='word_1_1664' title='bbox 1744 2061 1853 2090; x_wconf 89' lang='lat' dir='ltr'>propter</span> <span class='ocrx_word' id='word_1_1665' title='bbox 1867 2054 1994 2081; x_wconf 86' lang='lat' dir='ltr'>Nominis</span> <span class='ocrx_word' id='word_1_1666' title='bbox 2013 2055 2193 2083; x_wconf 84' lang='lat' dir='ltr'>celebritatem</span> <span class='ocrx_word' id='word_1_1667' title='bbox 2213 2056 2322 2091; x_wconf 79' lang='lat' dir='ltr'>parfiffe.</span> <span class='ocrx_word' id='word_1_1668' title='bbox 2391 2057 2422 2083; x_wconf 80' lang='lat' dir='ltr'>Se</span> <span class='ocrx_word' id='word_1_1669' title='bbox 2438 2054 2439 2065; x_wconf 64' lang='lat'>¹</span> 
     </span>
     <span class='ocr_line' id='line_1_202' title="bbox 1403 2089 2421 2126; baseline 0 -8"><span class='ocrx_word' id='word_1_1670' title='bbox 1403 2093 1547 2120; x_wconf 88' lang='lat' dir='ltr'>tentiarum</span> <span class='ocrx_word' id='word_1_1671' title='bbox 1561 2091 1702 2118; x_wconf 88' lang='lat' dir='ltr'>celebritas</span> <span class='ocrx_word' id='word_1_1672' title='bbox 1720 2091 1832 2126; x_wconf 84' lang='lat' dir='ltr'>pristina</span> <span class='ocrx_word' id='word_1_1673' title='bbox 1845 2089 1969 2117; x_wconf 84' lang='lat' dir='ltr'>manebat</span> <span class='ocrx_word' id='word_1_1674' title='bbox 2002 2090 2059 2116; x_wconf 89' lang='lat' dir='ltr'>Cic.</span> <span class='ocrx_word' id='word_1_1675' title='bbox 2073 2090 2105 2116; x_wconf 86' lang='lat' dir='ltr'>de</span> <span class='ocrx_word' id='word_1_1676' title='bbox 2116 2091 2188 2117; x_wconf 87' lang='lat' dir='ltr'>Clar.</span> <span class='ocrx_word' id='word_1_1677' title='bbox 2201 2092 2277 2118; x_wconf 80' lang='lat' dir='ltr'>Orat.</span> <span class='ocrx_word' id='word_1_1678' title='bbox 2294 2098 2351 2126; x_wconf 80' lang='lat'>327.</span> <span class='ocrx_word' id='word_1_1679' title='bbox 2405 2091 2421 2118; x_wconf 74' lang='grc'>5</span> 
     </span>
     <span class='ocr_line' id='line_1_203' title="bbox 1405 2125 2411 2161; baseline 0 -8"><span class='ocrx_word' id='word_1_1680' title='bbox 1405 2130 1480 2154; x_wconf 83' lang='lat' dir='ltr'>Grut.</span> <span class='ocrx_word' id='word_1_1681' title='bbox 1495 2135 1519 2154; x_wconf 82' lang='lat' dir='ltr'>et</span> <span class='ocrx_word' id='word_1_1682' title='bbox 1534 2129 1610 2154; x_wconf 80' lang='lat' dir='ltr'>Gron.</span> <span class='ocrx_word' id='word_1_1683' title='bbox 1624 2127 1759 2154; x_wconf 86' lang='lat' dir='ltr'>crebritas.</span> <span class='ocrx_word' id='word_1_1684' title='bbox 1802 2126 1877 2153; x_wconf 88' lang='lat' dir='ltr'>Idem</span> <span class='ocrx_word' id='word_1_1685' title='bbox 1891 2127 1921 2152; x_wconf 93' lang='lat' dir='ltr'>in</span> <span class='ocrx_word' id='word_1_1686' title='bbox 1932 2126 2022 2152; x_wconf 89' lang='lat' dir='ltr'>Somn.</span> <span class='ocrx_word' id='word_1_1687' title='bbox 2036 2125 2103 2160; x_wconf 91' lang='lat' dir='ltr'>Scip.</span> <span class='ocrx_word' id='word_1_1688' title='bbox 2119 2133 2147 2160; x_wconf 89' lang='lat'>17</span> <span class='ocrx_word' id='word_1_1689' title='bbox 2161 2134 2182 2151; x_wconf 90' lang='lat' dir='ltr'>c.</span> <span class='ocrx_word' id='word_1_1690' title='bbox 2196 2127 2213 2151; x_wconf 90' lang='lat'><strong>6</strong></span> <span class='ocrx_word' id='word_1_1691' title='bbox 2226 2126 2277 2153; x_wconf 88' lang='lat' dir='ltr'>Tu</span> <span class='ocrx_word' id='word_1_1692' title='bbox 2289 2126 2362 2152; x_wconf 88' lang='lat' dir='ltr'>enim</span> <span class='ocrx_word' id='word_1_1693' title='bbox 2375 2134 2411 2161; x_wconf 86' lang='lat' dir='ltr'>qu</span> 
     </span>
     <span class='ocr_line' id='line_1_204' title="bbox 1405 2160 2419 2196; baseline 0.001 -9"><span class='ocrx_word' id='word_1_1694' title='bbox 1405 2162 1587 2188; x_wconf 86' lang='lat' dir='ltr'>celebritatem</span> <span class='ocrx_word' id='word_1_1695' title='bbox 1597 2163 1731 2189; x_wconf 71' lang='lat' dir='ltr'>Sermonis</span> <span class='ocrx_word' id='word_1_1696' title='bbox 1744 2162 1901 2193; x_wconf 86' lang='lat' dir='ltr'>hominum,</span> <span class='ocrx_word' id='word_1_1697' title='bbox 1921 2167 1967 2188; x_wconf 84' lang='lat' dir='ltr'>aut</span> <span class='ocrx_word' id='word_1_1698' title='bbox 1986 2170 2066 2196; x_wconf 89' lang='lat' dir='ltr'>quam</span> <span class='ocrx_word' id='word_1_1699' title='bbox 2078 2160 2253 2195; x_wconf 83' lang='lat' dir='ltr'>expetendam</span> <span class='ocrx_word' id='word_1_1700' title='bbox 2269 2160 2382 2196; x_wconf 80' lang='lat' dir='ltr'>gloriam</span> <span class='ocrx_word' id='word_1_1701' title='bbox 2394 2168 2419 2195; x_wconf 54' lang='lat'>1..</span> 
     </span>
     <span class='ocr_line' id='line_1_205' title="bbox 1659 2195 2379 2231; baseline 0 -9"><span class='ocrx_word' id='word_1_1702' title='bbox 1659 2198 1693 2223; x_wconf 82' lang='lat' dir='ltr'>Et</span> <span class='ocrx_word' id='word_1_1703' title='bbox 1711 2197 1741 2222; x_wconf 86' lang='lat' dir='ltr'>in</span> <span class='ocrx_word' id='word_1_1704' title='bbox 1756 2198 1788 2222; x_wconf 95' lang='lat' dir='ltr'>L.</span> <span class='ocrx_word' id='word_1_1705' title='bbox 1808 2197 1894 2222; x_wconf 89' lang='lat' dir='ltr'>Pison.</span> <span class='ocrx_word' id='word_1_1706' title='bbox 1915 2199 1951 2229; x_wconf 87' lang='lat'>64</span> <span class='ocrx_word' id='word_1_1707' title='bbox 1982 2197 2063 2223; x_wconf 87' lang='lat' dir='ltr'>Nunc</span> <span class='ocrx_word' id='word_1_1708' title='bbox 2083 2197 2165 2223; x_wconf 87' lang='lat' dir='ltr'>etiarn</span> <span class='ocrx_word' id='word_1_1709' title='bbox 2178 2196 2207 2223; x_wconf 86' lang='lat' dir='ltr'>in</span> <span class='ocrx_word' id='word_1_1710' title='bbox 2223 2195 2272 2223; x_wconf 86' lang='lat' dir='ltr'>hac</span> <span class='ocrx_word' id='word_1_1711' title='bbox 2292 2195 2379 2231; x_wconf 86' lang='lat' dir='ltr'>quoti</span> 
     </span>
     <span class='ocr_line' id='line_1_206' title="bbox 1406 2231 2379 2266; baseline -0.001 -7"><span class='ocrx_word' id='word_1_1712' title='bbox 1406 2232 1516 2264; x_wconf 86' lang='lat' dir='ltr'>affidua,</span> <span class='ocrx_word' id='word_1_1713' title='bbox 1541 2232 1696 2266; x_wconf 84' lang='lat' dir='ltr'>vrbanaque</span> <span class='ocrx_word' id='word_1_1714' title='bbox 1709 2231 1766 2258; x_wconf 88' lang='lat' dir='ltr'>vita</span> <span class='ocrx_word' id='word_1_1715' title='bbox 1780 2231 1946 2266; x_wconf 87' lang='lat' dir='ltr'>splendorem</span> <span class='ocrx_word' id='word_1_1716' title='bbox 1960 2236 2053 2264; x_wconf 88' lang='lat' dir='ltr'>tuum,</span> <span class='ocrx_word' id='word_1_1717' title='bbox 2071 2232 2199 2266; x_wconf 75' lang='lat' dir='ltr'>gratiam,</span> <span class='ocrx_word' id='word_1_1718' title='bbox 2217 2231 2379 2259; x_wconf 79' lang='lat' dir='ltr'>celebritat-</span> 
     </span>
     <span class='ocr_line' id='line_1_207' title="bbox 1405 2266 2365 2301; baseline 0 -7"><span class='ocrx_word' id='word_1_1719' title='bbox 1405 2268 1555 2299; x_wconf 86' lang='lat' dir='ltr'>mesticam,</span> <span class='ocrx_word' id='word_1_1720' title='bbox 1575 2276 1684 2301; x_wconf 87' lang='lat' dir='ltr'>operam</span> <span class='ocrx_word' id='word_1_1721' title='bbox 1698 2267 1847 2299; x_wconf 79' lang='lat' dir='ltr'>sorensem,</span> <span class='ocrx_word' id='word_1_1722' title='bbox 1868 2266 2024 2300; x_wconf 85' lang='lat' dir='ltr'>confilium,</span> <span class='ocrx_word' id='word_1_1723' title='bbox 2043 2266 2191 2300; x_wconf 81' lang='lat' dir='ltr'>auxilium,</span> <span class='ocrx_word' id='word_1_1724' title='bbox 2204 2274 2251 2294; x_wconf 83' lang='lat' dir='ltr'>etc.</span> <span class='ocrx_word' id='word_1_1725' title='bbox 2302 2267 2365 2294; x_wconf 90' lang='lat' dir='ltr'>Liu.</span> 
     </span>
     <span class='ocr_line' id='line_1_208' title="bbox 1405 2302 2378 2338; baseline 0.001 -9"><span class='ocrx_word' id='word_1_1726' title='bbox 1405 2303 1488 2330; x_wconf 83' lang='lat' dir='ltr'>Ludis</span> <span class='ocrx_word' id='word_1_1727' title='bbox 1503 2302 1684 2329; x_wconf 83' lang='lat' dir='ltr'>celebritatem</span> <span class='ocrx_word' id='word_1_1728' title='bbox 1698 2302 1809 2329; x_wconf 86' lang='lat' dir='ltr'>Addidit</span> <span class='ocrx_word' id='word_1_1729' title='bbox 1823 2302 1893 2329; x_wconf 85' lang='lat' dir='ltr'>sedes</span> <span class='ocrx_word' id='word_1_1730' title='bbox 1906 2303 1950 2329; x_wconf 89' lang='lat' dir='ltr'>sua</span> <span class='ocrx_word' id='word_1_1731' title='bbox 1963 2303 2085 2329; x_wconf 86' lang='lat' dir='ltr'>sollemni</span> <span class='ocrx_word' id='word_1_1732' title='bbox 2101 2302 2249 2338; x_wconf 68' lang='lat' dir='ltr'>speetaculo</span> <span class='ocrx_word' id='word_1_1733' title='bbox 2262 2302 2378 2330; x_wconf 86' lang='lat' dir='ltr'>reddita</span> 
     </span>
     <span class='ocr_line' id='line_1_209' title="bbox 1406 2337 2381 2375; baseline -0.001 -9"><span class='ocrx_word' id='word_1_1734' title='bbox 1406 2339 1555 2366; x_wconf 74' lang='lat' dir='ltr'>Celebriores</span> <span class='ocrx_word' id='word_1_1735' title='bbox 1574 2345 1598 2365; x_wconf 85' lang='lat' dir='ltr'>et</span> <span class='ocrx_word' id='word_1_1736' title='bbox 1610 2338 1799 2374; x_wconf 77' lang='lat' dir='ltr'>frequentiores</span> <span class='ocrx_word' id='word_1_1737' title='bbox 1815 2337 1892 2373; x_wconf 81' lang='lat' dir='ltr'>fuere</span> <span class='ocrx_word' id='word_1_1738' title='bbox 1912 2337 1966 2364; x_wconf 81' lang='lat' dir='ltr'>Iudi</span> <span class='ocrx_word' id='word_1_1739' title='bbox 1978 2358 1986 2370; x_wconf 88' lang='lat'>,</span> <span class='ocrx_word' id='word_1_1740' title='bbox 2011 2345 2118 2373; x_wconf 77' lang='lat' dir='ltr'>propter</span> <span class='ocrx_word' id='word_1_1741' title='bbox 2141 2341 2274 2373; x_wconf 71' lang='lat' dir='ltr'>propriam</span> <span class='ocrx_word' id='word_1_1742' title='bbox 2289 2339 2349 2375; x_wconf 77' lang='lat' dir='ltr'>sede</span> <span class='ocrx_word' id='word_1_1743' title='bbox 2379 2338 2381 2342; x_wconf 78' lang='grc'>’</span> 
     </span>
     <span class='ocr_line' id='line_1_210' title="bbox 1819 2373 2375 2408; baseline 0.005 -9"><span class='ocrx_word' id='word_1_1744' title='bbox 1819 2373 1875 2400; x_wconf 88' lang='lat' dir='ltr'>Cic.</span> <span class='ocrx_word' id='word_1_1745' title='bbox 1893 2382 1943 2407; x_wconf 91' lang='lat' dir='ltr'>pro</span> <span class='ocrx_word' id='word_1_1746' title='bbox 1962 2373 2052 2399; x_wconf 90' lang='lat' dir='ltr'>Domo</span> <span class='ocrx_word' id='word_1_1747' title='bbox 2072 2375 2108 2408; x_wconf 87' lang='lat'>76</span> <span class='ocrx_word' id='word_1_1748' title='bbox 2133 2374 2226 2408; x_wconf 88' lang='lat' dir='ltr'>Itaque</span> <span class='ocrx_word' id='word_1_1749' title='bbox 2246 2374 2294 2401; x_wconf 89' lang='lat' dir='ltr'>ille</span> <span class='ocrx_word' id='word_1_1750' title='bbox 2312 2384 2375 2402; x_wconf 90' lang='lat' dir='ltr'>vnu</span> 
     </span>
     <span class='ocr_line' id='line_1_211' title="bbox 1407 2408 2316 2447; baseline 0 -10"><span class='ocrx_word' id='word_1_1751' title='bbox 1407 2421 1462 2447; x_wconf 92' lang='lat' dir='ltr'>quo</span> <span class='ocrx_word' id='word_1_1752' title='bbox 1476 2410 1520 2437; x_wconf 87' lang='lat' dir='ltr'>die</span> <span class='ocrx_word' id='word_1_1753' title='bbox 1532 2420 1575 2437; x_wconf 88' lang='lat' dir='ltr'>me</span> <span class='ocrx_word' id='word_1_1754' title='bbox 1589 2409 1702 2444; x_wconf 87' lang='lat' dir='ltr'>Populus</span> <span class='ocrx_word' id='word_1_1755' title='bbox 1715 2411 1849 2436; x_wconf 87' lang='lat' dir='ltr'>Romanus</span> <span class='ocrx_word' id='word_1_1756' title='bbox 1869 2418 1884 2435; x_wconf 91' lang='lat' dir='ltr'>a</span> <span class='ocrx_word' id='word_1_1757' title='bbox 1894 2417 1971 2444; x_wconf 87' lang='lat' dir='ltr'>porta</span> <span class='ocrx_word' id='word_1_1758' title='bbox 1991 2409 2021 2435; x_wconf 86' lang='lat' dir='ltr'>in</span> <span class='ocrx_word' id='word_1_1759' title='bbox 2036 2408 2216 2443; x_wconf 83' lang='lat' dir='ltr'>Capitolium,</span> <span class='ocrx_word' id='word_1_1760' title='bbox 2236 2415 2316 2445; x_wconf 82' lang='lat' dir='ltr'>atque</span> 
     </span>
     <span class='ocr_line' id='line_1_212' title="bbox 1406 2441 2416 2480; baseline -0.002 -6"><span class='ocrx_word' id='word_1_1761' title='bbox 1406 2456 1482 2474; x_wconf 85' lang='lat' dir='ltr'>nium</span> <span class='ocrx_word' id='word_1_1762' title='bbox 1494 2448 1538 2473; x_wconf 89' lang='lat' dir='ltr'>sua</span> <span class='ocrx_word' id='word_1_1763' title='bbox 1559 2446 1713 2473; x_wconf 87' lang='lat' dir='ltr'>celebritate</span> <span class='ocrx_word' id='word_1_1764' title='bbox 1731 2445 1888 2480; x_wconf 88' lang='lat' dir='ltr'>laetitiaque</span> <span class='ocrx_word' id='word_1_1765' title='bbox 1909 2445 2065 2471; x_wconf 83' lang='lat' dir='ltr'>comitatum</span> <span class='ocrx_word' id='word_1_1766' title='bbox 2080 2444 2253 2477; x_wconf 78' lang='lat' dir='ltr'>Honestauit,</span> <span class='ocrx_word' id='word_1_1767' title='bbox 2278 2447 2366 2473; x_wconf 80' lang='lat' dir='ltr'>tantae</span> <span class='ocrx_word' id='word_1_1768' title='bbox 2384 2450 2400 2476; x_wconf 66' lang='grc' dir='ltr'>ιιζ</span> <span class='ocrx_word' id='word_1_1769' title='bbox 2412 2441 2416 2467; x_wconf 69' lang='lat' dir='ltr'>s</span> 
     </span>
     <span class='ocr_line' id='line_1_213' title="bbox 1408 2472 2427 2515; baseline -0.003 -5"><span class='ocrx_word' id='word_1_1770' title='bbox 1408 2490 1455 2510; x_wconf 81' lang='lat' dir='ltr'>etc.</span> <span class='ocrx_word' id='word_1_1771' title='bbox 1527 2481 1649 2509; x_wconf 87' lang='lat' dir='ltr'>Macrob.</span> <span class='ocrx_word' id='word_1_1772' title='bbox 1662 2482 1763 2508; x_wconf 86' lang='lat' dir='ltr'>Saturn.</span> <span class='ocrx_word' id='word_1_1773' title='bbox 1778 2491 1804 2513; x_wconf 82' lang='lat'>2,</span> <span class='ocrx_word' id='word_1_1774' title='bbox 1819 2489 1837 2515; x_wconf 89' lang='lat'><strong>7</strong></span> <span class='ocrx_word' id='word_1_1775' title='bbox 1868 2480 1895 2507; x_wconf 90' lang='lat' dir='ltr'>Si</span> <span class='ocrx_word' id='word_1_1776' title='bbox 1913 2480 2002 2515; x_wconf 89' lang='lat' dir='ltr'>aliqua</span> <span class='ocrx_word' id='word_1_1777' title='bbox 2016 2472 2126 2507; x_wconf 85' lang='lat' dir='ltr'>Laberii</span> <span class='ocrx_word' id='word_1_1778' title='bbox 2145 2486 2171 2507; x_wconf 86' lang='lat' dir='ltr'>et</span> <span class='ocrx_word' id='word_1_1779' title='bbox 2187 2478 2275 2508; x_wconf 82' lang='lat' dir='ltr'>Publii</span> <span class='ocrx_word' id='word_1_1780' title='bbox 2287 2480 2358 2508; x_wconf 51' lang='lat' dir='ltr'>diota</span> <span class='ocrx_word' id='word_1_1781' title='bbox 2398 2472 2427 2500; x_wconf 44' lang='grc' dir='ltr'><em>Ψ</em></span> 
     </span>
     <span class='ocr_line' id='line_1_214' title="bbox 1409 2513 2411 2550; baseline -0.001 -5"><span class='ocrx_word' id='word_1_1782' title='bbox 1409 2527 1515 2550; x_wconf 87' lang='lat' dir='ltr'>remus,</span> <span class='ocrx_word' id='word_1_1783' title='bbox 1545 2517 1701 2544; x_wconf 90' lang='lat' dir='ltr'>videbimur</span> <span class='ocrx_word' id='word_1_1784' title='bbox 1723 2523 1749 2544; x_wconf 89' lang='lat' dir='ltr'>et</span> <span class='ocrx_word' id='word_1_1785' title='bbox 1769 2515 1915 2544; x_wconf 85' lang='lat' dir='ltr'>adhibendi</span> <span class='ocrx_word' id='word_1_1786' title='bbox 1936 2516 2067 2543; x_wconf 87' lang='lat' dir='ltr'>conuiuio</span> <span class='ocrx_word' id='word_1_1787' title='bbox 2086 2517 2190 2545; x_wconf 79' lang='lat' dir='ltr'>mimos.</span> <span class='ocrx_word' id='word_1_1788' title='bbox 2204 2513 2291 2544; x_wconf 56' lang='lat' dir='ltr'>vitbfl&#39;e</span> <span class='ocrx_word' id='word_1_1789' title='bbox 2306 2514 2411 2544; x_wconf 66' lang='lat' dir='ltr'>lasciui*</span> 
     </span>
    </p>
   </div>
   <div class='ocr_carea' id='block_1_47' title="bbox 1401 2587 2441 3450">
    <p class='ocr_par' dir='ltr' id='par_1_58' title="bbox 1401 2587 2441 3450">
     <span class='ocr_line' id='line_1_215' title="bbox 1410 2587 2425 2622; baseline -0.003 -5"><span class='ocrx_word' id='word_1_1790' title='bbox 1410 2590 1523 2618; x_wconf 85' lang='lat' dir='ltr'>imitari.</span> <span class='ocrx_word' id='word_1_1791' title='bbox 1565 2588 1623 2616; x_wconf 87' lang='lat' dir='ltr'>Vid.</span> <span class='ocrx_word' id='word_1_1792' title='bbox 1637 2588 1771 2616; x_wconf 83' lang='lat' dir='ltr'>Bronckh.</span> <span class='ocrx_word' id='word_1_1793' title='bbox 1783 2589 1818 2616; x_wconf 80' lang='lat' dir='ltr'>ad</span> <span class='ocrx_word' id='word_1_1794' title='bbox 1829 2588 1891 2616; x_wconf 83' lang='lat' dir='ltr'>illud</span> <span class='ocrx_word' id='word_1_1795' title='bbox 1896 2587 2010 2615; x_wconf 87' lang='lat' dir='ltr'>Tibulli</span> <span class='ocrx_word' id='word_1_1796' title='bbox 2023 2597 2047 2621; x_wconf 88' lang='lat'>2,</span> <span class='ocrx_word' id='word_1_1797' title='bbox 2057 2597 2077 2620; x_wconf 90' lang='lat'>1,</span> <span class='ocrx_word' id='word_1_1798' title='bbox 2091 2596 2124 2622; x_wconf 91' lang='lat'>29</span> <span class='ocrx_word' id='word_1_1799' title='bbox 2143 2588 2213 2615; x_wconf 82' lang='lat' dir='ltr'>Vina</span> <span class='ocrx_word' id='word_1_1800' title='bbox 2228 2587 2299 2616; x_wconf 79' lang='lat' dir='ltr'>diem</span> <span class='ocrx_word' id='word_1_1801' title='bbox 2309 2587 2425 2615; x_wconf 64' lang='lat' dir='ltr'>celebret</span> 
     </span>
     <span class='ocr_line' id='line_1_216' title="bbox 1448 2622 2424 2660; baseline -0.003 -7"><span class='ocrx_word' id='word_1_1802' title='bbox 1448 2633 1465 2653; x_wconf 92' lang='lat' dir='ltr'>C</span> <span class='ocrx_word' id='word_1_1803' title='bbox 1474 2633 1491 2653; x_wconf 83' lang='lat' dir='ltr'>E</span> <span class='ocrx_word' id='word_1_1804' title='bbox 1501 2633 1517 2652; x_wconf 94' lang='lat' dir='ltr'>L</span> <span class='ocrx_word' id='word_1_1805' title='bbox 1528 2623 1545 2652; x_wconf 59' lang='lat' dir='ltr'>E</span> <span class='ocrx_word' id='word_1_1806' title='bbox 1555 2632 1571 2653; x_wconf 88' lang='lat' dir='ltr'>B</span> <span class='ocrx_word' id='word_1_1807' title='bbox 1580 2633 1599 2652; x_wconf 88' lang='lat' dir='ltr'>R</span> <span class='ocrx_word' id='word_1_1808' title='bbox 1608 2632 1627 2653; x_wconf 94' lang='lat' dir='ltr'>O</span> <span class='ocrx_word' id='word_1_1809' title='bbox 1639 2646 1647 2658; x_wconf 93' lang='lat'>,</span> <span class='ocrx_word' id='word_1_1810' title='bbox 1683 2629 1737 2652; x_wconf 65' lang='lat' dir='ltr'>are.</span> <span class='ocrx_word' id='word_1_1811' title='bbox 1783 2626 1794 2657; x_wconf 95' lang='lat'>[</span> <span class='ocrx_word' id='word_1_1812' title='bbox 1807 2623 1937 2659; x_wconf 75' lang='grc' dir='ltr'>ἓπιφοιτοῖω</span> <span class='ocrx_word' id='word_1_1813' title='bbox 1945 2644 1952 2655; x_wconf 86' lang='grc'><strong>,</strong></span> <span class='ocrx_word' id='word_1_1814' title='bbox 1980 2624 2002 2650; x_wconf 78' lang='grc' dir='ltr'>ἕο</span> <span class='ocrx_word' id='word_1_1815' title='bbox 2017 2623 2084 2659; x_wconf 68' lang='grc' dir='ltr'>τάξω</span> <span class='ocrx_word' id='word_1_1816' title='bbox 2093 2644 2102 2656; x_wconf 85' lang='grc'><strong>,</strong></span> <span class='ocrx_word' id='word_1_1817' title='bbox 2133 2622 2306 2660; x_wconf 69' lang='grc' dir='ltr'>σανηγνρίξυ.·</span> <span class='ocrx_word' id='word_1_1818' title='bbox 2323 2622 2424 2660; x_wconf 50' lang='lat' dir='ltr'>&#39;pruni</span> 
     </span>
     <span class='ocr_line' id='line_1_217' title="bbox 1411 2635 2423 2707; baseline -0.004 -18"><span class='ocrx_word' id='word_1_1819' title='bbox 1411 2660 1554 2694; x_wconf 77' lang='lat' dir='ltr'>celebrat,</span> <span class='ocrx_word' id='word_1_1820' title='bbox 1573 2662 1661 2697; x_wconf 68' lang='grc' dir='ltr'>πληρῖι</span> <span class='ocrx_word' id='word_1_1821' title='bbox 1683 2662 1743 2687; x_wconf 89' lang='lat' dir='ltr'>Vet.</span> <span class='ocrx_word' id='word_1_1822' title='bbox 1757 2661 1836 2687; x_wconf 81' lang='lat' dir='ltr'>Gloff.</span> <span class='ocrx_word' id='word_1_1823' title='bbox 1855 2659 1956 2694; x_wconf 70' lang='grc' dir='ltr'>φημίζει</span> <span class='ocrx_word' id='word_1_1824' title='bbox 1974 2635 2034 2695; x_wconf 44' lang='lat' dir='ltr'>Idi]</span> <span class='ocrx_word' id='word_1_1825' title='bbox 2056 2660 2124 2687; x_wconf 73' lang='lat' dir='ltr'>Idem</span> <span class='ocrx_word' id='word_1_1826' title='bbox 2129 2658 2332 2696; x_wconf 52' lang='lat' dir='ltr'>Jigv1ificat‘quod</span> <span class='ocrx_word' id='word_1_1827' title='bbox 2337 2658 2423 2707; x_wconf 78' lang='lat' dir='ltr'>fre</span> 
     </span>
     <span class='ocr_line' id='line_1_218' title="bbox 1409 2686 2429 2734; baseline -0.004 -9"><span class='ocrx_word' id='word_1_1828' title='bbox 1409 2705 1481 2725; x_wconf 82' lang='lat' dir='ltr'>tare.-</span> <span class='ocrx_word' id='word_1_1829' title='bbox 1512 2707 1542 2724; x_wconf 86' lang='lat' dir='ltr'>ac</span> <span class='ocrx_word' id='word_1_1830' title='bbox 1558 2700 1642 2733; x_wconf 81' lang='lat' dir='ltr'>primo</span> <span class='ocrx_word' id='word_1_1831' title='bbox 1656 2697 1751 2734; x_wconf 75' lang='lat' dir='ltr'>quidem</span> <span class='ocrx_word' id='word_1_1832' title='bbox 1765 2696 1800 2723; x_wconf 82' lang='lat' dir='ltr'>ad</span> <span class='ocrx_word' id='word_1_1833' title='bbox 1811 2697 1890 2723; x_wconf 78' lang='lat' dir='ltr'>locum</span> <span class='ocrx_word' id='word_1_1834' title='bbox 1902 2695 2031 2732; x_wconf 73' lang='lat' dir='ltr'>refertur,</span> <span class='ocrx_word' id='word_1_1835' title='bbox 2055 2695 2099 2722; x_wconf 84' lang='lat' dir='ltr'>vbi</span> <span class='ocrx_word' id='word_1_1836' title='bbox 2115 2694 2149 2729; x_wconf 66' lang='lat' dir='ltr'>qs?</span> <span class='ocrx_word' id='word_1_1837' title='bbox 2167 2705 2221 2722; x_wconf 87' lang='lat' dir='ltr'>cum</span> <span class='ocrx_word' id='word_1_1838' title='bbox 2237 2696 2324 2722; x_wconf 81' lang='lat' dir='ltr'>multis</span> <span class='ocrx_word' id='word_1_1839' title='bbox 2333 2694 2379 2722; x_wconf 73' lang='lat' dir='ltr'>‘uel&#39;</span> <span class='ocrx_word' id='word_1_1840' title='bbox 2410 2686 2429 2715; x_wconf 63' lang='lat' dir='ltr'>&lt;l</span> 
     </span>
     <span class='ocr_line' id='line_1_219' title="bbox 1661 2723 2430 2768; baseline -0.003 -9"><span class='ocrx_word' id='word_1_1841' title='bbox 1661 2732 1791 2760; x_wconf 84' lang='lat' dir='ltr'>Laudatur</span> <span class='ocrx_word' id='word_1_1842' title='bbox 1828 2732 1908 2768; x_wconf 79' lang='lat' dir='ltr'>nescio</span> <span class='ocrx_word' id='word_1_1843' title='bbox 1935 2731 1999 2758; x_wconf 83' lang='lat' dir='ltr'>vnde</span> <span class='ocrx_word' id='word_1_1844' title='bbox 2036 2732 2140 2764; x_wconf 88' lang='lat' dir='ltr'>Varro,</span> <span class='ocrx_word' id='word_1_1845' title='bbox 2165 2731 2219 2758; x_wconf 91' lang='lat' dir='ltr'>Cui</span> <span class='ocrx_word' id='word_1_1846' title='bbox 2237 2739 2293 2758; x_wconf 88' lang='lat' dir='ltr'>non</span> <span class='ocrx_word' id='word_1_1847' title='bbox 2315 2735 2370 2757; x_wconf 76' lang='lat' dir='ltr'>tam</span> <span class='ocrx_word' id='word_1_1848' title='bbox 2387 2723 2430 2765; x_wconf 68' lang='grc'>”’[</span> 
     </span>
     <span class='ocr_line' id='line_1_220' title="bbox 1410 2765 2419 2804; baseline -0.005 -7"><span class='ocrx_word' id='word_1_1849' title='bbox 1410 2774 1518 2802; x_wconf 86' lang='lat' dir='ltr'>erat‚vt</span> <span class='ocrx_word' id='word_1_1850' title='bbox 1530 2769 1628 2804; x_wconf 86' lang='lat' dir='ltr'>templa</span> <span class='ocrx_word' id='word_1_1851' title='bbox 1645 2768 1775 2800; x_wconf 84' lang='lat' dir='ltr'>deorum,</span> <span class='ocrx_word' id='word_1_1852' title='bbox 1807 2777 1888 2802; x_wconf 89' lang='lat' dir='ltr'>quam</span> <span class='ocrx_word' id='word_1_1853' title='bbox 1906 2772 1935 2794; x_wconf 88' lang='lat' dir='ltr'>vt</span> <span class='ocrx_word' id='word_1_1854' title='bbox 1950 2767 2059 2802; x_wconf 82' lang='lat' dir='ltr'>popinas</span> <span class='ocrx_word' id='word_1_1855' title='bbox 2073 2767 2227 2794; x_wconf 83' lang='lat' dir='ltr'>celebraret.</span> <span class='ocrx_word' id='word_1_1856' title='bbox 2297 2765 2358 2793; x_wconf 74' lang='lat' dir='ltr'>Cic&#39;.v</span> <span class='ocrx_word' id='word_1_1857' title='bbox 2399 2781 2401 2785; x_wconf 88' lang='lat'>.</span> <span class='ocrx_word' id='word_1_1858' title='bbox 2415 2774 2419 2781; x_wconf 76' lang='lat'>&#39;</span> 
     </span>
     <span class='ocr_line' id='line_1_221' title="bbox 1410 2799 2419 2840; baseline -0.005 -7"><span class='ocrx_word' id='word_1_1859' title='bbox 1410 2815 1439 2833; x_wconf 77' lang='lat'>12</span> <span class='ocrx_word' id='word_1_1860' title='bbox 1453 2815 1474 2832; x_wconf 90' lang='lat' dir='ltr'>c.</span> <span class='ocrx_word' id='word_1_1861' title='bbox 1489 2814 1508 2839; x_wconf 88' lang='lat'>4</span> <span class='ocrx_word' id='word_1_1862' title='bbox 1534 2804 1720 2840; x_wconf 89' lang='lat' dir='ltr'>Impellitque,</span> <span class='ocrx_word' id='word_1_1863' title='bbox 1745 2810 1775 2831; x_wconf 95' lang='lat' dir='ltr'>vt</span> <span class='ocrx_word' id='word_1_1864' title='bbox 1788 2803 1929 2830; x_wconf 89' lang='lat' dir='ltr'>hominum</span> <span class='ocrx_word' id='word_1_1865' title='bbox 1943 2804 2057 2835; x_wconf 90' lang='lat' dir='ltr'>Coetus,</span> <span class='ocrx_word' id='word_1_1866' title='bbox 2083 2809 2109 2829; x_wconf 91' lang='lat' dir='ltr'>et</span> <span class='ocrx_word' id='word_1_1867' title='bbox 2130 2802 2261 2830; x_wconf 87' lang='lat' dir='ltr'>celebrari</span> <span class='ocrx_word' id='word_1_1868' title='bbox 2278 2801 2348 2829; x_wconf 80' lang='lat' dir='ltr'>inter</span> <span class='ocrx_word' id='word_1_1869' title='bbox 2397 2799 2419 2834; x_wconf 56' lang='grc' dir='ltr'>’ζ</span> 
     </span>
     <span class='ocr_line' id='line_1_222' title="bbox 1401 2837 2422 2869; baseline -0.006 0"><span class='ocrx_word' id='word_1_1870' title='bbox 1401 2841 1460 2869; x_wconf 81' lang='lat' dir='ltr'>&#39;fibi</span> <span class='ocrx_word' id='word_1_1871' title='bbox 1473 2841 1582 2868; x_wconf 87' lang='lat' dir='ltr'>obediri</span> <span class='ocrx_word' id='word_1_1872' title='bbox 1600 2841 1675 2868; x_wconf 92' lang='lat' dir='ltr'>velit.</span> <span class='ocrx_word' id='word_1_1873' title='bbox 1728 2841 1770 2868; x_wconf 75' lang='lat' dir='ltr'>Sic</span> <span class='ocrx_word' id='word_1_1874' title='bbox 1789 2837 1888 2866; x_wconf 50' lang='lat' dir='ltr'>metor.</span> <span class='ocrx_word' id='word_1_1875' title='bbox 1901 2846 1925 2866; x_wconf 80' lang='lat' dir='ltr'>ee</span> <span class='ocrx_word' id='word_1_1876' title='bbox 1943 2840 2045 2866; x_wconf 80' lang='lat' dir='ltr'>Monut.</span> <span class='ocrx_word' id='word_1_1877' title='bbox 2060 2838 2108 2865; x_wconf 79' lang='lat' dir='ltr'>Sed</span> <span class='ocrx_word' id='word_1_1878' title='bbox 2127 2839 2201 2865; x_wconf 82' lang='lat' dir='ltr'>Grut.</span> <span class='ocrx_word' id='word_1_1879' title='bbox 2213 2847 2243 2865; x_wconf 79' lang='lat' dir='ltr'>cx</span> <span class='ocrx_word' id='word_1_1880' title='bbox 2255 2839 2330 2866; x_wconf 84' lang='lat' dir='ltr'>MSS.</span> <span class='ocrx_word' id='word_1_1881' title='bbox 2342 2844 2355 2864; x_wconf 85' lang='lat' dir='ltr'>c</span> <span class='ocrx_word' id='word_1_1882' title='bbox 2397 2842 2422 2866; x_wconf 49' lang='lat' dir='ltr'>ja</span> 
     </span>
     <span class='ocr_line' id='line_1_223' title="bbox 1410 2874 2357 2911; baseline -0.005 -6"><span class='ocrx_word' id='word_1_1883' title='bbox 1410 2878 1498 2911; x_wconf 82' lang='lat' dir='ltr'>tiones</span> <span class='ocrx_word' id='word_1_1884' title='bbox 1511 2883 1537 2904; x_wconf 90' lang='lat' dir='ltr'>et</span> <span class='ocrx_word' id='word_1_1885' title='bbox 1551 2878 1615 2909; x_wconf 81' lang='lat' dir='ltr'>effe,</span> <span class='ocrx_word' id='word_1_1886' title='bbox 1635 2884 1661 2904; x_wconf 84' lang='lat' dir='ltr'>et</span> <span class='ocrx_word' id='word_1_1887' title='bbox 1673 2885 1688 2903; x_wconf 89' lang='lat' dir='ltr'>a</span> <span class='ocrx_word' id='word_1_1888' title='bbox 1701 2875 1811 2902; x_wconf 82' lang='lat' dir='ltr'>seobiri</span> <span class='ocrx_word' id='word_1_1889' title='bbox 1833 2875 1909 2902; x_wconf 86' lang='lat' dir='ltr'>velit.</span> <span class='ocrx_word' id='word_1_1890' title='bbox 1982 2874 2038 2902; x_wconf 91' lang='lat' dir='ltr'>Cic.</span> <span class='ocrx_word' id='word_1_1891' title='bbox 2058 2874 2112 2901; x_wconf 85' lang='lat' dir='ltr'>Att.</span> <span class='ocrx_word' id='word_1_1892' title='bbox 2128 2882 2154 2906; x_wconf 88' lang='lat'>1,</span> <span class='ocrx_word' id='word_1_1893' title='bbox 2171 2883 2200 2907; x_wconf 89' lang='lat'>19</span> <span class='ocrx_word' id='word_1_1894' title='bbox 2224 2875 2318 2909; x_wconf 85' lang='lat' dir='ltr'>Itaque</span> <span class='ocrx_word' id='word_1_1895' title='bbox 2341 2877 2357 2896; x_wconf 72' lang='lat'>⁸</span> 
     </span>
     <span class='ocr_line' id='line_1_224' title="bbox 2275 2910 2416 2940; baseline -0.007 -4"><span class='ocrx_word' id='word_1_1896' title='bbox 2275 2910 2352 2936; x_wconf 59' lang='grc' dir='ltr'>[Δία.</span> <span class='ocrx_word' id='word_1_1897' title='bbox 2368 2923 2383 2935; x_wconf 62' lang='grc'>’.-</span> <span class='ocrx_word' id='word_1_1898' title='bbox 2409 2913 2416 2940; x_wconf 63' lang='lat' dir='ltr'>J</span> 
     </span>
     <span class='ocr_line' id='line_1_225' title="bbox 1411 2942 2422 2982; baseline -0.005 -6"><span class='ocrx_word' id='word_1_1899' title='bbox 1411 2949 1530 2976; x_wconf 86' lang='lat' dir='ltr'>Delubra</span> <span class='ocrx_word' id='word_1_1900' title='bbox 1544 2947 1624 2976; x_wconf 69' lang='lat' dir='ltr'>desim</span> <span class='ocrx_word' id='word_1_1901' title='bbox 1637 2948 1709 2975; x_wconf 87' lang='lat' dir='ltr'>festis</span> <span class='ocrx_word' id='word_1_1902' title='bbox 1724 2942 1827 2975; x_wconf 75' lang='lat' dir='ltr'>diebus.</span> <span class='ocrx_word' id='word_1_1903' title='bbox 1897 2947 1974 2981; x_wconf 91' lang='lat' dir='ltr'>Prop.</span> <span class='ocrx_word' id='word_1_1904' title='bbox 1992 2955 2012 2978; x_wconf 93' lang='lat'>1,</span> <span class='ocrx_word' id='word_1_1905' title='bbox 2026 2947 2066 2978; x_wconf 87' lang='lat'>16,</span> <span class='ocrx_word' id='word_1_1906' title='bbox 2079 2954 2091 2978; x_wconf 89' lang='grc'><strong>3</strong></span> <span class='ocrx_word' id='word_1_1907' title='bbox 2117 2945 2200 2972; x_wconf 78' lang='lat' dir='ltr'>Cuius</span> <span class='ocrx_word' id='word_1_1908' title='bbox 2216 2945 2332 2972; x_wconf 86' lang='lat' dir='ltr'>inaurati</span> <span class='ocrx_word' id='word_1_1909' title='bbox 2416 2949 2422 2982; x_wconf 56' lang='lat'>3</span> 
     </span>
     <span class='ocr_line' id='line_1_226' title="bbox 1411 2980 2421 3016; baseline -0.003 -4"><span class='ocrx_word' id='word_1_1910' title='bbox 1411 2991 1474 3013; x_wconf 86' lang='lat' dir='ltr'>runt</span> <span class='ocrx_word' id='word_1_1911' title='bbox 1490 2985 1598 3012; x_wconf 86' lang='lat' dir='ltr'>Limina</span> <span class='ocrx_word' id='word_1_1912' title='bbox 1618 2993 1720 3011; x_wconf 89' lang='lat' dir='ltr'>currus.</span> <span class='ocrx_word' id='word_1_1913' title='bbox 1791 2983 1848 3010; x_wconf 88' lang='lat' dir='ltr'>Cic.</span> <span class='ocrx_word' id='word_1_1914' title='bbox 1868 2991 1916 3016; x_wconf 89' lang='lat' dir='ltr'>pro</span> <span class='ocrx_word' id='word_1_1915' title='bbox 1936 2982 2019 3009; x_wconf 83' lang='lat' dir='ltr'>Flacc.</span> <span class='ocrx_word' id='word_1_1916' title='bbox 2039 2988 2071 3014; x_wconf 78' lang='lat'>93</span> <span class='ocrx_word' id='word_1_1917' title='bbox 2095 2981 2178 3008; x_wconf 87' lang='lat' dir='ltr'>Cuius</span> <span class='ocrx_word' id='word_1_1918' title='bbox 2193 2980 2367 3009; x_wconf 48' lang='lat' dir='ltr'>damnatione.</span> <span class='ocrx_word' id='word_1_1919' title='bbox 2418 2983 2421 2985; x_wconf 83' lang='grc'><strong>’</strong></span> 
     </span>
     <span class='ocr_line' id='line_1_227' title="bbox 1412 3014 2379 3050; baseline -0.004 -2"><span class='ocrx_word' id='word_1_1920' title='bbox 1412 3030 1486 3048; x_wconf 87' lang='lat' dir='ltr'>crum</span> <span class='ocrx_word' id='word_1_1921' title='bbox 1495 3022 1525 3047; x_wconf 91' lang='lat' dir='ltr'>L.</span> <span class='ocrx_word' id='word_1_1922' title='bbox 1535 3020 1666 3048; x_wconf 83' lang='lat' dir='ltr'>Catilinae</span> <span class='ocrx_word' id='word_1_1923' title='bbox 1679 3018 1791 3046; x_wconf 76' lang='lat' dir='ltr'>floribus</span> <span class='ocrx_word' id='word_1_1924' title='bbox 1804 3024 1938 3050; x_wconf 78' lang='lat' dir='ltr'>ornatum,</span> <span class='ocrx_word' id='word_1_1925' title='bbox 1960 3017 2101 3044; x_wconf 86' lang='lat' dir='ltr'>hominum</span> <span class='ocrx_word' id='word_1_1926' title='bbox 2114 3015 2363 3050; x_wconf 56' lang='lat' dir='ltr'>audaciffimorum?</span> <span class='ocrx_word' id='word_1_1927' title='bbox 2374 3014 2379 3023; x_wconf 76' lang='lat'>&#39;¹</span> 
     </span>
     <span class='ocr_line' id='line_1_228' title="bbox 1411 3052 2422 3088; baseline -0.006 -4"><span class='ocrx_word' id='word_1_1928' title='bbox 1411 3057 1583 3084; x_wconf 85' lang='lat' dir='ltr'>mesticorum</span> <span class='ocrx_word' id='word_1_1929' title='bbox 1596 3056 1712 3083; x_wconf 86' lang='lat' dir='ltr'>hostium</span> <span class='ocrx_word' id='word_1_1930' title='bbox 1728 3056 1886 3086; x_wconf 68' lang='lat' dir='ltr'>Carmentis,</span> <span class='ocrx_word' id='word_1_1931' title='bbox 1905 3052 2044 3088; x_wconf 88' lang='lat' dir='ltr'>epulisque</span> <span class='ocrx_word' id='word_1_1932' title='bbox 2061 3052 2224 3080; x_wconf 86' lang='lat' dir='ltr'>celebratum</span> <span class='ocrx_word' id='word_1_1933' title='bbox 2238 3052 2284 3080; x_wconf 86' lang='lat' dir='ltr'>est.</span> <span class='ocrx_word' id='word_1_1934' title='bbox 2347 3056 2373 3074; x_wconf 68' lang='lat'>⁸</span> <span class='ocrx_word' id='word_1_1935' title='bbox 2419 3052 2422 3056; x_wconf 96' lang='grc'><strong>’</strong></span> 
     </span>
     <span class='ocr_line' id='line_1_229' title="bbox 1960 3087 2373 3124; baseline -0.002 -9"><span class='ocrx_word' id='word_1_1936' title='bbox 1960 3089 2067 3115; x_wconf 82' lang='lat' dir='ltr'>Fretum</span> <span class='ocrx_word' id='word_1_1937' title='bbox 2080 3088 2215 3124; x_wconf 78' lang='lat' dir='ltr'>celebrant</span> <span class='ocrx_word' id='word_1_1938' title='bbox 2231 3087 2348 3116; x_wconf 63' lang='lat' dir='ltr'>Naiade&#39;t</span> <span class='ocrx_word' id='word_1_1939' title='bbox 2364 3097 2373 3111; x_wconf 38' lang='grc' dir='ltr'>,ι</span> 
     </span>
     <span class='ocr_line' id='line_1_230' title="bbox 1410 3120 2381 3164; baseline -0.006 -8"><span class='ocrx_word' id='word_1_1940' title='bbox 1410 3138 1484 3161; x_wconf 84' lang='lat' dir='ltr'>reae,</span> <span class='ocrx_word' id='word_1_1941' title='bbox 1503 3131 1521 3155; x_wconf 78' lang='lat' dir='ltr'>i.</span> <span class='ocrx_word' id='word_1_1942' title='bbox 1545 3130 1576 3155; x_wconf 85' lang='lat' dir='ltr'>In</span> <span class='ocrx_word' id='word_1_1943' title='bbox 1590 3137 1690 3164; x_wconf 72' lang='lat' dir='ltr'>aequore</span> <span class='ocrx_word' id='word_1_1944' title='bbox 1702 3129 1792 3153; x_wconf 73' lang='lat' dir='ltr'>uiuunt</span> <span class='ocrx_word' id='word_1_1945' title='bbox 1811 3125 1891 3152; x_wconf 89' lang='lat' dir='ltr'>Ouid.</span> <span class='ocrx_word' id='word_1_1946' title='bbox 1905 3125 1970 3152; x_wconf 89' lang='lat' dir='ltr'>Met.</span> <span class='ocrx_word' id='word_1_1947' title='bbox 1987 3133 2027 3159; x_wconf 82' lang='lat'>14,</span> <span class='ocrx_word' id='word_1_1948' title='bbox 2041 3129 2092 3158; x_wconf 75' lang='lat'>558.</span> <span class='ocrx_word' id='word_1_1949' title='bbox 2165 3124 2222 3151; x_wconf 91' lang='lat' dir='ltr'>Cic.</span> <span class='ocrx_word' id='word_1_1950' title='bbox 2235 3123 2270 3151; x_wconf 88' lang='lat' dir='ltr'>de</span> <span class='ocrx_word' id='word_1_1951' title='bbox 2282 3124 2356 3154; x_wconf 78' lang='lat' dir='ltr'>Orat.</span> <span class='ocrx_word' id='word_1_1952' title='bbox 2373 3120 2381 3151; x_wconf 77' lang='lat'>&#39;.</span> 
     </span>
     <span class='ocr_line' id='line_1_231' title="bbox 1412 3158 2375 3198; baseline -0.005 -7"><span class='ocrx_word' id='word_1_1953' title='bbox 1412 3174 1434 3191; x_wconf 91' lang='lat' dir='ltr'>c.</span> <span class='ocrx_word' id='word_1_1954' title='bbox 1449 3173 1482 3198; x_wconf 81' lang='lat'>45</span> <span class='ocrx_word' id='word_1_1955' title='bbox 1502 3164 1594 3191; x_wconf 87' lang='lat' dir='ltr'>Testis</span> <span class='ocrx_word' id='word_1_1956' title='bbox 1608 3164 1644 3191; x_wconf 82' lang='lat' dir='ltr'>est</span> <span class='ocrx_word' id='word_1_1957' title='bbox 1660 3162 1767 3190; x_wconf 89' lang='lat' dir='ltr'>huiusce</span> <span class='ocrx_word' id='word_1_1958' title='bbox 1782 3163 1820 3195; x_wconf 79' lang='lat' dir='ltr'>Q</span> <span class='ocrx_word' id='word_1_1959' title='bbox 1830 3161 1910 3188; x_wconf 90' lang='lat' dir='ltr'>Mutii</span> <span class='ocrx_word' id='word_1_1960' title='bbox 1927 3162 2008 3188; x_wconf 85' lang='lat' dir='ltr'>Ianua</span> <span class='ocrx_word' id='word_1_1961' title='bbox 2021 3165 2047 3187; x_wconf 91' lang='lat' dir='ltr'>et</span> <span class='ocrx_word' id='word_1_1962' title='bbox 2061 3159 2245 3192; x_wconf 88' lang='lat' dir='ltr'>Vestibulum,</span> <span class='ocrx_word' id='word_1_1963' title='bbox 2267 3158 2339 3195; x_wconf 76' lang='lat' dir='ltr'>quod</span> <span class='ocrx_word' id='word_1_1964' title='bbox 2353 3158 2360 3164; x_wconf 85' lang='lat'><em>&#39;</em></span> <span class='ocrx_word' id='word_1_1965' title='bbox 2373 3187 2375 3193; x_wconf 66' lang='grc'><strong>,</strong></span> 
     </span>
     <span class='ocr_line' id='line_1_232' title="bbox 1412 3194 2374 3232; baseline -0.005 -5"><span class='ocrx_word' id='word_1_1966' title='bbox 1412 3200 1586 3228; x_wconf 82' lang='lat' dir='ltr'>infirniiffima</span> <span class='ocrx_word' id='word_1_1967' title='bbox 1599 3198 1765 3229; x_wconf 81' lang='lat' dir='ltr'>valetudine,</span> <span class='ocrx_word' id='word_1_1968' title='bbox 1785 3196 1930 3232; x_wconf 63' lang='lat' dir='ltr'>affectaque</span> <span class='ocrx_word' id='word_1_1969' title='bbox 1948 3196 2002 3223; x_wconf 88' lang='lat' dir='ltr'>iam</span> <span class='ocrx_word' id='word_1_1970' title='bbox 2014 3201 2098 3223; x_wconf 87' lang='lat' dir='ltr'>aetate</span> <span class='ocrx_word' id='word_1_1971' title='bbox 2137 3196 2253 3229; x_wconf 84' lang='lat' dir='ltr'>maxima</span> <span class='ocrx_word' id='word_1_1972' title='bbox 2270 3194 2374 3231; x_wconf 88' lang='lat' dir='ltr'>quoti·</span> 
     </span>
     <span class='ocr_line' id='line_1_233' title="bbox 1414 3216 2441 3298; baseline -0.005 -35"><span class='ocrx_word' id='word_1_1973' title='bbox 1414 3236 1524 3272; x_wconf 87' lang='lat' dir='ltr'>quentia</span> <span class='ocrx_word' id='word_1_1974' title='bbox 1535 3236 1636 3263; x_wconf 86' lang='lat' dir='ltr'>ciuium</span> <span class='ocrx_word' id='word_1_1975' title='bbox 1650 3244 1680 3262; x_wconf 89' lang='lat' dir='ltr'>ac</span> <span class='ocrx_word' id='word_1_1976' title='bbox 1698 3235 1861 3262; x_wconf 88' lang='lat' dir='ltr'>summorum</span> <span class='ocrx_word' id='word_1_1977' title='bbox 1880 3232 2022 3259; x_wconf 87' lang='lat' dir='ltr'>hominum</span> <span class='ocrx_word' id='word_1_1978' title='bbox 2040 3216 2178 3267; x_wconf 68' lang='lat' dir='ltr'>splen’flore</span> <span class='ocrx_word' id='word_1_1979' title='bbox 2197 3226 2369 3270; x_wconf 29' lang='lat' dir='ltr'>celebranti-4²,</span> <span class='ocrx_word' id='word_1_1980' title='bbox 2432 3264 2441 3298; x_wconf 47' lang='grc'>1</span> 
     </span>
     <span class='ocr_line' id='line_1_234' title="bbox 1414 3300 2375 3342; baseline -0.007 -7"><span class='ocrx_word' id='word_1_1981' title='bbox 1414 3309 1481 3335; x_wconf 83' lang='lat' dir='ltr'>Aen.</span> <span class='ocrx_word' id='word_1_1982' title='bbox 1494 3317 1517 3342; x_wconf 81' lang='grc'>3,</span> <span class='ocrx_word' id='word_1_1983' title='bbox 1531 3313 1580 3339; x_wconf 79' lang='lat'>280</span> <span class='ocrx_word' id='word_1_1984' title='bbox 1615 3307 1744 3342; x_wconf 63' lang='lat' dir='ltr'>Actiaque</span> <span class='ocrx_word' id='word_1_1985' title='bbox 1758 3305 1844 3332; x_wconf 85' lang='lat' dir='ltr'>Iliacis</span> <span class='ocrx_word' id='word_1_1986' title='bbox 1858 3304 2020 3332; x_wconf 86' lang='lat' dir='ltr'>celebramus</span> <span class='ocrx_word' id='word_1_1987' title='bbox 2041 3303 2134 3332; x_wconf 85' lang='lat' dir='ltr'>Litora</span> <span class='ocrx_word' id='word_1_1988' title='bbox 2152 3303 2239 3331; x_wconf 62' lang='lat' dir='ltr'>ludis:</span> <span class='ocrx_word' id='word_1_1989' title='bbox 2299 3300 2375 3330; x_wconf 77' lang='lat' dir='ltr'>ou·</span> 
     </span>
     <span class='ocr_line' id='line_1_235' title="bbox 1414 3337 2419 3379; baseline -0.008 -8"><span class='ocrx_word' id='word_1_1990' title='bbox 1414 3353 1442 3378; x_wconf 77' lang='lat'>2,</span> <span class='ocrx_word' id='word_1_1991' title='bbox 1456 3351 1504 3378; x_wconf 82' lang='lat'>232</span> <span class='ocrx_word' id='word_1_1992' title='bbox 1524 3345 1555 3370; x_wconf 85' lang='lat' dir='ltr'>Et</span> <span class='ocrx_word' id='word_1_1993' title='bbox 1568 3352 1635 3379; x_wconf 88' lang='lat' dir='ltr'>quae</span> <span class='ocrx_word' id='word_1_1994' title='bbox 1648 3341 1786 3370; x_wconf 82' lang='lat' dir='ltr'>Maeonias</span> <span class='ocrx_word' id='word_1_1995' title='bbox 1799 3340 1966 3367; x_wconf 87' lang='lat' dir='ltr'>celebrarunt</span> <span class='ocrx_word' id='word_1_1996' title='bbox 1979 3339 2095 3367; x_wconf 83' lang='lat' dir='ltr'>carmine</span> <span class='ocrx_word' id='word_1_1997' title='bbox 2110 3339 2190 3374; x_wconf 84' lang='lat' dir='ltr'>Ripas</span> <span class='ocrx_word' id='word_1_1998' title='bbox 2210 3337 2364 3366; x_wconf 73' lang='lat' dir='ltr'>Fluminea&#39;-</span> <span class='ocrx_word' id='word_1_1999' title='bbox 2416 3353 2419 3372; x_wconf 66' lang='lat' dir='ltr'>t</span> 
     </span>
     <span class='ocr_line' id='line_1_236' title="bbox 1535 3372 2417 3412; baseline -0.005 -5"><span class='ocrx_word' id='word_1_2000' title='bbox 1535 3379 1630 3412; x_wconf 90' lang='lat' dir='ltr'>Siluas,</span> <span class='ocrx_word' id='word_1_2001' title='bbox 1649 3378 1755 3411; x_wconf 58' lang='lat' dir='ltr'>Tecta,</span> <span class='ocrx_word' id='word_1_2002' title='bbox 1772 3375 1917 3410; x_wconf 88' lang='lat' dir='ltr'>celebrare,</span> <span class='ocrx_word' id='word_1_2003' title='bbox 1938 3377 1969 3403; x_wconf 82' lang='lat' dir='ltr'>In</span> <span class='ocrx_word' id='word_1_2004' title='bbox 1975 3375 2052 3411; x_wconf 79' lang='lat' dir='ltr'>siluis</span> <span class='ocrx_word' id='word_1_2005' title='bbox 2063 3376 2082 3403; x_wconf 90' lang='lat' dir='ltr'>s.</span> <span class='ocrx_word' id='word_1_2006' title='bbox 2096 3373 2172 3402; x_wconf 60' lang='lat' dir='ltr'>testis</span> <span class='ocrx_word' id='word_1_2007' title='bbox 2185 3374 2282 3411; x_wconf 81' lang='lat' dir='ltr'>versari</span> <span class='ocrx_word' id='word_1_2008' title='bbox 2300 3372 2372 3408; x_wconf 74' lang='lat' dir='ltr'>Ou‘·</span> <span class='ocrx_word' id='word_1_2009' title='bbox 2412 3396 2417 3403; x_wconf 71' lang='lat'>.</span> 
     </span>
     <span class='ocr_line' id='line_1_237' title="bbox 1851 3411 2419 3450; baseline -0.005 -11"><span class='ocrx_word' id='word_1_2010' title='bbox 1851 3411 1969 3448; x_wconf 83' lang='lat' dir='ltr'>Templa</span> <span class='ocrx_word' id='word_1_2011' title='bbox 1997 3411 2064 3440; x_wconf 86' lang='lat' dir='ltr'>Plin.</span> <span class='ocrx_word' id='word_1_2012' title='bbox 2077 3411 2156 3447; x_wconf 80' lang='lat' dir='ltr'>Epist.</span> <span class='ocrx_word' id='word_1_2013' title='bbox 2172 3420 2210 3444; x_wconf 88' lang='lat'>10,</span> <span class='ocrx_word' id='word_1_2014' title='bbox 2223 3418 2268 3447; x_wconf 83' lang='grc'><strong>97,</strong></span> <span class='ocrx_word' id='word_1_2015' title='bbox 2282 3419 2320 3437; x_wconf 83' lang='grc' dir='ltr'>ιο.</span> <span class='ocrx_word' id='word_1_2016' title='bbox 2355 3423 2373 3450; x_wconf 14' lang='grc' dir='ltr'><strong>ψ</strong></span> <span class='ocrx_word' id='word_1_2017' title='bbox 2413 3423 2419 3436; x_wconf 95' lang='grc'>-.</span> 
     </span>
    </p>
   </div>
   <div class='ocr_carea' id='block_1_48' title="bbox 1414 3389 1779 3451">
    <p class='ocr_par' dir='ltr' id='par_1_59' title="bbox 1414 3389 1779 3451">
     <span class='ocr_line' id='line_1_238' title="bbox 1415 3389 1481 3408; baseline -0.03 0"><span class='ocrx_word' id='word_1_2018' title='bbox 1415 3389 1481 3408; x_wconf 87' lang='lat' dir='ltr'>cres.</span> 
     </span>
     <span class='ocr_line' id='line_1_239' title="bbox 1414 3414 1779 3451; baseline -0.011 -8"><span class='ocrx_word' id='word_1_2019' title='bbox 1414 3425 1444 3450; x_wconf 87' lang='lat'>4,</span> <span class='ocrx_word' id='word_1_2020' title='bbox 1456 3424 1516 3451; x_wconf 88' lang='lat'>414.</span> <span class='ocrx_word' id='word_1_2021' title='bbox 1536 3422 1560 3442; x_wconf 83' lang='lat' dir='ltr'>et</span> <span class='ocrx_word' id='word_1_2022' title='bbox 1579 3414 1658 3444; x_wconf 60' lang='lat' dir='ltr'>Men!</span> <span class='ocrx_word' id='word_1_2023' title='bbox 1669 3423 1707 3447; x_wconf 90' lang='lat'>10,</span> <span class='ocrx_word' id='word_1_2024' title='bbox 1720 3421 1779 3449; x_wconf 81' lang='lat'>703.</span> 
     </span>
    </p>
   </div>
   <div class='ocr_carea' id='block_1_49' title="bbox 1413 3458 2424 3666">
    <p class='ocr_par' dir='ltr' id='par_1_60' title="bbox 1413 3458 2424 3666">
     <span class='ocr_line' id='line_1_240' title="bbox 2338 3458 2424 3477; baseline -0.012 -10"><span class='ocrx_word' id='word_1_2025' title='bbox 2338 3458 2373 3477; x_wconf 37' lang='lat'>...0</span> <span class='ocrx_word' id='word_1_2026' title='bbox 2415 3464 2424 3475; x_wconf 52' lang='grc'>,1</span> 
     </span>
     <span class='ocr_line' id='line_1_241' title="bbox 1413 3478 2419 3523; baseline -0.006 -8"><span class='ocrx_word' id='word_1_2027' title='bbox 1413 3487 1497 3523; x_wconf 84' lang='lat' dir='ltr'>resero</span> <span class='ocrx_word' id='word_1_2028' title='bbox 1516 3486 1580 3514; x_wconf 82' lang='lat' dir='ltr'>illud</span> <span class='ocrx_word' id='word_1_2029' title='bbox 1601 3486 1670 3514; x_wconf 80' lang='lat' dir='ltr'>Cic.</span> <span class='ocrx_word' id='word_1_2030' title='bbox 1685 3485 1718 3518; x_wconf 83' lang='lat' dir='ltr'>de</span> <span class='ocrx_word' id='word_1_2031' title='bbox 1730 3486 1808 3512; x_wconf 82' lang='lat' dir='ltr'>Prou-</span> <span class='ocrx_word' id='word_1_2032' title='bbox 1822 3485 1901 3512; x_wconf 88' lang='lat' dir='ltr'>Cons.</span> <span class='ocrx_word' id='word_1_2033' title='bbox 1917 3493 1938 3511; x_wconf 91' lang='lat' dir='ltr'>c.</span> <span class='ocrx_word' id='word_1_2034' title='bbox 1952 3491 1970 3517; x_wconf 87' lang='lat'>9</span> <span class='ocrx_word' id='word_1_2035' title='bbox 1996 3484 2039 3511; x_wconf 86' lang='lat' dir='ltr'>An</span> <span class='ocrx_word' id='word_1_2036' title='bbox 2052 3492 2102 3518; x_wconf 88' lang='lat' dir='ltr'>ego</span> <span class='ocrx_word' id='word_1_2037' title='bbox 2115 3483 2214 3519; x_wconf 81' lang='lat' dir='ltr'>possum</span> <span class='ocrx_word' id='word_1_2038' title='bbox 2231 3481 2294 3509; x_wconf 89' lang='lat' dir='ltr'>huic</span> <span class='ocrx_word' id='word_1_2039' title='bbox 2305 3478 2375 3512; x_wconf 54' lang='lat' dir='ltr'>effi]</span> <span class='ocrx_word' id='word_1_2040' title='bbox 2408 3481 2419 3511; x_wconf 65' lang='grc' dir='ltr'>’ς</span> 
     </span>
     <span class='ocr_line' id='line_1_242' title="bbox 1415 3514 2413 3556; baseline -0.008 -6"><span class='ocrx_word' id='word_1_2041' title='bbox 1415 3532 1474 3555; x_wconf 88' lang='lat' dir='ltr'>cus,</span> <span class='ocrx_word' id='word_1_2042' title='bbox 1493 3522 1567 3549; x_wconf 90' lang='lat' dir='ltr'>cuius</span> <span class='ocrx_word' id='word_1_2043' title='bbox 1578 3522 1682 3555; x_wconf 83' lang='lat' dir='ltr'>literis,</span> <span class='ocrx_word' id='word_1_2044' title='bbox 1701 3521 1787 3554; x_wconf 78' lang='lat' dir='ltr'>fama,</span> <span class='ocrx_word' id='word_1_2045' title='bbox 1809 3520 1910 3547; x_wconf 88' lang='lat' dir='ltr'>nuntiis</span> <span class='ocrx_word' id='word_1_2046' title='bbox 1924 3518 2093 3546; x_wconf 83' lang='lat' dir='ltr'>celebrantur</span> <span class='ocrx_word' id='word_1_2047' title='bbox 2104 3526 2179 3546; x_wconf 82' lang='lat' dir='ltr'>aures</span> <span class='ocrx_word' id='word_1_2048' title='bbox 2192 3516 2314 3553; x_wconf 85' lang='lat' dir='ltr'>quotidie</span> <span class='ocrx_word' id='word_1_2049' title='bbox 2324 3514 2382 3556; x_wconf 50' lang='grc' dir='ltr'>1115,Ι</span> <span class='ocrx_word' id='word_1_2050' title='bbox 2404 3539 2413 3550; x_wconf 33' lang='lat'>,4</span> 
     </span>
     <span class='ocr_line' id='line_1_243' title="bbox 1413 3553 2414 3593; baseline -0.008 -7"><span class='ocrx_word' id='word_1_2051' title='bbox 1413 3559 1455 3586; x_wconf 77' lang='lat' dir='ltr'>vis</span> <span class='ocrx_word' id='word_1_2052' title='bbox 1466 3557 1622 3585; x_wconf 82' lang='lat' dir='ltr'>nominibus</span> <span class='ocrx_word' id='word_1_2053' title='bbox 1633 3557 1768 3593; x_wconf 84' lang='lat' dir='ltr'>gentium,</span> <span class='ocrx_word' id='word_1_2054' title='bbox 1788 3556 1944 3589; x_wconf 82' lang='lat' dir='ltr'>nationum,</span> <span class='ocrx_word' id='word_1_2055' title='bbox 1971 3555 2123 3582; x_wconf 49' lang='lat' dir='ltr'>locorum?</span> <span class='ocrx_word' id='word_1_2056' title='bbox 2136 3555 2175 3580; x_wconf 71' lang='lat' dir='ltr'>Do</span> <span class='ocrx_word' id='word_1_2057' title='bbox 2201 3553 2320 3590; x_wconf 61' lang='lat' dir='ltr'>Caqfim&#39;s.</span> <span class='ocrx_word' id='word_1_2058' title='bbox 2340 3563 2343 3568; x_wconf 65' lang='grc'>’</span> <span class='ocrx_word' id='word_1_2059' title='bbox 2366 3565 2368 3569; x_wconf 84' lang='grc'><em>·</em></span> <span class='ocrx_word' id='word_1_2060' title='bbox 2413 3561 2414 3567; x_wconf 61' lang='grc'>’</span> 
     </span>
     <span class='ocr_line' id='line_1_244' title="bbox 1413 3589 2335 3666; baseline -0.009 -44"><span class='ocrx_word' id='word_1_2061' title='bbox 1413 3594 1519 3622; x_wconf 80' lang='lat' dir='ltr'>Gallicis</span> <span class='ocrx_word' id='word_1_2062' title='bbox 1530 3595 1650 3666; x_wconf 54' lang='lat' dir='ltr'>lossuitur.</span> <span class='ocrx_word' id='word_1_2063' title='bbox 1892 3600 1906 3618; x_wconf 86' lang='lat'>2</span> <span class='ocrx_word' id='word_1_2064' title='bbox 1940 3591 1989 3619; x_wconf 82' lang='lat' dir='ltr'>Ad·</span> <span class='ocrx_word' id='word_1_2065' title='bbox 2002 3589 2112 3618; x_wconf 69' lang='lat' dir='ltr'>afflones</span> <span class='ocrx_word' id='word_1_2066' title='bbox 2129 3590 2234 3616; x_wconf 84' lang='lat' dir='ltr'>relatum</span> <span class='ocrx_word' id='word_1_2067' title='bbox 2251 3589 2335 3616; x_wconf 71' lang='lat' dir='ltr'>eriam·</span> 
     </span>
    </p>
   </div>
   <div class='ocr_carea' id='block_1_50' title="bbox 311 3617 2419 3671">
    <p class='ocr_par' dir='ltr' id='par_1_61' title="bbox 311 3611 2419 3671">
     <span class='ocr_line' id='line_1_245' title="bbox 311 3617 2419 3671; baseline -0.006 -9"><span class='ocrx_word' id='word_1_2068' title='bbox 311 3635 438 3670; x_wconf 82' lang='lat' dir='ltr'>ignoratis</span> <span class='ocrx_word' id='word_1_2069' title='bbox 456 3641 564 3671; x_wconf 86' lang='lat' dir='ltr'>portum</span> <span class='ocrx_word' id='word_1_2070' title='bbox 584 3633 690 3660; x_wconf 86' lang='lat' dir='ltr'>Caietae</span> <span class='ocrx_word' id='word_1_2071' title='bbox 715 3632 919 3660; x_wconf 85' lang='lat' dir='ltr'>celeberrimum</span> <span class='ocrx_word' id='word_1_2072' title='bbox 938 3638 1017 3666; x_wconf 87' lang='lat' dir='ltr'>atque</span> <span class='ocrx_word' id='word_1_2073' title='bbox 1036 3627 1211 3665; x_wconf 85' lang='lat' dir='ltr'>pleniffimum</span> <span class='ocrx_word' id='word_1_2074' title='bbox 1230 3627 1355 3660; x_wconf 71' lang='lat' dir='ltr'>nauium,⁴</span> <span class='ocrx_word' id='word_1_2075' title='bbox 1363 3635 1396 3662; x_wconf 83' lang='grc'>95</span> <span class='ocrx_word' id='word_1_2076' title='bbox 1413 3637 1468 3657; x_wconf 75' lang='lat' dir='ltr'>tare</span> <span class='ocrx_word' id='word_1_2077' title='bbox 1475 3629 1547 3666; x_wconf 75' lang='lat' dir='ltr'>signi</span> <span class='ocrx_word' id='word_1_2078' title='bbox 1566 3636 1622 3663; x_wconf 80' lang='lat' dir='ltr'>cat,</span> <span class='ocrx_word' id='word_1_2079' title='bbox 1640 3632 1660 3656; x_wconf 85' lang='lat' dir='ltr'>i.</span> <span class='ocrx_word' id='word_1_2080' title='bbox 1671 3627 1802 3665; x_wconf 48' lang='grc' dir='ltr'>,βομβεῖ</span> <span class='ocrx_word' id='word_1_2081' title='bbox 1804 3625 1885 3661; x_wconf 83' lang='lat' dir='ltr'>statis</span> <span class='ocrx_word' id='word_1_2082' title='bbox 1897 3633 1962 3654; x_wconf 83' lang='lat' dir='ltr'>certe</span> <span class='ocrx_word' id='word_1_2083' title='bbox 1973 3620 2138 3662; x_wconf 70' lang='lat' dir='ltr'>temporibus,</span> <span class='ocrx_word' id='word_1_2084' title='bbox 2157 3631 2182 3651; x_wconf 75' lang='lat' dir='ltr'>et</span> <span class='ocrx_word' id='word_1_2085' title='bbox 2193 3623 2246 3651; x_wconf 82' lang='lat' dir='ltr'>cuni</span> <span class='ocrx_word' id='word_1_2086' title='bbox 2396 3617 2419 3653; x_wconf 55' lang='grc' dir='ltr'>’,ζ</span> 
     </span>
    </p>
   </div>
   <div class='ocr_carea' id='block_1_51' title="bbox 311 3662 1352 3847">
    <p class='ocr_par' dir='ltr' id='par_1_62' title="bbox 311 3662 1352 3847">
     <span class='ocr_line' id='line_1_246' title="bbox 311 3662 1350 3707; baseline -0.01 -10"><span class='ocrx_word' id='word_1_2087' title='bbox 311 3678 358 3697; x_wconf 80' lang='lat' dir='ltr'>etc.</span> <span class='ocrx_word' id='word_1_2088' title='bbox 395 3671 513 3707; x_wconf 85' lang='lat' dir='ltr'>Templa</span> <span class='ocrx_word' id='word_1_2089' title='bbox 536 3667 668 3704; x_wconf 72' lang='lat' dir='ltr'>Qinffil.</span> <span class='ocrx_word' id='word_1_2090' title='bbox 687 3676 708 3698; x_wconf 88' lang='lat'>1,</span> <span class='ocrx_word' id='word_1_2091' title='bbox 718 3676 747 3701; x_wconf 84' lang='lat'>4,</span> <span class='ocrx_word' id='word_1_2092' title='bbox 761 3670 798 3694; x_wconf 91' lang='lat'>16.</span> <span class='ocrx_word' id='word_1_2093' title='bbox 868 3669 936 3696; x_wconf 87' lang='lat' dir='ltr'>Cato</span> <span class='ocrx_word' id='word_1_2094' title='bbox 950 3668 981 3695; x_wconf 87' lang='lat' dir='ltr'>R.</span> <span class='ocrx_word' id='word_1_2095' title='bbox 996 3667 1028 3694; x_wconf 82' lang='lat' dir='ltr'>R.</span> <span class='ocrx_word' id='word_1_2096' title='bbox 1042 3674 1053 3693; x_wconf 89' lang='lat'>1</span> <span class='ocrx_word' id='word_1_2097' title='bbox 1081 3664 1109 3691; x_wconf 82' lang='lat' dir='ltr'>de</span> <span class='ocrx_word' id='word_1_2098' title='bbox 1116 3663 1172 3698; x_wconf 81' lang='lat' dir='ltr'>fitu</span> <span class='ocrx_word' id='word_1_2099' title='bbox 1180 3662 1300 3698; x_wconf 78' lang='lat' dir='ltr'>praedii,</span> <span class='ocrx_word' id='word_1_2100' title='bbox 1323 3664 1350 3690; x_wconf 84' lang='lat' dir='ltr'>Si</span> 
     </span>
     <span class='ocr_line' id='line_1_247' title="bbox 312 3697 1351 3741; baseline -0.01 -8"><span class='ocrx_word' id='word_1_2101' title='bbox 312 3707 426 3741; x_wconf 77' lang='lat' dir='ltr'>poteris,</span> <span class='ocrx_word' id='word_1_2102' title='bbox 448 3707 496 3734; x_wconf 82' lang='lat' dir='ltr'>sub</span> <span class='ocrx_word' id='word_1_2103' title='bbox 515 3706 605 3734; x_wconf 81' lang='lat' dir='ltr'>radice</span> <span class='ocrx_word' id='word_1_2104' title='bbox 622 3703 722 3731; x_wconf 85' lang='lat' dir='ltr'>montis</span> <span class='ocrx_word' id='word_1_2105' title='bbox 741 3701 801 3735; x_wconf 83' lang='lat' dir='ltr'>fiet,</span> <span class='ocrx_word' id='word_1_2106' title='bbox 821 3703 851 3730; x_wconf 89' lang='lat' dir='ltr'>in</span> <span class='ocrx_word' id='word_1_2107' title='bbox 869 3703 1011 3730; x_wconf 85' lang='lat' dir='ltr'>meridiem</span> <span class='ocrx_word' id='word_1_2108' title='bbox 1031 3699 1143 3737; x_wconf 64' lang='lat' dir='ltr'>spectet,</span> <span class='ocrx_word' id='word_1_2109' title='bbox 1167 3698 1228 3726; x_wconf 90' lang='lat' dir='ltr'>loco</span> <span class='ocrx_word' id='word_1_2110' title='bbox 1242 3697 1351 3732; x_wconf 86' lang='lat' dir='ltr'>salubri,</span> 
     </span>
     <span class='ocr_line' id='line_1_248' title="bbox 312 3732 1352 3778; baseline -0.008 -10"><span class='ocrx_word' id='word_1_2111' title='bbox 312 3742 497 3777; x_wconf 87' lang='lat' dir='ltr'>operariorum</span> <span class='ocrx_word' id='word_1_2112' title='bbox 509 3741 586 3778; x_wconf 83' lang='lat' dir='ltr'>copia</span> <span class='ocrx_word' id='word_1_2113' title='bbox 598 3739 660 3773; x_wconf 82' lang='lat' dir='ltr'>fiet,</span> <span class='ocrx_word' id='word_1_2114' title='bbox 678 3739 833 3773; x_wconf 85' lang='lat' dir='ltr'>bonumque</span> <span class='ocrx_word' id='word_1_2115' title='bbox 844 3739 982 3774; x_wconf 85' lang='lat' dir='ltr'>aquarium</span> <span class='ocrx_word' id='word_1_2116' title='bbox 990 3758 998 3771; x_wconf 88' lang='lat'>,</span> <span class='ocrx_word' id='word_1_2117' title='bbox 1018 3736 1147 3773; x_wconf 88' lang='lat' dir='ltr'>oppidum</span> <span class='ocrx_word' id='word_1_2118' title='bbox 1159 3732 1279 3774; x_wconf 77' lang='lat' dir='ltr'>validum</span> <span class='ocrx_word' id='word_1_2119' title='bbox 1292 3743 1352 3768; x_wconf 90' lang='lat' dir='ltr'>pro-</span> 
     </span>
     <span class='ocr_line' id='line_1_249' title="bbox 313 3768 1352 3812; baseline -0.006 -9"><span class='ocrx_word' id='word_1_2120' title='bbox 313 3786 346 3812; x_wconf 86' lang='lat' dir='ltr'>pe</span> <span class='ocrx_word' id='word_1_2121' title='bbox 365 3777 426 3810; x_wconf 74' lang='lat' dir='ltr'>sict,</span> <span class='ocrx_word' id='word_1_2122' title='bbox 448 3787 492 3805; x_wconf 89' lang='lat' dir='ltr'>aut</span> <span class='ocrx_word' id='word_1_2123' title='bbox 505 3787 596 3811; x_wconf 88' lang='lat' dir='ltr'>mare,</span> <span class='ocrx_word' id='word_1_2124' title='bbox 622 3781 667 3804; x_wconf 83' lang='lat' dir='ltr'>aut</span> <span class='ocrx_word' id='word_1_2125' title='bbox 686 3774 788 3807; x_wconf 82' lang='lat' dir='ltr'>amnis,</span> <span class='ocrx_word' id='word_1_2126' title='bbox 807 3782 859 3808; x_wconf 88' lang='lat' dir='ltr'>qua</span> <span class='ocrx_word' id='word_1_2127' title='bbox 877 3782 955 3800; x_wconf 82' lang='lat' dir='ltr'>naues</span> <span class='ocrx_word' id='word_1_2128' title='bbox 975 3773 1128 3805; x_wconf 84' lang='lat' dir='ltr'>ambulant,</span> <span class='ocrx_word' id='word_1_2129' title='bbox 1151 3776 1196 3798; x_wconf 87' lang='lat' dir='ltr'>aut</span> <span class='ocrx_word' id='word_1_2130' title='bbox 1207 3769 1258 3798; x_wconf 69' lang='lat' dir='ltr'>via</span> <span class='ocrx_word' id='word_1_2131' title='bbox 1271 3768 1352 3803; x_wconf 85' lang='lat' dir='ltr'>bona,</span> 
     </span>
     <span class='ocr_line' id='line_1_250' title="bbox 312 3807 1207 3847; baseline -0.008 -7"><span class='ocrx_word' id='word_1_2132' title='bbox 312 3812 484 3847; x_wconf 84' lang='lat' dir='ltr'>celebrisque.</span> <span class='ocrx_word' id='word_1_2133' title='bbox 525 3813 595 3841; x_wconf 71' lang='lat' dir='ltr'>Vrbs</span> <span class='ocrx_word' id='word_1_2134' title='bbox 608 3811 718 3840; x_wconf 84' lang='lat' dir='ltr'>celebris</span> <span class='ocrx_word' id='word_1_2135' title='bbox 731 3816 757 3837; x_wconf 86' lang='lat' dir='ltr'>et</span> <span class='ocrx_word' id='word_1_2136' title='bbox 770 3809 878 3844; x_wconf 86' lang='lat' dir='ltr'>copiosa</span> <span class='ocrx_word' id='word_1_2137' title='bbox 893 3809 949 3836; x_wconf 87' lang='lat' dir='ltr'>Cic.</span> <span class='ocrx_word' id='word_1_2138' title='bbox 961 3818 1011 3844; x_wconf 89' lang='lat' dir='ltr'>pro</span> <span class='ocrx_word' id='word_1_2139' title='bbox 1023 3807 1103 3837; x_wconf 58' lang='lat' dir='ltr'>Archa</span> <span class='ocrx_word' id='word_1_2140' title='bbox 1119 3816 1138 3843; x_wconf 85' lang='lat'>4</span> <span class='ocrx_word' id='word_1_2141' title='bbox 1151 3816 1173 3834; x_wconf 89' lang='lat' dir='ltr'>c.</span> <span class='ocrx_word' id='word_1_2142' title='bbox 1185 3814 1207 3838; x_wconf 88' lang='grc'>3.</span> 
     </span>
    </p>
   </div>
   <div class='ocr_carea' id='block_1_52' title="bbox 312 3840 1354 3884">
    <p class='ocr_par' dir='ltr' id='par_1_63' title="bbox 312 3840 1354 3884">
     <span class='ocr_line' id='line_1_251' title="bbox 312 3840 1354 3884; baseline -0.008 -8"><span class='ocrx_word' id='word_1_2143' title='bbox 312 3848 356 3876; x_wconf 87' lang='lat' dir='ltr'>Ad</span> <span class='ocrx_word' id='word_1_2144' title='bbox 360 3848 499 3884; x_wconf 53' lang='lat' dir='ltr'>jer-monum</span> <span class='ocrx_word' id='word_1_2145' title='bbox 511 3849 540 3875; x_wconf 79' lang='lat' dir='ltr'>de</span> <span class='ocrx_word' id='word_1_2146' title='bbox 552 3849 648 3876; x_wconf 83' lang='lat' dir='ltr'>homine</span> <span class='ocrx_word' id='word_1_2147' title='bbox 661 3848 702 3874; x_wconf 85' lang='lat' dir='ltr'>vel</span> <span class='ocrx_word' id='word_1_2148' title='bbox 711 3855 738 3874; x_wconf 76' lang='lat' dir='ltr'>re</span> <span class='ocrx_word' id='word_1_2149' title='bbox 744 3845 917 3882; x_wconf 82' lang='lat' dir='ltr'>frequentiam</span> <span class='ocrx_word' id='word_1_2150' title='bbox 946 3848 1054 3872; x_wconf 78' lang='lat' dir='ltr'>crtincnt</span> <span class='ocrx_word' id='word_1_2151' title='bbox 1066 3843 1129 3878; x_wconf 71' lang='lat' dir='ltr'>ista:</span> <span class='ocrx_word' id='word_1_2152' title='bbox 1157 3841 1219 3870; x_wconf 77' lang='lat' dir='ltr'>Fuit</span> <span class='ocrx_word' id='word_1_2153' title='bbox 1237 3840 1300 3867; x_wconf 83' lang='lat' dir='ltr'>Arel</span> <span class='ocrx_word' id='word_1_2154' title='bbox 1313 3842 1354 3868; x_wconf 81' lang='lat' dir='ltr'>ius</span> 
     </span>
    </p>
   </div>
   <div class='ocr_carea' id='block_1_53' title="bbox 312 3875 1353 3988">
    <p class='ocr_par' dir='ltr' id='par_1_64' title="bbox 312 3875 1353 3988">
     <span class='ocr_line' id='line_1_252' title="bbox 313 3875 1353 3918; baseline -0.007 -8"><span class='ocrx_word' id='word_1_2155' title='bbox 313 3883 417 3912; x_wconf 81' lang='lat' dir='ltr'>celeber</span> <span class='ocrx_word' id='word_1_2156' title='bbox 434 3884 522 3918; x_wconf 84' lang='lat' dir='ltr'>paullo</span> <span class='ocrx_word' id='word_1_2157' title='bbox 540 3890 600 3911; x_wconf 89' lang='lat' dir='ltr'>ante</span> <span class='ocrx_word' id='word_1_2158' title='bbox 619 3883 714 3910; x_wconf 86' lang='lat' dir='ltr'>diuum</span> <span class='ocrx_word' id='word_1_2159' title='bbox 734 3880 879 3916; x_wconf 84' lang='lat' dir='ltr'>Augustum</span> <span class='ocrx_word' id='word_1_2160' title='bbox 904 3881 922 3907; x_wconf 86' lang='lat' dir='ltr'>P</span> <span class='ocrx_word' id='word_1_2161' title='bbox 935 3880 970 3906; x_wconf 91' lang='lat' dir='ltr'>in.</span> <span class='ocrx_word' id='word_1_2162' title='bbox 991 3888 1028 3913; x_wconf 79' lang='lat'>35,</span> <span class='ocrx_word' id='word_1_2163' title='bbox 1048 3889 1086 3907; x_wconf 87' lang='lat'>10.</span> <span class='ocrx_word' id='word_1_2164' title='bbox 1157 3875 1353 3906; x_wconf 82' lang='lat' dir='ltr'>Celeberrimus</span> 
     </span>
     <span class='ocr_line' id='line_1_253' title="bbox 312 3913 1352 3954; baseline -0.007 -8"><span class='ocrx_word' id='word_1_2165' title='bbox 312 3925 368 3946; x_wconf 76' lang='lat' dir='ltr'>arte</span> <span class='ocrx_word' id='word_1_2166' title='bbox 382 3920 564 3954; x_wconf 79' lang='lat' dir='ltr'>grammatica,</span> <span class='ocrx_word' id='word_1_2167' title='bbox 580 3927 603 3946; x_wconf 79' lang='lat' dir='ltr'>ee</span> <span class='ocrx_word' id='word_1_2168' title='bbox 617 3919 646 3946; x_wconf 86' lang='lat' dir='ltr'>in</span> <span class='ocrx_word' id='word_1_2169' title='bbox 659 3925 715 3946; x_wconf 80' lang='lat' dir='ltr'>arte</span> <span class='ocrx_word' id='word_1_2170' title='bbox 728 3916 898 3953; x_wconf 79' lang='lat' dir='ltr'>grammatica</span> <span class='ocrx_word' id='word_1_2171' title='bbox 916 3916 982 3943; x_wconf 83' lang='lat' dir='ltr'>Plin.</span> <span class='ocrx_word' id='word_1_2172' title='bbox 995 3923 1040 3949; x_wconf 89' lang='lat'>24,</span> <span class='ocrx_word' id='word_1_2173' title='bbox 1057 3923 1096 3951; x_wconf 84' lang='lat'>17,</span> <span class='ocrx_word' id='word_1_2174' title='bbox 1109 3922 1134 3951; x_wconf 86' lang='lat'>7.</span> <span class='ocrx_word' id='word_1_2175' title='bbox 1144 3921 1177 3948; x_wconf 61' lang='lat'>¹5,</span> <span class='ocrx_word' id='word_1_2176' title='bbox 1193 3919 1216 3947; x_wconf 86' lang='lat'>8,</span> <span class='ocrx_word' id='word_1_2177' title='bbox 1229 3921 1252 3946; x_wconf 76' lang='grc' dir='ltr'>ς.</span> <span class='ocrx_word' id='word_1_2178' title='bbox 1288 3913 1352 3939; x_wconf 84' lang='lat' dir='ltr'>Cer-</span> 
     </span>
     <span class='ocr_line' id='line_1_254' title="bbox 313 3949 1352 3988; baseline -0.007 -7"><span class='ocrx_word' id='word_1_2179' title='bbox 313 3962 400 3981; x_wconf 86' lang='lat' dir='ltr'>tamen</span> <span class='ocrx_word' id='word_1_2180' title='bbox 413 3954 515 3981; x_wconf 81' lang='lat' dir='ltr'>celebre</span> <span class='ocrx_word' id='word_1_2181' title='bbox 533 3955 615 3982; x_wconf 89' lang='lat' dir='ltr'>Ouid.</span> <span class='ocrx_word' id='word_1_2182' title='bbox 629 3956 694 3982; x_wconf 84' lang='lat' dir='ltr'>Met.</span> <span class='ocrx_word' id='word_1_2183' title='bbox 710 3963 732 3987; x_wconf 85' lang='lat'>1,</span> <span class='ocrx_word' id='word_1_2184' title='bbox 743 3954 803 3988; x_wconf 80' lang='lat'>436.</span> <span class='ocrx_word' id='word_1_2185' title='bbox 863 3952 932 3978; x_wconf 90' lang='lat' dir='ltr'>Deus</span> <span class='ocrx_word' id='word_1_2186' title='bbox 947 3950 1075 3983; x_wconf 88' lang='lat' dir='ltr'>celebris,</span> <span class='ocrx_word' id='word_1_2187' title='bbox 1094 3959 1163 3986; x_wconf 82' lang='lat' dir='ltr'>quem</span> <span class='ocrx_word' id='word_1_2188' title='bbox 1175 3958 1257 3976; x_wconf 80' lang='lat' dir='ltr'>omnes</span> <span class='ocrx_word' id='word_1_2189' title='bbox 1268 3949 1352 3975; x_wconf 77' lang='lat' dir='ltr'>colunt</span> 
     </span>
    </p>
   </div>
   <div class='ocr_carea' id='block_1_54' title="bbox 311 3991 534 4024">
    <p class='ocr_par' dir='ltr' id='par_1_65' title="bbox 311 3991 534 4024">
     <span class='ocr_line' id='line_1_255' title="bbox 311 3991 534 4024; baseline -0.009 -5"><span class='ocrx_word' id='word_1_2190' title='bbox 311 3991 410 4019; x_wconf 86' lang='lat' dir='ltr'>Tibul.</span> <span class='ocrx_word' id='word_1_2191' title='bbox 424 3999 450 4024; x_wconf 83' lang='lat'>2,</span> <span class='ocrx_word' id='word_1_2192' title='bbox 464 3999 483 4024; x_wconf 89' lang='lat'>1,</span> <span class='ocrx_word' id='word_1_2193' title='bbox 497 3995 534 4022; x_wconf 78' lang='lat'>83.</span> 
     </span>
    </p>
   </div>
   <div class='ocr_carea' id='block_1_55' title="bbox 1335 3802 2081 3842">
    <p class='ocr_par' dir='ltr' id='par_1_66' title="bbox 1335 3802 2081 3842">
     <span class='ocr_line' id='line_1_256' title="bbox 1335 3802 2081 3842; baseline -0.004 -10"><span class='ocrx_word' id='word_1_2194' title='bbox 1335 3808 1476 3836; x_wconf 86' lang='lat' dir='ltr'>2100Pall.</span> <span class='ocrx_word' id='word_1_2195' title='bbox 1489 3808 1540 3835; x_wconf 86' lang='lat' dir='ltr'>Iul.</span> <span class='ocrx_word' id='word_1_2196' title='bbox 1553 3817 1577 3842; x_wconf 88' lang='grc'>3,</span> <span class='ocrx_word' id='word_1_2197' title='bbox 1592 3816 1604 3835; x_wconf 91' lang='grc' dir='ltr'>ι</span> <span class='ocrx_word' id='word_1_2198' title='bbox 1631 3806 1770 3835; x_wconf 85' lang='lat' dir='ltr'>Celebrari</span> <span class='ocrx_word' id='word_1_2199' title='bbox 1789 3804 1874 3840; x_wconf 78' lang='lat' dir='ltr'>potest</span> <span class='ocrx_word' id='word_1_2200' title='bbox 1889 3802 2081 3839; x_wconf 76' lang='lat' dir='ltr'>Emplastratio.</span> 
     </span>
    </p>
   </div>
   <div class='ocr_carea' id='block_1_56' title="bbox 607 3982 1749 4021">
    <p class='ocr_par' dir='ltr' id='par_1_67' title="bbox 607 3982 1749 4021">
     <span class='ocr_line' id='line_1_257' title="bbox 607 3982 1749 4021; baseline -0.007 -3"><span class='ocrx_word' id='word_1_2201' title='bbox 607 3991 663 4018; x_wconf 84' lang='lat' dir='ltr'>Cic.</span> <span class='ocrx_word' id='word_1_2202' title='bbox 673 3990 705 4017; x_wconf 79' lang='lat' dir='ltr'>de</span> <span class='ocrx_word' id='word_1_2203' title='bbox 718 3988 825 4017; x_wconf 77' lang='lat' dir='ltr'>Amicit.</span> <span class='ocrx_word' id='word_1_2204' title='bbox 839 3995 868 4014; x_wconf 75' lang='lat' dir='ltr'>u.</span> <span class='ocrx_word' id='word_1_2205' title='bbox 884 3987 944 4014; x_wconf 81' lang='lat' dir='ltr'>Hoc</span> <span class='ocrx_word' id='word_1_2206' title='bbox 955 3993 1043 4014; x_wconf 80' lang='lat' dir='ltr'>tamen</span> <span class='ocrx_word' id='word_1_2207' title='bbox 1054 3994 1117 4014; x_wconf 81' lang='lat' dir='ltr'>vere</span> <span class='ocrx_word' id='word_1_2208' title='bbox 1129 3985 1191 4014; x_wconf 81' lang='lat' dir='ltr'>licet</span> <span class='ocrx_word' id='word_1_2209' title='bbox 1202 3985 1307 4017; x_wconf 81' lang='lat' dir='ltr'>dicere,</span> <span class='ocrx_word' id='word_1_2210' title='bbox 1323 3983 1350 4011; x_wconf 82' lang='grc' dir='ltr'>Ρ.</span> <span class='ocrx_word' id='word_1_2211' title='bbox 1364 3987 1408 4016; x_wconf 79' lang='lat'>105</span> <span class='ocrx_word' id='word_1_2212' title='bbox 1415 3985 1494 4014; x_wconf 85' lang='lat' dir='ltr'>Mart.</span> <span class='ocrx_word' id='word_1_2213' title='bbox 1508 3992 1536 4021; x_wconf 83' lang='grc'><strong>7,</strong></span> <span class='ocrx_word' id='word_1_2214' title='bbox 1550 3994 1567 4013; x_wconf 88' lang='lat'>2</span> <span class='ocrx_word' id='word_1_2215' title='bbox 1584 3982 1749 4013; x_wconf 72' lang='lat' dir='ltr'>Celebranda</span> 
     </span>
    </p>
   </div>
   <div class='ocr_carea' id='block_1_57' title="bbox 2234 3639 2468 4084">
    <p class='ocr_par' dir='ltr' id='par_1_68' title="bbox 2234 3639 2468 4084">
     <span class='ocr_line' id='line_1_258' title="bbox 2349 3639 2468 3686; baseline 0 0"><span class='ocrx_word' id='word_1_2216' title='bbox 2349 3639 2468 3686; x_wconf 95' lang='lat' dir='ltr'>  </span> 
     </span>
     <span class='ocr_line' id='line_1_259' title="bbox 2354 3686 2468 3716; baseline 0 466"><span class='ocrx_word' id='word_1_2217' title='bbox 2354 3686 2468 3716; x_wconf 95' lang='lat' dir='ltr'> </span> 
     </span>
     <span class='ocr_line' id='line_1_260' title="bbox 2312 3716 2464 3789; baseline 0 -29"><span class='ocrx_word' id='word_1_2218' title='bbox 2312 3716 2464 3789; x_wconf 95' lang='lat' dir='ltr'>  </span> 
     </span>
     <span class='ocr_line' id='line_1_261' title="bbox 2309 3789 2464 3861; baseline 0 -34"><span class='ocrx_word' id='word_1_2219' title='bbox 2309 3789 2464 3861; x_wconf 95' lang='lat' dir='ltr'>  </span> 
     </span>
     <span class='ocr_line' id='line_1_262' title="bbox 2234 3861 2443 3938; baseline 0 0"><span class='ocrx_word' id='word_1_2220' title='bbox 2234 3861 2443 3938; x_wconf 95' lang='lat' dir='ltr'>   </span> 
     </span>
     <span class='ocr_line' id='line_1_263' title="bbox 2280 3938 2434 4033; baseline 0 0"><span class='ocrx_word' id='word_1_2221' title='bbox 2280 3938 2434 4033; x_wconf 95' lang='lat' dir='ltr'>   </span> 
     </span>
     <span class='ocr_line' id='line_1_264' title="bbox 2290 4033 2432 4084; baseline 0 98"><span class='ocrx_word' id='word_1_2222' title='bbox 2290 4033 2432 4084; x_wconf 95' lang='lat' dir='ltr'> </span> 
     </span>
    </p>
   </div>
   <div class='ocr_carea' id='block_1_58' title="bbox 1406 3658 2419 4010">
    <p class='ocr_par' dir='ltr' id='par_1_69' title="bbox 1406 3658 2413 3702">
     <span class='ocr_line' id='line_1_265' title="bbox 1406 3658 2413 3702; baseline -0.008 -9"><span class='ocrx_word' id='word_1_2223' title='bbox 1406 3672 1472 3702; x_wconf 75' lang='lat' dir='ltr'>pare</span> <span class='ocrx_word' id='word_1_2224' title='bbox 1484 3665 1612 3702; x_wconf 73' lang='lat' dir='ltr'>etfacere.</span> <span class='ocrx_word' id='word_1_2225' title='bbox 1683 3664 1740 3691; x_wconf 92' lang='lat' dir='ltr'>Cic.</span> <span class='ocrx_word' id='word_1_2226' title='bbox 1751 3663 1784 3691; x_wconf 89' lang='lat' dir='ltr'>de</span> <span class='ocrx_word' id='word_1_2227' title='bbox 1798 3664 1873 3691; x_wconf 87' lang='lat' dir='ltr'>Orat.</span> <span class='ocrx_word' id='word_1_2228' title='bbox 1889 3672 1911 3696; x_wconf 96' lang='lat'>1,</span> <span class='ocrx_word' id='word_1_2229' title='bbox 1924 3671 1937 3690; x_wconf 87' lang='lat'><em>2</em></span> <span class='ocrx_word' id='word_1_2230' title='bbox 1954 3662 2130 3697; x_wconf 63' lang='lat' dir='ltr'>Neque&lt;vero</span> <span class='ocrx_word' id='word_1_2231' title='bbox 2150 3659 2229 3687; x_wconf 87' lang='lat' dir='ltr'>nobis</span> <span class='ocrx_word' id='word_1_2232' title='bbox 2243 3668 2275 3686; x_wconf 90' lang='lat' dir='ltr'>cu</span> <span class='ocrx_word' id='word_1_2233' title='bbox 2294 3658 2349 3686; x_wconf 62' lang='lat' dir='ltr'>ictiv</span> <span class='ocrx_word' id='word_1_2234' title='bbox 2409 3681 2413 3686; x_wconf 83' lang='lat'>.</span> 
     </span>
    </p>

    <p class='ocr_par' dir='ltr' id='par_1_70' title="bbox 1407 3694 2419 4010">
     <span class='ocr_line' id='line_1_266' title="bbox 1433 3694 2419 3742; baseline -0.006 -13"><span class='ocrx_word' id='word_1_2235' title='bbox 1433 3710 1474 3742; x_wconf 40' lang='lat' dir='ltr'>ue·</span> <span class='ocrx_word' id='word_1_2236' title='bbox 1491 3700 1645 3742; x_wconf 74' lang='lat' dir='ltr'>optantibus</span> <span class='ocrx_word' id='word_1_2237' title='bbox 1661 3699 1765 3727; x_wconf 58' lang='lat' dir='ltr'>studius</span> <span class='ocrx_word' id='word_1_2238' title='bbox 1783 3699 1834 3727; x_wconf 90' lang='lat' dir='ltr'>otii</span> <span class='ocrx_word' id='word_1_2239' title='bbox 1847 3698 1929 3740; x_wconf 33' lang='lat' dir='ltr'>‘datus</span> <span class='ocrx_word' id='word_1_2240' title='bbox 1947 3697 1984 3724; x_wconf 86' lang='lat' dir='ltr'>est</span> <span class='ocrx_word' id='word_1_2241' title='bbox 2003 3694 2095 3723; x_wconf 69' lang='lat' dir='ltr'>ad‘eas</span> <span class='ocrx_word' id='word_1_2242' title='bbox 2113 3696 2205 3732; x_wconf 81' lang='lat' dir='ltr'>Artes,</span> <span class='ocrx_word' id='word_1_2243' title='bbox 2226 3695 2277 3731; x_wconf 51' lang='lat' dir='ltr'>¹qui</span> <span class='ocrx_word' id='word_1_2244' title='bbox 2296 3699 2354 3733; x_wconf 58' lang='lat' dir='ltr'>uqa</span> <span class='ocrx_word' id='word_1_2245' title='bbox 2397 3714 2419 3733; x_wconf 51' lang='lat'>5.</span> 
     </span>
     <span class='ocr_line' id='line_1_267' title="bbox 1413 3711 2401 3770; baseline -0.009 -5"><span class='ocrx_word' id='word_1_2246' title='bbox 1413 3711 1499 3764; x_wconf 63' lang='lat' dir='ltr'>dediti</span> <span class='ocrx_word' id='word_1_2247' title='bbox 1513 3737 1631 3770; x_wconf 85' lang='lat' dir='ltr'>fuimus,</span> <span class='ocrx_word' id='word_1_2248' title='bbox 1644 3734 1829 3768; x_wconf 76' lang='lat' dir='ltr'>celebrandas,</span> <span class='ocrx_word' id='word_1_2249' title='bbox 1845 3740 1969 3768; x_wconf 80' lang='lat' dir='ltr'>interque</span> <span class='ocrx_word' id='word_1_2250' title='bbox 1981 3740 2031 3758; x_wconf 76' lang='lat' dir='ltr'>no·</span> <span class='ocrx_word' id='word_1_2251' title='bbox 2044 3731 2205 3759; x_wconf 85' lang='lat' dir='ltr'>recolendas.</span> <span class='ocrx_word' id='word_1_2252' title='bbox 2259 3728 2332 3760; x_wconf 77' lang='lat' dir='ltr'>Idem</span> <span class='ocrx_word' id='word_1_2253' title='bbox 2399 3735 2401 3739; x_wconf 80' lang='grc'>’</span> 
     </span>
     <span class='ocr_line' id='line_1_268' title="bbox 1415 3766 2312 3830; baseline -0.009 -30"><span class='ocrx_word' id='word_1_2254' title='bbox 1415 3780 1458 3807; x_wconf 71' lang='grc' dir='ltr'>ι,3</span> <span class='ocrx_word' id='word_1_2255' title='bbox 1478 3773 1537 3800; x_wconf 86' lang='lat' dir='ltr'>Nec</span> <span class='ocrx_word' id='word_1_2256' title='bbox 1549 3781 1633 3800; x_wconf 91' lang='lat' dir='ltr'>vnum</span> <span class='ocrx_word' id='word_1_2257' title='bbox 1643 3771 1767 3806; x_wconf 57' lang='lat' dir='ltr'>genuqest</span> <span class='ocrx_word' id='word_1_2258' title='bbox 1775 3767 1957 3798; x_wconf 83' lang='lat' dir='ltr'>Diuinationis</span> <span class='ocrx_word' id='word_1_2259' title='bbox 1971 3766 2079 3803; x_wconf 86' lang='lat' dir='ltr'>publice</span> <span class='ocrx_word' id='word_1_2260' title='bbox 2092 3767 2312 3830; x_wconf 42' lang='lat' dir='ltr'>pritssitimfflece</span> 
     </span>
     <span class='ocr_line' id='line_1_269' title="bbox 1414 3804 2309 3873; baseline -0.009 -1"><span class='ocrx_word' id='word_1_2261' title='bbox 1414 3843 1573 3871; x_wconf 87' lang='lat' dir='ltr'>celebratur.</span> <span class='ocrx_word' id='word_1_2262' title='bbox 1629 3841 1846 3871; x_wconf 70' lang='lat' dir='ltr'>Iurisdie&#39;tionem</span> <span class='ocrx_word' id='word_1_2263' title='bbox 1859 3839 1992 3867; x_wconf 78' lang='lat' dir='ltr'>celebrare</span> <span class='ocrx_word' id='word_1_2264' title='bbox 2009 3839 2070 3866; x_wconf 90' lang='lat' dir='ltr'>Liu.</span> <span class='ocrx_word' id='word_1_2265' title='bbox 2083 3841 2108 3871; x_wconf 92' lang='lat'>6,</span> <span class='ocrx_word' id='word_1_2266' title='bbox 2121 3804 2174 3873; x_wconf 46' lang='grc' dir='ltr'><strong>3ξ..</strong></span> <span class='ocrx_word' id='word_1_2267' title='bbox 2188 3804 2309 3865; x_wconf 52' lang='lat' dir='ltr'>Feb-&#39;gl</span> 
     </span>
     <span class='ocr_line' id='line_1_270' title="bbox 1407 3872 2266 3918; baseline -0.01 -10"><span class='ocrx_word' id='word_1_2268' title='bbox 1407 3880 1563 3916; x_wconf 74' lang='lat' dir='ltr'>profertur,</span> <span class='ocrx_word' id='word_1_2269' title='bbox 1589 3878 1683 3906; x_wconf 70' lang='lat' dir='ltr'>Minue</span> <span class='ocrx_word' id='word_1_2270' title='bbox 1701 3876 1876 3918; x_wconf 79' lang='lat' dir='ltr'>celebratum,</span> <span class='ocrx_word' id='word_1_2271' title='bbox 1895 3877 1914 3902; x_wconf 82' lang='grc' dir='ltr'>ι’.</span> <span class='ocrx_word' id='word_1_2272' title='bbox 1928 3874 2079 3915; x_wconf 65' lang='lat' dir='ltr'>frequenter</span> <span class='ocrx_word' id='word_1_2273' title='bbox 2091 3872 2234 3902; x_wconf 62' lang='lat' dir='ltr'>confestum.</span> <span class='ocrx_word' id='word_1_2274' title='bbox 2259 3881 2266 3890; x_wconf 74' lang='grc'>’-</span> 
     </span>
     <span class='ocr_line' id='line_1_271' title="bbox 1413 3909 2298 3951; baseline -0.007 -10"><span class='ocrx_word' id='word_1_2275' title='bbox 1413 3923 1441 3947; x_wconf 85' lang='lat'>2,</span> <span class='ocrx_word' id='word_1_2276' title='bbox 1453 3923 1500 3949; x_wconf 90' lang='lat'>49,</span> <span class='ocrx_word' id='word_1_2277' title='bbox 1512 3917 1530 3942; x_wconf 84' lang='lat'>6</span> <span class='ocrx_word' id='word_1_2278' title='bbox 1549 3914 1721 3943; x_wconf 62' lang='lat' dir='ltr'>celebratum</span> <span class='ocrx_word' id='word_1_2279' title='bbox 1732 3911 1761 3938; x_wconf 79' lang='lat' dir='ltr'>ld</span> <span class='ocrx_word' id='word_1_2280' title='bbox 1774 3919 1855 3946; x_wconf 83' lang='lat' dir='ltr'>genus</span> <span class='ocrx_word' id='word_1_2281' title='bbox 1862 3911 1973 3951; x_wconf 57' lang='lat' dir='ltr'>Mortis,</span> <span class='ocrx_word' id='word_1_2282' title='bbox 1990 3914 2009 3937; x_wconf 84' lang='lat' dir='ltr'>i.</span> <span class='ocrx_word' id='word_1_2283' title='bbox 2022 3919 2039 3937; x_wconf 84' lang='lat' dir='ltr'>a</span> <span class='ocrx_word' id='word_1_2284' title='bbox 2050 3912 2136 3942; x_wconf 74' lang='lat' dir='ltr'>multis</span> <span class='ocrx_word' id='word_1_2285' title='bbox 2148 3909 2298 3949; x_wconf 60' lang='lat' dir='ltr'>usurpatum-</span> 
     </span>
     <span class='ocr_line' id='line_1_272' title="bbox 1415 3940 2371 4010; baseline -0.01 -34"><span class='ocrx_word' id='word_1_2286' title='bbox 1415 3950 1490 3977; x_wconf 90' lang='lat' dir='ltr'>Nou.</span> <span class='ocrx_word' id='word_1_2287' title='bbox 1503 3959 1534 3984; x_wconf 90' lang='lat'>14</span> <span class='ocrx_word' id='word_1_2288' title='bbox 1552 3948 1738 3978; x_wconf 82' lang='lat' dir='ltr'>Celebrabitur</span> <span class='ocrx_word' id='word_1_2289' title='bbox 1753 3947 1828 4010; x_wconf 46' lang='lat' dir='ltr'>{Rus</span> <span class='ocrx_word' id='word_1_2290' title='bbox 1847 3946 1967 3981; x_wconf 79' lang='lat' dir='ltr'>(glandis</span> <span class='ocrx_word' id='word_1_2291' title='bbox 1978 3945 2122 3981; x_wconf 78' lang='lat' dir='ltr'>legendae)</span> <span class='ocrx_word' id='word_1_2292' title='bbox 2133 3954 2161 3973; x_wconf 64' lang='lat' dir='ltr'>&gt;e·</span> <span class='ocrx_word' id='word_1_2293' title='bbox 2179 3951 2231 3971; x_wconf 75' lang='lat' dir='ltr'>eris</span> <span class='ocrx_word' id='word_1_2294' title='bbox 2243 3940 2371 3968; x_wconf 67' lang='lat' dir='ltr'>femineis.</span> 
     </span>
    </p>
   </div>
   <div class='ocr_carea' id='block_1_59' title="bbox 1810 3968 2418 4034">
    <p class='ocr_par' dir='ltr' id='par_1_71' title="bbox 1810 3968 2418 4034">
     <span class='ocr_line' id='line_1_273' title="bbox 1810 3968 2418 4034; baseline 0.038 -26"><span class='ocrx_word' id='word_1_2295' title='bbox 1810 3982 1952 4010; x_wconf 81' lang='lat' dir='ltr'>vinearum</span> <span class='ocrx_word' id='word_1_2296' title='bbox 1965 3982 2080 4016; x_wconf 65' lang='lat' dir='ltr'>Pontio.</span> <span class='ocrx_word' id='word_1_2297' title='bbox 2114 3982 2147 4009; x_wconf 59' lang='grc' dir='ltr'>Β</span> <span class='ocrx_word' id='word_1_2298' title='bbox 2160 3989 2167 3993; x_wconf 62' lang='grc'><em>”</em></span> <span class='ocrx_word' id='word_1_2299' title='bbox 2195 3986 2241 4007; x_wconf 77' lang='lat'>⁰¹¹⁸</span> <span class='ocrx_word' id='word_1_2300' title='bbox 2253 3968 2418 4034; x_wconf 27' lang='grc' dir='ltr'>2’νὶίῇὼὲΰιι</span> 
     </span>
    </p>
   </div>
   <div class='ocr_carea' id='block_1_60' title="bbox 2418 4092 2432 4180">
    <p class='ocr_par' dir='ltr' id='par_1_72' title="bbox 2418 4092 2432 4180">
     <span class='ocr_line' id='line_1_274' title="bbox 2418 4092 2432 4180; baseline 0 2"><span class='ocrx_word' id='word_1_2301' title='bbox 2418 4092 2432 4180; x_wconf 95' lang='lat' dir='ltr'> </span> 
     </span>
    </p>
   </div>
  </div>
 </body>
</html>
