2474 4182
62 132 138 168 „93
446 116 480 154 c
569 117 604 154 o
695 115 733 153 N
850 170 852 173 .
1558 120 1591 159 c
1679 121 1716 160 o
1805 123 1847 162 N
2118 146 2204 183 „94

62 206 142 233 Plaut.
158 205 244 232 Pseud.
260 213 280 236 1,
294 211 317 236 5,
331 206 381 236 136.
453 205 509 231 Cic.
531 203 562 229 de
575 201 662 229 Fiuib.
677 211 697 234 5,
717 209 727 227 1
752 200 943 240 Coni'tituiiiius
957 201 1027 229 iuter
1040 210 1099 234 rios,
1163 200 1310 239 sepulturae
1324 202 1380 228 Cic.
1395 203 1471 230 Verr.
1485 213 1508 238 ς,
1523 215 1568 239 ¹33·
1640 211 1739 237 Metam
1760 210 1834 246 Virg.
1851 211 1915 238 Aen.
1934 221 1946 245 ς
1972 223 2023 247 ¹29-
2092 219 2204 247 Modum

61 248 90 267 vt
111 241 314 267 ambulationem
337 240 544 274 pomeridianam
570 238 756 265 conficeremus
782 245 810 262 in
829 237 976 263 Academia.
1048 239 1098 263 Hic
1164 235 1240 262 rebus
1255 239 1365 264 iiilinitis
1379 239 1433 264 Cic.
1450 240 1479 265 dc
1496 243 1583 269 finib.
1599 253 1617 277 i,
1633 254 1655 271 2.
1727 247 1837 273 Modum
1857 248 1927 273 vitae
1947 234 2061 283 {liquem
2079 253 2126 280 sibi
2144 265 2193 282 con

63 277 109 303 vbi
123 277 264 303 nocturnae
273 275 362 302 Numa
376 275 548 302 constituebat
562 274 658 300 amicae
672 271 787 311 qucnal.
804 281 829 303 α,
844 281 878 298 12.
952 274 1019 299 Ter.
1033 274 1098 299 Hcc.
1164 271 1269 311 stitiicrc
1290 273 1361 299 ldeiu
1382 283 1429 308 pro
1448 276 1510 302 Sull.
1525 280 1568 309 46.
1641 281 1748 308 Moenia
1768 282 1925 309 constituere
1935 301 1942 315 ³
1965 287 2104 320 Assssfimre
2123 273 2205 317 urbm}

22 323 23 335 ι
63 321 82 345 ι,
95 321 121 342 2,
137 320 174 338 ιιι
198 311 266 337 Nam
286 312 409 338 constitui
424 321 483 338 cum
497 310 611 345 quodam
631 307 734 342 hospite
748 317 788 333 iiic
802 310 849 333 cll'e
862 308 938 334 illum
955 316 1098 334 conuentu·
1165 308 1238 340 Virg.
1255 309 1317 345 Aen.
1336 318 1372 341 12,
1388 319 1442 344 194.
1516 312 1604 339 Nanes
1616 316 1662 341 nili
1685 318 1712 342 in
1726 318 1779 344 alto
1793 318 1916 344 constitui
1930 327 1982 344 non
1997 328 2115 353 poteram
2133 327 2200 351 Caes

22 353 23 372 l
62 357 131 379 ram,
152 346 179 372 de
196 357 222 372 re
242 351 389 373 meretricia.
415 349 444 374 ι’,
459 347 483 374 l),
496 348 514 373 Ι,
536 347 626 371 Donat.
648 350 671 368 rt
691 344 758 379 coiis,
781 344 847 370 Ter.
871 346 965 370 Hcatit.
981 354 1008 377 4,
1029 354 1056 377 4,
1071 353 1097 377 4.
1123 351 1136 377 ς
1165 342 1227 382 Bell.
1244 344 1312 368 Gall.
1332 354 1360 377 4,
1375 353 1414 378 24.
1485 347 1542 373 Cic.
1558 350 1627 375 Fam.
1643 359 1679 383 io,
1695 361 1704 383 3
1726 354 1788 386 Ego,
1804 354 1902 386 Plance,
1912 354 2130 384 Necessitiidinem
2144 345 2205 386 con:

22 399 23 409 ι
61 385 98 410 Dc
110 385 222 409 conuiuio
237 383 305 409 Ter.
319 384 382 409 Eun.
398 391 419 415 3,
433 392 459 416 4,
472 391 482 415 3
512 380 571 407 Dati
587 379 692 405 annuli:
713 381 782 405 locus
792 399 797 409 ,
813 386 914 414 tenipus
927 380 1098 406 constitutum
1163 377 1278 403 stitutam
1294 379 1372 405 habui
1387 389 1447 406 cuin
1462 380 1543 408 domo
1556 384 1654 417 vcstia,
1668 395 1726 413 ante
1740 389 1892 422 aliquanto,
1906 398 1983 424 quani
2000 397 2028 417 tu
2048 399 2121 418 natus
2136 396 2198 421 effe.

22 446 23 450 Ἰ
61 417 104 444 est,
177 418 278 444 paffiam
301 425 325 445 et
344 418 510 444 constitutam
531 415 578 441 effe
595 424 654 440 cum
673 415 764 450 aliquo
778 416 849 441 diem
869 416 925 441 Cic.
941 417 969 442 in
984 416 1060 441 Catil.
1078 423 1099 447 1,
1163 414 1280 453 Nuptiae
1295 416 1450 442 constitutae
1466 417 1492 442 in
1515 419 1582 444 hunc
1597 420 1666 446 dicin
1687 423 1707 448 ‘l
1718 433 1754 449 er.
1773 425 1851 450 Andr.
1868 433 1875 450 i
1902 434 1913 457 5
1939 435 1978 459 24.
2051 428 2124 453 Caes.
2140 431 2194 455 Bell

60 461 101 487 34·
173 454 272 480 53¹1„st-
287 453 404 488 Iugurth·
419 456 452 480 65
469 450 568 479 Deinde
584 451 733 485 compotitis
748 452 818 478 inter
833 452 857 476 se
870 451 971 490 rebus,⁴
979 452 1006 476 in
1027 450 1098 477 diem
1163 449 1245 475 Ciuil.
1261 458 1280 481 i,
1297 458 1320 482 15
1352 452 1436 477 Etiam
1454 461 1484 478 ex
1500 454 1630 488 Cingulo,
1646 458 1716 490 quod
1731 460 1864 493 Oppidum
1878 445 2009 489 Labienus
2027 449 2205 490 constituerat·

60 487 236 516 constituunt:
273 489 343 524 quod
365 490 386 515 is
406 488 497 518 selim,
510 486 709 521 celebratusque
731 497 777 521 per
795 496 899 512 omnem
914 487 1045 516 Africani,
1060 486 1099 511 lu-
1163 485 1258 518 suaque
1273 487 1382 518 pecunia
1399 488 1633 522 exaedificatio-at,
1647 492 1677 517 ad
1693 502 1752 519 eum
1769 495 1846 528 legati
1861 498 1978 524 veniunt,
2051 500 2137 525 parces
2159 485 2206 525 sm}

61 524 122 550 duni
149 532 173 551 et
203 526 337 551 lasciuiam
359 524 438 558 magis
463 531 540 556 quam
564 522 737 548 formidinem
762 522 914 549 ostentabat.
961 521 1007 548 Sed
1029 523 1097 547 Cart.
1119 534 1146 553 10
1163 521 1233 555 gulas
1248 522 1336 546 causae
1351 523 1379 547 in
1392 523 1483 557 digitis
1497 525 1654 552 constituere
1670 528 1724 553 Cic.
1738 530 1829 557 Diuin.
1846 532 1872 556 in
1886 534 1961 558 Caec.
1977 541 2008 566 4¹
2027 532 2054 560 ile
2068 535 2207 570 artaji'ciosa

60 560 146 592 diem,
161 564 203 596 qui
220 563 313 596 alioqui
334 558 543 594 hant-“sormidam
558 558 589 584 i'lu
604 557 722 591 illustrat.
749 559 807 584 l'nl.
827 558 984 584 Auctionem
1005 556 1098 596 consti-
1163 558 1359 587 enumeratione,
1378 568 1425 592 qua
1449 563 1489 585 mi
1508 563 1602 596 solemn
1624 563 1776 597 llortriifiui.
1850 550 2096 596 raimmun'aiicui
2117 572 2207 597 causae

22 590 23 630 l
61 602 143 622 tuere.
215 595 343 629 Qiinc't'il.
356 604 381 630 7,
395 603 423 620 io
451 594 496 620 Illa
512 595 581 619 enim
597 594 769 628 potentiss'iina
786 594 837 625 cst,
853 602 971 628 quaeque
984 601 1046 619 vere
1059 592 1098 618 di-
1164 592 1236 617 Idcni
1252 600 1300 625 pro
1314 592 1441 619 Muraena
1454 603 1479 627 4.
1552 598 1600 622 Pax
1615 603 1668 623 toti
1682 600 1819 632 prouincia
1833 603 1971 629 constituta
1984 604 2020 630 id.
2030 607 2134 638 QFrat
2159 614 2167 632 1
2190 614 2198 633 1

21 632 23 645 ι
60 632 129 657 citur
145 632 226 658 totius
245 633 332 658 causae
345 629 493 663 dispositio,
506 639 572 664 quae
585 630 726 662 constitui,
740 630 786 655 uisi
802 630 874 656 velut
888 630 914 655 in
928 638 956 656 re
971 627 1099 662 praesenti
1163 627 1235 667 Caes.
1249 626 1313 666 Bell.
1328 628 1395 653 Gall.
1411 638 1431 659 ς,
1449 638 1456 655 ι
1494 631 1528 656 Iis
1548 635 1579 658 ad
1601 632 1673 659 diem
1688 635 1821 667 adductis,
1841 645 1866 663 vt
1889 639 2064 672 imperauerat
2094 626 2209 669 arbitr’os

20 677 22 695 Α,
59 676 112 692 non
139 668 229 701 potest.
301 666 434 692 Traianus
454 665 486 691 ad
505 667 569 691 Plin.
591 675 634 697 io,
653 675 689 699 4ο
722 665 796 700 Qiid
815 671 936 700 oporteat
954 664 1012 691 fieri
1031 665 1101 690 circa
1163 669 1232 689 Inter
1252 668 1372 688 <lunares
1397 664 1438 689 dat
1454 684 1461 696 ‚
1494 667 1539 700 qui
1565 668 1637 694 litcin
1665 670 1800 696 aellinient
1815 692 1823 703 ,
1852 674 2017 708 Poenanique
2038 661 2198 704 cuiissituaiit

14 707 23 729 ,i
60 703 208 735 theatrum,
230 702 300 737 quod
315 701 466 727 inchoatum
480 702 549 736 apud
564 702 689 728 Nic-enses
704 702 755 733 est,
772 702 799 727 in
814 710 841 727 rc
857 701 985 735 praesenti
999 700 1100 734 optime
1121 713 1146 740 ¹5
1163 698 1232 725 Adii.
1247 698 1357 738 Qiinet.
1372 706 1398 733 7,
1414 708 1432 730 1,
1447 708 1486 733 57.
1559 703 1688 731 Pracssdia
1703 706 1859 733 constituere
1880 710 2038 737 defentionis
2053 714 2111 738 suae
2125 714 2153 739 iii
2167 698 2208 740 ar2

21 754 22 761 ι
59 737 218 765 deliberabis
238 745 262 764 ct
284 737 431 763 constitues.
628 737 648 774 Ἴ
666 746 678 769 3
716 735 887 769 Ssieisiaiiriica,
900 746 959 771 quac
978 736 1101 762 adiiciun—
1164 743 1193 760 ce
1208 735 1271 768 legis
1284 735 1341 760 Cic.
1355 743 1403 768 pro
1417 736 1521 761 Clucnt.
1537 742 1587 769 136.
1658 742 1775 767 pretim„
1790 743 1924 770 frumento
1947 746 2019 771 Idem
2035 749 2109 774 Verr.
2125 758 2144 780 3,
2159 757 2207 783 ¹71·

21 771 22 783 ³
58 781 100 799 tui·
118 775 174 800 huic
188 775 274 812 uerbo:⁴
307 773 468 814 Cic-Diuin.
484 773 599 813 in‘Caec.
617 782 645 799 10
676 773 707 812 Vt
724 782 750 798 iii
766 771 948 812 constituendo
963 772 1100 798 Accusato-
1165 771 1365 811 Procuratorem
1377 771 1420 797 vel
1435 780 1540 811 corani,¹
1555 774 1597 799 vel
1618 785 1663 808 pm.
1676 778 1819 815 mmmm),
1834 779 1875 804 vd
1895 789 1940 813 per
1955 782 2090 814 epistolam
2104 784 2206 818 leian·

17 814 22 839 ζ
59 819 100 839 re,
116 809 186 844 quod
204 809 400 848 seqiiirpossitiQ
414 808 539 835 liabeatis.
595 809 667 834 Idem
681 818 709 834 iii
724 809 811 834 Parrit.
830 816 863 840 99
892 809 980 841 Qian’
995 807 1026 833 de
1041 816 1101 833 con·
1164 806 1182 832 l.
1200 815 1208 832 1
1227 804 1273 842 §.1
1289 806 1314 833 st.
1330 807 1362 832 de
1375 807 1601 834 Procuratoritius⁴
1649 812 1704 837 Cu,
1715 815 1781 839 Verr
1806 823 1871 846 ι,44
1892 815 2057 850 Posteaquam
2074 820 2120 845 Cn.
2130 821 2208 847 Dola-

21 847 22 852 ¹
60 846 194 871 intuendis
207 845 363 870 Aelioiiibiis
373 865 380 876 ,
399 844 556 879 accipiendis
572 843 766 878 subeundisque
781 843 904 875 iudiciis,
919 844 950 868 de
969 843 1102 878 excipien-
1166 842 1248 868 bellae
1263 842 1402 875 prouincia
1415 842 1513 869 Cilicia
1527 844 1667 871 constituta
1682 847 1725 872 est.
1764 850 1834 875 Ideni
1844 859 1891 884 pro
1901 852 1996 877 Milon.
2007 862 2029 883 ις
2055 854 2126 880 l-lanc
2142 865 2207 882 vero

21 885 22 888 ’
58 880 89 907 da
103 882 240 915 iniquitate
260 880 387 912 aetionis,
403 888 448 906 etc.
522 881 577 907 Cic.
592 880 643 907 Off.
659 888 680 912 2,
694 887 723 912 4¹
761 879 900 913 Aequitate
920 879 1101 905 constituenda
1120 885 1155 904 20
1164 877 1354 911 Qiaestionem
1372 878 1422 912 (de
1441 882 1544 905 crimine
1557 881 1650 916 legibus
1664 884 1836 918 vindicando)
1855 886 1899 911 etii
1913 895 1966 912 non
1980 883 2119 923 citiiiiqua
2143 899 2208 917 niui-

20 932 21 945 ι
58 917 171 942 summos
192 925 249 941 cum
272 916 370 942 intimis
391 917 447 950 pari
468 916 526 942 iure
544 915 682 942 retinebat.
754 914 814 940 Liu.
829 923 851 946 5,
866 923 880 940 2
918 915 958 940 An
973 914 1008 940 est
1029 915 1100 948 quis-
1164 922 1242 947 quain
1258 920 1346 939 tamen
1359 914 1465 940 Senatus
1484 915 1693 942 constituendam
1715 926 1830 951 putauit:
1854 930 1926 947 erant
1945 924 2015 948 enini
2037 926 2104 951 lez-es
2123 911 2208 953 'erant

20 972 21 987 ἢ
57 953 199 987 quain,qui
214 951 316 978 dubitet
331 952 409 978 nullis
423 953 529 978 iniuriis
544 951 653 983 vesti-is,
672 950 689 976 ii
703 959 769 985 quae
790 950 860 976 forte
879 949 1024 984 aliquando
1045 951 1099 976 fue·
1164 948 1339 983 quacstiones,
1355 950 1397 976 vel
1414 950 1445 976 de
1466 951 1560 983 caede,
1581 951 1622 977 vel
1637 952 1668 978 de
1690 953 1731 979 vi:
1762 963 1809 979 nec
1823 960 1922 982 tantuin
1938 948 2086 986 iiioci-orciii
2103 946 2210 988 S'enatui

58 995 131 1020 runt,
154 997 268 1021 cuquam
288 997 369 1023 aeque
388 997 466 1022 quam
489 996 598 1014 munere
619 993 721 1021 patrum
739 987 767 1012 in
786 986 908 1020 plebem,
929 995 1010 1020 quum
1032 987 1100 1012 Aera
1164 993 1235 1010 mors
1244 985 1369 1011 P.Clodii
1382 985 1517 1019 afferebat,
1533 988 1779 1022 vtn01iaQiaestio
1792 990 2001 1020 constitueretur.
2021 997 2206 1030 Adii.Qiinc-}.

20 1026 21 1060 ζ
57 1024 234 1049 militantibus
258 1024 399 1050 constituta
421 1025 492 1056 sunt,
513 1023 654 1050 Tribunos
675 1021 760 1057 plebis
777 1022 889 1047 offensos
904 1030 932 1047 ac
954 1022 1099 1048 concitatos
1163 1029 1191 1052 4,
1207 1028 1232 1052 2,
1248 1029 1283 1046 10.
1356 1022 1484 1054 Quaestus
1497 1031 1604 1057 magnos
1619 1032 1698 1058 atque
1713 1024 1805 1053 vbcres
1821 1025 1869 1051 fibi
1885 1029 2041 1055 constituere
2055 1040 2085 1057 ex
2100 1033 2209 1066 quibus-

20 1079 21 1089 ,
56 1060 110 1086 esre.
185 1060 240 1085 Cic.
256 1061 332 1087 Verr.
347 1069 369 1092 3,
382 1068 424 1092 213
447 1059 549 1086 Deinde
561 1059 648 1085 curin
662 1067 715 1084 vno
729 1067 823 1092 genere
837 1058 892 1083 solo
905 1057 1033 1083 frumenti
1052 1057 1100 1082 issa
1119 1062 1149 1088 25
1164 1055 1222 1082 dam
1236 1056 1315 1082 causis
1341 1057 1396 1082 Cic.
1412 1058 1486 1083 Verr.
1502 1067 1524 1090 2,
1539 1067 1579 1090 30.
1652 1060 1776 1087 Reditum
1799 1069 1830 1086 ex
1849 1062 1916 1088 mari
1935 1064 2108 1099 constituere,
2136 1070 2209 1102 pisci.

20 1103 21 1117 1
56 1095 211 1121 Aeitiniatio
226 1095 411 1121 constituitur?
483 1096 582 1129 Agmen
596 1094 772 1126 constituere,
791 1096 808 1120 i.
829 1092 916 1127 sistere
930 1093 989 1119 Liu.
1005 1099 1048 1127 27,
1064 1094 1100 1118 16.
1163 1100 1208 1117 nas
1223 1091 1345 1118 faciendo
1365 1093 1498 1119 Columel.
1514 1099 1536 1126 8,
1551 1097 1587 1120 16.
1661 1097 1732 1122 Caes.
1743 1096 1805 1122 Bell.
1816 1097 1883 1122 Gall.
1901 1106 1928 1130 4,
1942 1107 1966 1124 ai
1989 1100 2019 1124 Et
2034 1108 2093 1126 cul-n
2106 1102 2146 1128 his
2160 1113 2211 1131 vna

18 1128 21 1147 ἰ
56 1131 111 1157 Cic.
127 1130 158 1156 dc
174 1132 258 1157 lsinib.
275 1140 300 1163 2,
314 1137 345 1165 78
382 1130 502 1157 Manebit
518 1139 581 1165 ergo
600 1130 717 1156 amicitia
736 1129 854 1161 tamdiu,
869 1128 995 1163 quamdiu
1010 1129 1100 1162 seque·
1164 1128 1308 1160 Coiiiiuni,
1339 1137 1417 1162 quem
1439 1129 1493 1162 ipse
1514 1130 1683 1158 Atrebatibus
1702 1133 1829 1166 superatis
1852 1134 1950 1163 Regem
1970 1134 2009 1160 ibi
2032 1136 2200 1164 constituerat

20 1165 21 1168 ’
57 1173 99 1193 ιτιι·
116 1167 227 1193 νιίΙιωει
246 1175 271 1193 et
285 1167 302 1193 ii
321 1167 419 1193 vtilitas
435 1167 587 1193 Amicitiam
607 1165 761 1198 constituet,
773 1165 848 1191 tollet
867 1164 967 1190 eadem.
1026 1162 1099 1190 Ami·
1164 1163 1238 1189 cuius
1253 1172 1277 1189 et
1290 1164 1418 1190 virtutem
1433 1166 1603 1192 etconliliuin
1616 1167 1754 1201 probabat.
1825 1162 2065 1197 Reiiffamiliareni
2086 1173 2138 1198 Cic.
2155 1159 2214 1199 Phi'.

57 1203 146 1229 ιῑιιειιι.
161 1211 219 1228 cuni
236 1203 326 1237 aliquo
345 1203 400 1229 Cic.
415 1202 446 1228 de
463 1203 537 1229 Petit.
551 1202 628 1228 Cons.
644 1210 682 1228 22.
755 1201 866 1227 Animus
887 1199 1016 1226 auditoris
1037 1208 1099 1225 con·
1162 1198 1225 1233 lipp.
1241 1208 1273 1231 11,
1289 1209 1307 1233 4
1321 1209 1342 1225 c.
1357 1208 1382 1225 2.
1454 1201 1525 1226 Idem
1546 1202 1599 1228 Off.
1620 1211 1640 1234 3,
1664 1209 1695 1233 ὃς)
1726 1204 1761 1229 Vt
1777 1212 1817 1229 res
1829 1206 1950 1231 mimaria
1963 1206 1994 1232 de
2009 1209 2144 1235 communi
2159 1209 2214 1235 sen-

57 1239 174 1264 ffimmu.
195 1248 240 1273 pe,-
260 1237 398 1265 exordium
416 1238 490 1265 Auc‘t.
503 1238 535 1264 acl
549 1239 647 1264 Hercu.
671 1246 691 1270 1,
710 1245 753 1271 27.
823 1235 984 1262 Auctionem
1005 1235 1098 1270 Populi
1112 1242 1145 1267 30
1163 1235 1246 1261 tentia
1258 1235 1471 1263 constitueretur.
1564 1238 1644 1264 Nihil
1657 1248 1747 1265 earum
1764 1240 1861 1266 Rerum
1882 1241 1941 1267 fore
1961 1248 2063 1275 ratum,
2082 1253 2145 1279 quas
2161 1245 2214 1279 ipse

60 1275 136 1300 lium.
154 1275 325 1309 pioscriptam
344 1283 359 1300 a
377 1274 487 1300 tribuno
510 1273 545 1308 pl.
565 1273 733 1300 constitutam
758 1272 786 1298 in
808 1271 924 1298 mensem
944 1272 1097 1298 Ianuarium
1164 1271 1275 1297 Athenis
1289 1271 1459 1298 constituisset
1481 1273 1549 1307 Nep.
1565 1282 1591 1308 7,
1607 1283 1644 1307 10,
1660 1284 1678 1301 1.
1752 1275 1859 1302 Summa
1873 1279 2005 1312 acquitate
2020 1288 2060 1304 res
2076 1281 2214 1308 constituit

58 1317 110 1337 Cic,
126 1309 157 1336 de
173 1311 241 1345 Lege
257 1311 317 1344 Agr.
333 1318 353 1342 1,
367 1318 391 1338 2.
462 1311 528 1336 Inte
542 1318 597 1336 non
608 1310 694 1336 minus
704 1307 905 1341 Auxilii‚quatn
920 1308 947 1333 in
960 1313 1006 1333 tuo
1019 1307 1099 1334 colle·
1164 1307 1238 1333 Ideni
1261 1316 1280 1340 1,
1295 1316 1320 1339 2,
1335 1315 1358 1333 2.
1431 1309 1505 1334 Sacra
1540 1311 1595 1336 Cic.
1612 1311 1643 1336 de
1658 1312 1750 1345 Arusp.
1767 1311 1843 1346 Resp.
1864 1321 1896 1344 13.
1968 1314 2051 1340 Plane.
2071 1316 2126 1342 Cic.
2141 1317 2214 1343 Fam.

56 1355 86 1380 ga
104 1346 169 1372 mihi
184 1345 353 1372 constitutum
368 1346 423 1372 Cic.
436 1346 506 1372 Fam.
522 1353 546 1378 5,
558 1354 586 1378 4.
658 1345 760 1371 Ciuitas
778 1343 845 1369 bene
864 1349 967 1369 morata
987 1349 1012 1369 et
1031 1343 1099 1370 bene
1166 1351 1204 1375 ιο,
1220 1352 1237 1375 4
1258 1343 1384 1369 Persuade
1402 1343 1451 1369 tibi
1468 1351 1491 1370 te
1505 1354 1586 1371 vnum
1607 1347 1670 1378 esse,
1697 1347 1724 1372 in
1740 1356 1795 1381 quo
1815 1357 1864 1382 ego
1886 1348 1996 1376 colendo
2016 1352 2128 1384 patriam
2144 1352 2213 1379 mihi

57 1382 197 1408 constituta
209 1381 279 1408 Idem
294 1382 325 1407 de
340 1382 408 1408 Clar.
423 1382 496 1407 Orat.
511 1389 528 1416 7
548 1390 568 1407 c.
579 1390 599 1406 2.
672 1379 828 1405 Constitutis
843 1378 1004 1404 Ciuitatibus
1019 1379 1098 1414 leges,
1163 1378 1346 1404 constituerim
1366 1379 1545 1407 Sanititatein.
1618 1382 1682 1408 Non
1702 1382 1747 1408 illa
1770 1382 1848 1410 vobis
1877 1385 2046 1413 constituisset
2069 1388 2216 1415 Saturnalia

57 1418 171 1450 iudicia,
185 1426 257 1450 iura,
270 1417 417 1444 describere
436 1416 474 1443 Id.
491 1416 523 1443 de
536 1417 610 1443 Orat.
632 1424 653 1447 i,
667 1423 702 1447 33.
772 1414 918 1440 Ciuitatem
939 1414 1099 1441 constituere
1116 1417 1144 1443 35
1162 1414 1217 1439 Cic.
1233 1414 1312 1439 Catil.
1328 1423 1340 1446 3
1354 1423 1375 1440 c.
1390 1421 1414 1448 7.
1435 1416 1514 1442 intell.
1528 1417 1607 1449 diem,
1634 1427 1679 1453 quo
1694 1419 1776 1444 urbem
1798 1419 1945 1446 incenderet.
2003 1422 2034 1448 Se
2047 1424 2214 1456 constituere,

57 1454 162 1479 Vitruu.
178 1462 192 1480 2
206 1462 324 1487 prooem.
396 1454 452 1479 Cic.
466 1452 522 1478 Aft.
539 1461 549 1478 1
562 1452 589 1477 in
605 1452 679 1477 Verr.
696 1451 727 1476 26
760 1450 876 1484 Reperio
896 1450 1014 1482 Iudices,
1035 1450 1098 1476 haee
1161 1452 1179 1475 i.
1193 1453 1220 1475 in
1233 1449 1343 1475 habitum
1352 1451 1506 1484 praelsantis
1513 1458 1543 1488 μ’
1556 1462 1695 1488 componere
1726 1453 1794 1480 Gessl.
1808 1463 1834 1487 9,
1849 1463 1882 1487 13.
1955 1457 2101 1486 Seininaria
2134 1460 2214 1486 Colu-

55 1488 87 1515 ab
108 1489 161 1515 istis
183 1489 297 1516 Conlilia
312 1489 376 1515 inita
390 1494 416 1515 et
435 1488 588 1517 constituta,
602 1492 629 1512 vt
648 1494 805 1520 quacunque
819 1494 886 1520 opus
907 1486 966 1512 esset
984 1486 1099 1517 ratione,
1162 1485 1225 1511 mel.
1245 1484 1276 1511 de
1291 1484 1441 1511 Arboribus
1456 1496 1477 1512 c.
1494 1495 1512 1513 1.
1584 1489 1766 1522 Spectaculum
1781 1490 1808 1515 in
1822 1490 1884 1516 soro
1902 1491 2026 1518 acerbum
2063 1495 2119 1521 Cic.
2137 1496 2214 1523 Verr,

55 1533 95 1550 res
111 1524 145 1550 ita
160 1525 315 1557 duceretur,
328 1531 365 1556 vt,
379 1530 424 1550 etc.
468 1521 682 1549 controuersiam
696 1522 751 1549 Cic.
765 1521 797 1547 de
811 1522 885 1548 Orat.
899 1530 919 1554 1,
934 1530 986 1554 ¹43-
1030 1523 1098 1548 Cru-
1164 1527 1184 1554 1,
1199 1522 1242 1555 76.
1299 1520 1436 1555 Idenrpro
1450 1522 1519 1556 Lege
1534 1523 1627 1550 Maiiil.
1641 1527 1672 1550 62
1704 1525 1796 1551 Tanta
1817 1526 1844 1551 in
1860 1535 1892 1551 eo
1905 1526 1982 1562 Reip.
2004 1528 2070 1554 benc
2085 1531 2213 1564 gerendae

54 1568 108 1585 ceni
130 1559 178 1586 fibi
197 1560 268 1586 ldem
283 1562 317 1592 Q
329 1561 397 1586 Frat.
413 1567 432 1590 1,
447 1567 468 1584 2.
541 1558 679 1592 Cupressos
702 1557 797 1583 ferales
817 1556 891 1591 Virg.
912 1560 976 1583 Aen.
996 1559 1023 1590 6,
1042 1566 1098 1593 217.
1163 1557 1224 1591 Spes
1239 1556 1463 1590 constituebatur,
1484 1567 1511 1585 vt
1526 1558 1641 1585 duorum
1660 1560 1805 1586 Consulum
1819 1570 1931 1594 munuS,
1952 1564 2030 1590 vnius
2044 1565 2214 1593 adolescentis

53 1594 189 1622 Deiectum
203 1604 290 1622 rerum
308 1595 362 1621 Cic.
378 1594 409 1619 de
425 1593 512 1620 Finib.
528 1602 546 1624 1¹
560 1602 595 1625 33.
666 1593 745 1619 Diem
764 1593 846 1619 alicui
867 1593 938 1619 Idem
953 1594 1007 1620 Att.
1024 1602 1061 1626 12,
1075 1602 1098 1620 2.
1108 1601 1144 1626 49
1161 1592 1257 1619 virtuti
1270 1593 1491 1620 committeretur.
1564 1595 1728 1629 Stipendium
1750 1597 1831 1623 militi
1866 1598 1997 1630 Qiinffiffl,
2010 1608 2033 1632 3,
2046 1605 2068 1631 8.
2141 1602 2214 1629 Sum,

51 1631 88 1657 Id.
103 1639 151 1664 pro
164 1632 237 1657 Caec.
260 1640 281 1657 c.
296 1638 328 1656 11.
383 1630 461 1656 Diem
474 1629 612 1664 colloquio
625 1629 740 1663 nuptiis,
757 1636 800 1655 aut
814 1630 890 1655 alicui
902 1630 949 1655 alii
962 1632 1000 1656 rei
1016 1630 1098 1656 Plaut.
1161 1637 1231 1655 mani
1245 1629 1324 1655 totius
1338 1629 1393 1655 litis
1407 1629 1435 1655 in
1448 1639 1476 1656 re
1490 1630 1579 1665 aliqua
1593 1632 1752 1658 constituere
1781 1632 1854 1659 Idem
1875 1641 1901 1667 7,
1915 1643 1936 1666 5.
2009 1636 2161 1670 Suppliciun
2186 1639 2215 1667 in

51 1666 133 1692 Trin.
147 1675 173 1698 2,
186 1675 213 1699 4,
227 1671 278 1696 180-
351 1666 429 1692 Dicin
444 1665 564 1691 medium
584 1664 719 1691 constituit
734 1664 835 1697 Titan,
850 1664 973 1691 Meridies
985 1662 1019 1698 est
1038 1665 1097 1691 Sen.
1162 1664 1279 1699 aliquem
1301 1665 1357 1691 Cic.
1373 1666 1449 1692 Verr.
1466 1675 1488 1699 ς,
1505 1670 1554 1693 1i6.
1627 1667 1745 1694 Tedium
1760 1669 1906 1704 antiquitus
1921 1669 2090 1698 constitutum
2107 1673 2162 1708 plus
2178 1675 2214 1701 sa-

50 1701 159 1736 Hippol.
176 1709 236 1736 779.
309 1702 405 1728 Cicero
420 1701 447 1727 in
461 1701 650 1727 Partitionibus
665 1709 711 1734 104
740 1701 777 1726 Ex
791 1701 903 1731 rationis
917 1706 1004 1726 autem
1018 1706 1044 1726 et
1064 1709 1096 1727 ex
1161 1701 1194 1726 lis
1207 1700 1329 1732 habebat,
1339 1710 1419 1736 quani
1435 1703 1532 1728 sumtus
1553 1701 1620 1737 Nep.
1636 1711 1676 1735 25,
1692 1712 1726 1736 13,
1743 1712 1763 1729 2.
1836 1705 1983 1740 Templum
2013 1708 2094 1735 Ouid,
2109 1710 2175 1736 Fast,
2193 1719 2201 1737 1

51 1736 210 1764 firmamenti
234 1737 422 1769 conflictione,
444 1742 470 1763 et
489 1736 560 1771 quali
581 1737 725 1768 concursu,
745 1735 863 1770 quaestio
883 1736 1004 1762 exoritur
1017 1745 1096 1770 quae·
1160 1740 1221 1771 784.
1274 1737 1396 1771 Tempus
1410 1738 1583 1764 constitutum
1597 1739 1634 1764 est
1660 1739 1728 1766 Ter.
1741 1740 1807 1766 Eun.
1824 1749 1846 1772 3,
1859 1750 1887 1774 4,
1901 1750 1922 1774 3.
1997 1743 2118 1779 Tempus
2131 1730 2214 1772 alicui

50 1774 126 1805 dam,
148 1782 226 1808 quani
240 1773 462 1808 Disceptationem
484 1781 567 1799 voco:
601 1772 630 1798 in
644 1781 705 1806 qua,
720 1771 786 1806 quid
804 1771 894 1797 veniat
908 1772 937 1797 in
953 1771 1095 1805 iudicium,
1105 1781 1139 1807 45
1161 1773 1202 1798 rei
1226 1773 1299 1798 Caes.
1314 1773 1379 1798 Bell.
1394 1773 1475 1799 Ciuil.
1490 1781 1513 1806 3,
1528 1782 1563 1806 19.
1636 1775 1692 1801 Cic.
1715 1785 1763 1810 pro
1775 1776 1879 1803 Cluent.
1893 1780 1942 1812 176
1973 1778 2062 1812 Pater,
2093 1781 2213 1815 inquam,

50 1815 75 1835 et
96 1809 130 1849 de-
147 1818 201 1844 quo
221 1809 395 1843 disceptetur,
414 1808 507 1843 quaeri
533 1808 606 1834 solet.
644 1807 806 1848 Disceptatio
825 1813 932 1840 autem,
956 1817 1038 1848 quum
1059 1808 1096 1834 est
1160 1807 1233 1848 illius
1253 1808 1441 1849 adolescentis,
1467 1818 1545 1844 quem
1567 1819 1675 1845 propter
1693 1813 1776 1838 animi
1796 1809 1918 1839 dolorem
1945 1816 2078 1847 pertenuis
2097 1817 2212 1851 suspicio

49 1844 204 1877 constituta,
218 1845 381 1885 propolituin
395 1845 443 1870 ess'e
455 1844 532 1870 debet
549 1849 667 1875 oratori,
680 1853 734 1878 quo
747 1852 839 1870 omnes
854 1849 1097 1877 argumentationes
1158 1845 1281 1877 potuisset
1294 1852 1326 1870 ex
1341 1844 1389 1870 illo
1405 1844 1465 1871 loco
1477 1845 1588 1872 Testem
1603 1847 1630 1872 in
1644 1848 1673 1873 A.
1689 1848 1842 1874 Cluentium
1857 1849 2026 1883 constituere,
2047 1852 2070 1877 is
2083 1851 2153 1879 hunc
2167 1854 2213 1880 suo

48 1881 177 1915 repetitae
195 1889 226 1907 ex
249 1880 417 1907 inueniendis
437 1880 503 1907 locis
526 1879 713 1906 coniiciantur.
783 1879 855 1906 Hirt.
868 1879 899 1905 de
911 1879 974 1906 Bell.
988 1880 1046 1906 Afr.
1064 1887 1097 1913 54
1159 1879 1314 1906 testimonio
1328 1880 1458 1907 subleuat.
1532 1882 1606 1908 Idem
1616 1882 1673 1908 Abi.
1691 1892 1699 1909 1
1714 1884 1742 1909 in
1752 1885 1826 1910 Verr.
1842 1892 1868 1916 55
1889 1885 1955 1911 Illuc!
1972 1895 1984 1912 a
1998 1896 2041 1913 me
2053 1896 2153 1914 nouum
2170 1890 2213 1915 Iu-

49 1917 159 1950 Egomet
180 1917 233 1951 ipse
246 1917 440 1943 Documentum
458 1924 534 1942 more
552 1915 665 1941 militari
678 1914 844 1944 constituam,
914 1916 1014 1942 Domos
1035 1924 1096 1942 con.
1161 1915 1247 1947 dices,
1269 1916 1431 1950 cognoscetis
1441 1937 1449 1949 ‚
1468 1917 1541 1952 quod
1557 1918 1594 1944 ita
1609 1918 1704 1945 Testes
1719 1920 1892 1952 constituam,
1913 1928 1941 1947 vt
1955 1922 2056 1949 crimen
2070 1929 2154 1951 totum
2170 1934 2213 1951 ex-

48 1952 172 1985 stituere,
192 1955 211 1979 i.
232 1952 374 1993 Aedificare
391 1951 474 1979 Ouid.
487 1951 574 1978 Trist.
589 1959 611 1983 3,
624 1959 650 1984 9,
664 1960 691 1984 4.
763 1950 839 1977 Fides
859 1951 898 1977 rei
915 1960 970 1977 non
984 1951 1020 1978 est
1034 1960 1096 1977 con-
1105 1961 1137 1987 50
1160 1951 1270 1985 plicem‚
1290 1952 1337 1978 vbi
1352 1952 1379 1978 id
1394 1953 1603 1989 interrogando,
1622 1962 1667 1981 etc.
1742 1956 1945 1989 Vadimonium,
1966 1958 2017 1984 vid,
2033 1961 2057 1985 h,
2072 1969 2096 1986 υ,
2154 1961 2210 1987 Cic·

48 1988 177 2015 stituenda
192 1988 303 2018 inserui
315 1989 392 2015 vnius
405 1987 559 2022 quaestione
571 1987 631 2021 le.
644 1987 671 2012 in
685 1986 702 2012 l.
717 1995 726 2012 1
741 1984 809 2023 §.ad
824 1987 1003 2021 quaestionem
1017 1987 1048 2014 D.
1063 1988 1095 2014 de
1159 1988 1213 2013 Att.
1228 1996 1251 2017 2,
1266 1989 1294 2013 16
1327 1988 1447 2023 Vectigal
1463 1996 1487 2015 te
1501 1989 1578 2016 nobis
1595 1991 1621 2016 in
1634 1997 1725 2018 monte
1740 1991 1900 2018 Aiitelibano
1916 1994 2082 2020 constituiss'c.
2138 1995 2212 2022 Idem

50 2024 155 2058 quaesti*
169 2024 258 2050 nibus.
329 2025 386 2050 Cic.
402 2025 478 2050 Verr.
494 2031 514 2055 ι,
528 2030 540 2056 5
569 2022 703 2049 Postremo
717 2029 745 2049 vt
758 2024 817 2049 esset
829 2022 880 2049 hoc
893 2023 1050 2056 iudicatum,
1066 2029 1096 2051 vt
1158 2032 1208 2058 pro
1223 2023 1298 2049 Rosc.
1313 2025 1402 2051 Amet.
1419 2027 1448 2050 16
1472 2025 1643 2061 Posteaquam
1660 2026 1782 2053 VitStoria
1799 2028 1941 2055 constituta
1957 2029 2008 2060 est,
2031 2030 2064 2056 ab
2078 2031 2212 2065 armisque

49 2061 69 2086 F
73 2060 123 2086 inis
138 2059 282 2094 aliquando
298 2059 455 2086 iudiciariae
475 2058 670 2085 controuersiae
685 2058 898 2086 constitueretur.
970 2059 1045 2085 Idem
1061 2059 1095 2086 de
1159 2058 1322 2091 recessiniuS,
1344 2069 1444 2094 quum,
1469 2068 1515 2086 etc.
1589 2061 1690 2088 Vrbem
1719 2063 1800 2089 Ouid.
1814 2064 1892 2096 Epist.
1909 2071 1936 2097 7,
1952 2073 1991 2096 119
2020 2065 2045 2091 h.
2062 2074 2081 2091 e.
2096 2066 2212 2093 Condere.

50 2095 158 2122 Amicii.
172 2097 203 2128 56
220 2094 404 2122 Constituendi
418 2101 506 2121 autem
518 2095 616 2121 suntin
631 2094 748 2121 amicitia
761 2094 839 2121 Fines
849 2114 857 2127 ,
873 2100 899 2122 et
911 2095 982 2130 quasi
1002 2096 1094 2122 termi-
1158 2094 1254 2120 Vellei.
1271 2103 1290 2128 1,
1307 2104 1325 2126 1,
1339 2104 1359 2122 ι.
1375 2102 1398 2122 et
1415 2104 1436 2128 1,
1451 2105 1480 2129 4,
1494 2105 1515 2128 3.
1587 2097 1757 2123 Constituere
1769 2097 1868 2123 tandem
1882 2098 1949 2132 apud
1964 2100 2162 2136 [iit-ifimisultos,
2178 2101 2212 2136 est

50 2131 76 2157 ni
91 2129 228 2165 diligendi.
301 2133 331 2157 Et
345 2132 398 2158 Att.
413 2140 433 2164 1,
448 2138 472 2163 15
500 2130 542 2157 Sic
561 2130 607 2157 ille
620 2139 702 2156 annus
716 2130 769 2156 duo
789 2130 966 2157 Firmamenta
980 2131 1094 2164 Reipub.
1111 2139 1140 2164 55
1157 2130 1222 2167 qgcod
1234 2132 1283 2154 iam
1295 2130 1412 2162 debetur,
1432 2130 1548 2156 daturum
1555 2130 1765 2166 fastui-uniuest,
1780 2134 1874 2168 uclpro
1882 2134 1960 2169 semet
1974 2137 2025 2171 ἱρῇ)
2034 2155 2042 2168 ,
2054 2138 2092 2163 uel
2100 2145 2148 2172 pro
2162 2139 2211 2164 alio

28 2178 37 2182 -
51 2175 96 2201 per
107 2176 149 2192 mc
161 2175 243 2193 vnum
262 2167 416 2199 constituta,
431 2167 536 2193 euertit.
606 2166 661 2191 Cic.
677 2167 715 2198 Q
727 2165 796 2190 Frat.
811 2173 831 2196 1,
847 2173 856 2190 1
885 2166 917 2190 Et
931 2166 1040 2198 quidem
1062 2164 1095 2190 de
1148 2162 1378 2198 Jinesti‘pidatione
1391 2169 1550 2199 promittere.
1576 2165 1594 2192 l.
1615 2175 1625 2192 1
1643 2172 1669 2193 et
1688 2168 1775 2202 passim
1791 2169 1823 2194 D.
1840 2170 1871 2194 de
1892 2169 1995 2196 constit.
2010 2180 2100 2205 pecun.
2123 2174 2213 2200 Graeci

50 2202 99 2227 isto
112 2211 206 2236 genere
218 2203 376 2233 Honorum,
397 2201 463 2236 quid
475 2201 608 2231 sentirem,
620 2200 707 2234 scripsi
721 2199 753 2226 ad
773 2205 804 2226 te.
817 2204 886 2226 ante.
923 2199 1030 2234 Semper
1048 2209 1093 2226 eos
1155 2199 1337 2231 κατατάξαιθαι
1368 2200 1464 2227 dicunt.
1500 2202 1664 2228 Hotomanus.
1726 2204 1784 2229 Vid.
1805 2207 1880 2229 ctiam
1902 2204 1931 2230 cle
1950 2206 1996 2232 hoc
2014 2207 2086 2234 verbo
2101 2209 2210 2237 Gronou.

49 2238 154 2270 putaui,
167 2237 184 2263 fi
198 2237 317 2271 vulgares
331 2238 423 2269 essent,
436 2236 517 2267 vilem
539 2235 557 2261 fi
571 2236 700 2271 temporis
712 2236 786 2263 causa
802 2235 1041 2268 constituerentur,
1056 2236 1093 2262 Ie·
1157 2235 1214 2271 Obsi
1235 2245 1246 2261 1
1255 2255 1264 2268 ,
1292 2245 1313 2262 1.

46 2281 98 2299 ves.
171 2272 287 2299 Martial.
303 2280 335 2305 ιι,
348 2280 385 2307 74
417 2271 615 2307 Constituisque
633 2273 735 2298 Horam
744 2291 752 2303 ‚
772 2271 963 2306 constituisque
981 2272 1091 2298 Locum.
1192 2277 1209 2296 C
1219 2277 1238 2297 o
1247 2277 1269 2296 N
1280 2278 1293 2298 s
1303 2277 1325 2296 T
1334 2277 1344 2296 1
1354 2278 1376 2296 T
1385 2277 1432 2296 VE
1443 2275 1464 2295 N
1476 2276 1489 2295 S
1497 2289 1506 2302 ,
1527 2270 1602 2296 entis.
1629 2271 1696 2298 Part.
1734 2272 1813 2307 Vulg.
1827 2273 1919 2308 Ephes.
1934 2284 1954 2307 1,
1969 2284 2012 2303 20.

46 2308 190 2342 Imperium
205 2307 276 2335 Flor.
291 2308 371 2343 praef.
384 2317 410 2334 n.
427 2317 450 2334 2.
519 2308 625 2334 Inscitia
646 2307 762 2333 ineuntis
780 2307 871 2334 aetatis
887 2307 977 2334 senum
997 2307 1091 2334 consti·
1100 2312 1137 2337 60
1191 2311 1208 2332 C
1220 2312 1239 2332 0
1249 2313 1272 2331 N
1281 2313 1294 2332 s
1304 2311 1326 2330 Τ
1335 2312 1376 2331 ΙΤ
1385 2306 1435 2331 <⁷⁷1-
1447 2311 1467 2331 v
1478 2312 1502 2338 s,
1515 2315 1539 2338 a,
1554 2315 1607 2332 um.
1629 2307 1697 2334 Part.
1729 2306 1956 2346 [διατεταγμένος]
1989 2313 2038 2345 Vt,
2057 2314 2209 2342 Constituta

45 2343 141 2370 tuenda
155 2349 180 2370 et
192 2343 307 2378 regenda
321 2344 460 2378 prudentia
474 2342 509 2369 est
528 2343 583 2369 Cic.
597 2342 649 2369 Off.
666 2352 685 2376 1,
699 2351 750 2369 122.
822 2342 925 2369 Iudices
939 2342 972 2369 de
986 2352 1091 2378 quaque
1154 2341 1185 2379 in¹
1195 2341 1312 2366 mensem
1325 2341 1479 2367 Ianuarium
1495 2341 1586 2368 auCtio
1606 2343 1663 2369 Cic.
1679 2343 1711 2369 de
1729 2344 1797 2379 Lege
1810 2347 1871 2380 Agr.
1887 2356 1907 2379 1,
1922 2357 1947 2381 4.
1994 2349 2064 2375 Intra
2080 2350 2134 2376 dies
2147 2360 2209 2377 con-

44 2388 73 2406 re
87 2379 160 2406 Idem
172 2388 221 2414 pro
235 2380 324 2406 Domo
335 2388 370 2412 33.
427 2378 561 2406 Iudicium
576 2378 735 2405 constituere
748 2378 777 2405 iri
789 2378 902 2405 sensibus
915 2385 941 2405 et
959 2380 988 2404 in
1000 2386 1090 2404 rerum
1155 2375 1259 2402 stitutos
1280 2376 1359 2403 Caius
1375 2376 1403 2402 in
1417 2377 1434 2403 1.
1449 2378 1520 2403 Intra
1535 2377 1589 2404 dies
1616 2378 1648 2405 D.
1663 2379 1694 2405 de
1707 2389 1735 2405 re
1749 2380 1858 2409 iudicat.
1929 2384 2093 2411 Constitutus
2104 2386 2177 2413 locus
2194 2395 2209 2414 a

44 2416 148 2441 notitiis
162 2415 198 2441 Id.
215 2415 294 2442 Acad.
308 2425 336 2448 4,
354 2424 394 2447 30.
466 2415 521 2441 Cic.
536 2414 564 2440 in
576 2414 666 2441 Par-tit.
680 2422 714 2446 99
744 2415 831 2449 Atque
850 2415 931 2440 etiam
946 2419 1006 2438 ante
1020 2412 1091 2439 iudi·
1153 2410 1289 2438 iudicibus
1309 2413 1366 2439 Cic.
1381 2422 1430 2447 pro
1444 2413 1550 2440 Cluent.
1563 2423 1609 2447 94.
1682 2416 1832 2444 Constituta
1852 2419 2051 2452 praeclariffime
2070 2422 2146 2456 Resp.
2169 2422 2209 2449 di-

45 2452 132 2483 cium,
145 2450 177 2477 de
195 2451 377 2478 constituendo
396 2451 453 2484 ipso
474 2449 579 2476 Iudicio
599 2450 640 2484 (i.
654 2448 775 2483 afflone)
795 2449 861 2475 solet
879 2449 928 2475 effe
944 2448 1091 2481 contentio,
1153 2446 1255 2474 labitur
1286 2448 1360 2474 Idem
1377 2448 1429 2475 Off.
1447 2458 1468 2480 2,
1483 2456 1523 2483 73.
1594 2450 1759 2478 Constitutus
1777 2462 1866 2480 reruni
1888 2455 2008 2481 oninium
2023 2456 2139 2484 deleGniS
2168 2458 2207 2486 Id.

45 2496 128 2521 quum
149 2493 192 2514 aut
212 2486 275 2512 sitne
294 2486 366 2512 aftio
384 2486 426 2512 illi
447 2486 494 2520 qui
515 2485 582 2520 agit,
602 2491 646 2512 aut
663 2485 751 2511 iamne
769 2484 813 2514 fit,
832 2490 876 2509 aut
895 2484 1025 2511 numiam
1039 2484 1088 2510 esse
1103 2483 1134 2516 65
1152 2482 1184 2509 de
1199 2483 1288 2510 Finib.
1312 2492 1331 2516 ι,
1350 2492 1386 2517 33.
1459 2485 1517 2512 Cic.
1532 2485 1561 2511 in
1574 2486 1652 2512 Catil.
1669 2490 1697 2513 16
1732 2489 1821 2522 Qud,
1843 2490 1914 2524 quod
1934 2500 2024 2518 omnes
2039 2493 2196 2521 Consulares

3 2537 8 2540 ν
45 2523 165 2555 deflerit,
185 2528 229 2549 aut
244 2522 324 2548 illane
343 2522 417 2556 lege,
437 2521 512 2548 hisne
532 2521 623 2547 verbis
639 2520 668 2546 fit
687 2519 775 2551 εξὶίο,
791 2519 941 2553 quaeritur:
972 2528 1039 2555 quae
1052 2526 1090 2547 et-
1152 2519 1201 2554 qui
1215 2519 1266 2546 tibi
1280 2520 1400 2555 persaepe
1420 2520 1450 2546 ad
1472 2521 1578 2548 caedem
1599 2523 1736 2550 constituti
1747 2526 1873 2558 fuerunt,
1901 2526 1976 2553 simul
1990 2534 2070 2563 atque
2083 2514 2208 2557 ass‘edisti’

43 2559 107 2591 iani,
118 2557 136 2584 fi
149 2564 289 2592 antequam
301 2567 342 2584 res
357 2558 384 2583 in
399 2557 528 2583 iudicium
542 2556 627 2588 venit,
646 2562 691 2582 aut
705 2560 865 2587 concertata,
879 2561 922 2581 aut
935 2554 1090 2589 diiudicata,
1152 2561 1251 2590 partem
1268 2556 1342 2583 istam
1357 2556 1542 2583 subselliorum
1556 2558 1654 2585 nudam
1669 2567 1748 2594 atque
1766 2561 1873 2588 inanem
1891 2562 2078 2598 reliquerunt?
2131 2551 2208 2593 Ideni

0 2600 3 2605 '
43 2600 86 2622 aut
106 2594 227 2621 confecta
247 2603 302 2620 non
320 2594 394 2619 sunt:
430 2598 518 2618 tamen
536 2591 595 2626 ipsis
616 2591 739 2623 iudiciis,
767 2599 938 2625 permagnum
957 2592 1032 2626 saepe
1045 2591 1090 2618 ha·
1152 2591 1184 2617 de
1194 2591 1286 2626 Legib.
1298 2601 1325 2624 2,
1339 2601 1370 2624 30
1389 2593 1454 2619 Sunt
1466 2592 1496 2619 ad
1512 2593 1650 2628 placandos
1663 2595 1733 2622 Deos
1746 2596 1793 2623 alii
1808 2597 1960 2631 constituti,
1978 2600 2025 2634 qui
2038 2601 2118 2627 sacris
2132 2611 2205 2636 prae-

43 2630 106 2664 bent
119 2629 228 2664 pondus.
299 2630 384 2656 Aliter
413 2627 544 2662 Qiinfiil.
567 2636 588 2660 3,
605 2635 632 2653 12
668 2627 768 2653 Rarum
783 2626 820 2652 est
831 2634 930 2659 autem,
944 2633 973 2654 vt
985 2627 1014 2653 in
1027 2627 1089 2654 foro
1153 2626 1201 2654 fiiit
1216 2627 1404 2659 sollemnibus3
1424 2629 1456 2655 ad
1469 2629 1665 2664 interpretanda
1679 2631 1727 2658 alii
1748 2633 1881 2666 praedicta
1898 2642 1998 2662 vatum.
2072 2637 2205 2664 Constitu-

45 2665 146 2693 Iudicia
171 2670 279 2700 propter
306 2664 332 2691 id
357 2665 441 2690 solum
471 2663 676 2690 constituantur:
720 2662 783 2696 sicut
801 2663 995 2694 diuinationes,
1022 2670 1133 2698 quae70
1153 2669 1209 2690 tum
1225 2664 1261 2690 est
1274 2673 1321 2698 per
1335 2664 1418 2698 legem
1454 2665 1534 2691 Caius
1549 2666 1578 2692 in
1601 2665 1617 2692 l.
1633 2667 1705 2693 Intra
1720 2667 1783 2694 dies.
1803 2669 1836 2695 D.
1853 2669 1885 2696 de
1902 2679 1931 2696 re
1953 2671 2062 2698 iudicat.
2135 2674 2204 2699 Bene

46 2700 112 2728 fiunt
123 2700 155 2729 de
166 2702 313 2728 accusatore
327 2699 523 2727 constituendo:
551 2704 576 2725 et
589 2707 779 2734 nonnunquam
794 2699 864 2725 inter
878 2699 1017 2732 delatores,
1031 2705 1090 2726 vter
1152 2706 1254 2726 morata
1267 2706 1293 2726 et
1307 2700 1448 2727 constituta
1461 2701 1555 2728 ciuitas
1574 2702 1630 2729 Cic.
1644 2703 1676 2729 de
1691 2703 1730 2730 Cl.
1743 2704 1818 2731 Orat.
1834 2714 1855 2731 c.
1871 2713 1896 2731 z.
1968 2708 2117 2734 Constituta
2135 2708 2202 2734 diui-

12 2742 13 2759 i
44 2736 189 2772 praemium
201 2737 336 2764 meruerit.
408 2736 464 2763 Cic.
480 2736 507 2762 in
519 2736 596 2761 Verr.
611 2744 633 2767 3,
650 2744 693 2768 154
725 2734 815 2761 Amici
828 2736 955 2767 recusare,
969 2744 1002 2761 ne
1016 2735 1089 2770 quod
1152 2735 1223 2761 nitus
1239 2736 1289 2762 Res
1303 2736 1429 2763 militaris
1448 2736 1522 2763 Idem
1538 2738 1622 2764 Tusc.
1636 2749 1665 2773 4,
1679 2747 1717 2771 23.
1791 2741 1941 2768 Constituta
1955 2751 2004 2777 pax
2031 2742 2066 2768 Id.
2083 2744 2120 2776 Q
2131 2745 2201 2770 Frat.

43 2780 146 2799 nouum
159 2773 308 2808 Iudicium,
327 2781 360 2798 ne
372 2781 424 2808 qua
439 2771 516 2806 ipsius
534 2771 654 2806 cognitio
669 2770 717 2797 illo
732 2770 851 2802 absente,
864 2770 897 2797 de
916 2771 1087 2798 existiniatio-
1153 2779 1171 2801 1,
1189 2779 1208 2803 1,
1224 2776 1247 2801 8.
1302 2772 1341 2798 De
1350 2772 1498 2799 Constituta
1507 2773 1617 2801 Pecunia
1632 2774 1668 2801 est
1677 2775 1790 2802 Titulus
1803 2776 1828 2802 ff.
1847 2786 1879 2809 13,
1896 2786 1916 2809 5.
1989 2773 2051 2804 Cic(
2061 2778 2132 2804 Fam.
2150 2788 2170 2811 ι,
2183 2788 2200 2812 9

43 2817 77 2835 ne
93 2809 148 2835 eius
165 2809 374 2836 constitueretur.
448 2808 583 2834 Iudicium
601 2806 759 2833 constituere
786 2809 813 2832 in
827 2807 938 2842 puhlicis
964 2807 1089 2833 dumosae
1151 2806 1182 2833 Id
1201 2807 1276 2840 scito,
1290 2808 1339 2834 esse
1353 2808 1500 2841 eiusmodi,
1519 2815 1549 2835 vt
1568 2810 1651 2837 frater
1670 2820 1743 2837 meus
1762 2821 1825 2838 vere
1845 2812 1991 2846 existimet,
2010 2813 2135 2839 adiuncto
2149 2815 2199 2841 isto

42 2843 146 2871 iudicii}
158 2843 251 2871 dicitur
263 2843 407 2880 Qaqfitor,
423 2848 466 2880 qui
485 2843 594 2870 iudicum
614 2841 746 2869 reiefl'ione
766 2845 883 2878 utrinque
892 2841 988 2879 fabia,
1008 2850 1089 2870 certor
1101 2848 1133 2877 75
1151 2843 1253 2875 fundo,
1279 2843 1472 2870 Patrimonium
1496 2845 1556 2871 fore
1568 2847 1642 2872 suum
1661 2856 1708 2881 per
1730 2853 1755 2874 te
1767 2847 1946 2874 constitutum.
2018 2849 2108 2883 Papin.
2122 2849 2139 2876 l.
2156 2850 2199 2877 Sa-

42 2878 172 2913 coustituit
187 2879 296 2913 iudices,
330 2883 355 2906 ui
364 2879 417 2914 fibi
432 2883 511 2906 iurati
529 2882 556 2905 in
569 2878 667 2913 consilio
686 2877 783 2912 adfint,
801 2885 824 2904 et
834 2879 917 2915 ficum
930 2879 1087 2915 cognoscant.
1150 2879 1247 2905 larium
1261 2880 1293 2906 D.
1307 2879 1424 2906 Mandat.
1439 2880 1481 2907 vel
1496 2888 1579 2908 contr.
1593 2882 1722 2910 Salarium
1736 2883 1902 2917 procuratori
1915 2883 2084 2910 constitutum
2094 2905 2102 2917 ,
2123 2885 2140 2911 si
2155 2895 2199 2913 ex·

41 2917 74 2943 In
87 2919 200 2951 priuatis
213 2924 270 2942 vero
285 2889 402 2948 iudiciis,
426 2925 497 2952 quum
513 2917 617 2942 Praetor
630 2915 740 2941 urbanus
758 2914 837 2940 iudici
847 2921 890 2941 aut
909 2918 1087 2950 recuperatori-
1149 2919 1189 2941 tra
1205 2914 1327 2941 ordinem
1341 2916 1396 2950 peti
1409 2918 1544 2951 coeperit,
1565 2924 1610 2944 etc.
1682 2919 1815 2952 Quinctil.
1840 2928 1870 2948 11,
1886 2928 1909 2951 3,
1922 2928 1957 2952 29
1984 2920 2040 2946 Iam
2058 2920 2198 2949 confirma-

40 2951 84 2979 bas
96 2956 114 2978 a*
128 2952 301 2989 litigatoribus
311 2955 433 2987 acceptis,
449 2950 592 2987 potestatem
612 2950 640 2977 de
657 2952 728 2986 causti
748 2950 910 2986 cognoscendi
928 2957 951 2977 et
964 2951 1088 2987 litigandi
1148 2957 1189 2977 tae
1203 2951 1411 2987 constitutaeque
1418 2953 1497 2979 Vocis
1511 2954 1675 2981 exercitatio.
1714 2956 1780 2980 Nam
1790 2955 1960 2981 Condicionem
1973 2958 2046 2981 etiam
2060 2959 2198 2984 naturalem

35 2986 124 3024 facit.»
170 2988 241 3019 ‚Cic-
256 2996 304 3022 pro
317 2988 422 3015 Caecin.
439 2995 456 3022 7
486 2988 543 3021 Qii
564 2987 649 3022 igitur
669 2988 812 3019 conuenit,
829 2995 896 3021 quae
915 2988 989 3013 causa
1002 2987 1085 3014 fuerit
1144 2985 1289 3023 figtificat,
1313 2994 1343 3014 vt
1375 2988 1554 3016 Constitutuni
1575 2989 1641 3016 bene
1659 2998 1769 3024 corpus,
1806 2988 1957 3024 [εὔκρατον]
2004 2991 2062 3017 Cic.
2076 2992 2159 3020 Tusc.
2174 3002 2197 3027 2,

41 3021 75 3049 ad
91 3021 306 3050 constituendum
325 3023 476 3056 Iudicium,
499 3022 609 3050 eandem
640 3031 743 3049 moram
764 3022 812 3048 ess'e
845 3022 877 3048 ad
901 3022 1083 3051 iudicandum.
1104 3027 1137 3054 80
1151 3031 1179 3058 ¹7
1193 3032 1214 3049 c.
1228 3025 1245 3049 6
1265 3024 1436 3051 Metrodorus
1449 3025 1558 3060 quidem
1574 3034 1634 3051 cum
1648 3025 1749 3059 poscete
1763 3031 1837 3059 putat
1851 3025 1966 3058 beatum,
1985 3027 2028 3052 cui
2042 3035 2137 3062 corpus
2152 3029 2196 3056 be-

42 3058 204 3085 Hotomanus.
273 3059 405 3086 Iudicium
417 3058 450 3085 de
463 3059 580 3094 pecuniis
598 3058 751 3094 repetundis
762 3058 934 3085 constitutum
947 3059 1000 3088 Cic,
1019 3059 1083 3086 Diu.
1145 3068 1178 3085 ne
1193 3059 1365 3086 constitutum
1385 3060 1431 3093 fit,
1452 3067 1478 3087 et
1491 3061 1656 3095 exploratum
1676 3061 1712 3086 ita
1726 3061 1829 3095 semper
1843 3061 1911 3088 fore.
1974 3063 2017 3088 Vel
2032 3066 2128 3090 ciuilm
2138 3085 2144 3095 ‚
2166 3072 2196 3092 vt

41 3094 70 3120 in
86 3094 162 3120 Caec.
177 3102 214 3120 10.
285 3093 357 3121 Idem
371 3104 420 3130 pro
435 3095 539 3122 Caecin.
553 3103 571 3130 7
606 3095 690 3121 Cuius
709 3093 750 3121 rei
763 3095 839 3121 causa
853 3095 968 3131 maxime
982 3094 1082 3122 iudicia
1146 3094 1218 3121 Idem
1239 3105 1288 3130 pro
1309 3097 1335 3122 P.
1350 3096 1418 3123 Sext.
1434 3104 1469 3132 97
1510 3096 1569 3122 Esto
1584 3096 1667 3131 igitur
1680 3102 1708 3122 vt
1720 3097 1742 3123 ii
1759 3096 1822 3129 fint,
1857 3106 1936 3132 quam
1950 3104 1978 3123 tu
2000 3099 2136 3126 nationem
2151 3110 2195 3137 ap-

41 3129 183 3157 constituta
200 3129 275 3162 sunt,
292 3129 320 3156 id
340 3130 392 3157 iam
411 3129 480 3157 inala
492 3130 681 3157 consuetudine
701 3130 853 3157 dissolutum
863 3131 920 3157 eise.
959 3132 990 3157 Et
1003 3132 1082 3158 Verr.
1144 3131 1267 3165 pellasti:
1305 3138 1332 3159 et
1352 3133 1401 3167 qui
1417 3132 1515 3167 integri
1531 3132 1591 3159 sunt
1608 3138 1634 3159 et
1651 3132 1723 3165 sani,
1753 3139 1779 3159 et
1800 3132 1868 3159 bene
1892 3132 1924 3159 de
1943 3132 2022 3160 rebus
2045 3135 2195 3164 domesticis

41 3175 64 3200 ς,
80 3174 128 3200 140
148 3174 168 3190 e.
183 3172 215 3198 54
251 3165 378 3192 Seruilius
390 3171 416 3192 et
428 3167 546 3193 recusare
561 3173 586 3193 et
605 3166 754 3201 deprecari,
774 3175 807 3192 ne
820 3166 922 3202 iniquis
935 3166 1081 3200 iudicibus,
1142 3167 1289 3194 constituti.
2060 3196 2065 3198 ,

39 3201 116 3229 nullo
131 3199 298 3233 aduersario,
317 3201 449 3228 Iudicium
462 3202 553 3236 capitis
571 3202 600 3228 in
617 3203 642 3229 se
656 3202 870 3229 constitueretur.
941 3203 1045 3230 Lucret.
1060 3211 1082 3236 ς,
1097 3204 1126 3234 85
1183 3209 1200 3229 c
1214 3209 1234 3229 ο
1244 3211 1288 3230 Ns
1299 3209 1321 3230 Τ
1332 3209 1432 3231 ΙΤνΤ
1442 3209 1557 3236 VRVS,
1581 3212 1606 3235 a,
1627 3211 1682 3229 um.
1719 3203 1812 3229 Partic.
1854 3203 1911 3230 Cic.
1924 3211 1974 3239 pro
1987 3204 2076 3233 Domo
2089 3215 2115 3239 31
2130 3217 2150 3234 c.
2166 3217 2194 3235 12

40 3246 98 3271 1143
133 3235 197 3263 Inde
215 3236 394 3271 magistratum
413 3237 509 3272 partim
528 3238 641 3265 docuere
654 3247 761 3271 creare,
783 3239 898 3273 lui-aque
911 3239 1081 3271 constituere,
1144 3238 1257 3266 Perinde
1278 3239 1350 3275 quasi
1376 3254 1421 3259 —
1440 3239 1494 3265 alio
1507 3239 1588 3265 modo
1610 3238 1639 3265 fit
1652 3237 1853 3272 constituturus,
1872 3245 1917 3266 aut
1932 3240 1964 3267 de
1982 3241 2114 3276 religione
2127 3244 2193 3270 Pon-

37 3280 67 3300 vt
79 3272 177 3300 vellent
194 3272 296 3306 legibus
308 3272 356 3299 vti.
423 3273 466 3300 Ius
480 3273 637 3301 constituere
646 3295 655 3307 ,
674 3277 692 3301 ι’.
714 3275 834 3306 statuere,
841 3281 865 3300 et
876 3276 1006 3310 exemplum
1020 3282 1083 3311 pro·
1145 3273 1246 3302 titicum
1255 3296 1263 3308 ,
1277 3281 1322 3302 aut
1335 3275 1368 3302 de
1381 3274 1534 3309 republica,
1550 3283 1631 3309 quam
1651 3283 1714 3301 euni
1726 3280 1772 3301 aut
1784 3275 1993 3303 cerimoniarum
2006 3277 2056 3311 ius,
2068 3285 2113 3305 aut
2126 3279 2192 3305 ciui-

39 3309 95 3336 ἄρνε
114 3310 179 3334 iuris
198 3307 313 3340 dicendi,
324 3317 354 3334 vt
372 3311 410 3335 αὴ
428 3308 548 3335 Budaeus.
582 3310 638 3337 Cic.
652 3319 702 3345 pro
719 3310 824 3337 Caecin.
841 3319 879 3344 40
918 3310 1015 3337 Videte
1036 3319 1083 3345 per
1145 3311 1207 3337 tatis
1226 3312 1292 3338 salus
1307 3311 1433 3345 coegerit.

39 3344 101 3372 ιὶἐος
121 3343 284 3371 immortales
303 3343 376 3378 quod
394 3344 437 3370 Ius
455 3344 533 3371 nobis
547 3364 555 3375 ,
576 3354 656 3381 quam
674 3345 854 3372 conditionem
874 3345 1081 3381 vobismetipsis,
1180 3353 1357 3374 CONST1T
1368 3352 1479 3378 vTVS‚
1492 3343 1530 3371 ὓς.
1550 3354 1585 3372 m.
1603 3344 1670 3372 Fest.
1693 3345 1859 3373 Constitutus
1866 3347 2190 3380 honiiniim,ac0nfisten-

38 3389 118 3417 quam
132 3380 248 3414 denique
262 3379 365 3405 ciuitati
375 3379 471 3414 Legem
483 3380 640 3408 constituere
653 3382 751 3408 velitis.
821 3381 894 3408 Idem
911 3391 959 3416 pro
973 3383 1081 3410 Caecin.
1094 3381 1213 3411 90.tium
1226 3382 1398 3410 multitudine
1414 3381 1568 3416 appellatur.
1605 3382 1729 3417 Scaliger-o
1743 3383 1789 3418 leg.
1804 3382 1858 3409 vid.
1883 3384 2086 3411 Confistentiuin
2101 3385 2191 3410 multi-

0 3423 1 3426 ’
38 3422 65 3448 81
101 3415 176 3451 Qiid
189 3415 225 3442 est
240 3415 314 3442 Piso?
334 3415 418 3450 placet
430 3414 482 3442 tibi
497 3424 612 3451 pugnare
626 3417 732 3444 verbis?
752 3417 835 3452 placet
848 3418 951 3445 causam
972 3418 1041 3445 Iuris
1056 3424 1082 3445 et
1144 3417 1221 3444 tudo:
1240 3418 1371 3454 laudatque
1391 3417 1558 3449 Varronem,
1579 3417 1736 3444 Comitiales
1756 3416 1838 3452 dieti,
1864 3420 1936 3454 quod
1955 3426 2011 3446 tuin
2024 3421 2082 3446 effet
2096 3419 2188 3454 populi

39 3452 196 3487 aequitatis,
211 3458 236 3478 et
251 3460 305 3478 non
318 3450 422 3477 nostrae
433 3451 602 3485 potseffionis,
621 3453 664 3479 sed
677 3453 788 3480 omnino
802 3453 980 3488 poffessionem
994 3454 1081 3480 omni·
1145 3452 1299 3481 constitutus
1317 3453 1348 3480 ad
1363 3452 1514 3486 suffragium
1534 3452 1682 3479 ferendum.
1719 3454 1799 3480 Locus
1815 3452 1850 3487 ⁴3st
1870 3455 1902 3482 de
1916 3456 1947 3482 L.
1962 3456 1992 3482 L.
2008 3463 2030 3488 5,
2043 3465 2062 3489 4
2075 3464 2100 3489 p.
2115 3463 2155 3488 50,
2168 3465 2188 3489 4

38 3496 85 3516 um
99 3487 257 3518 constituere
270 3487 299 3514 in
313 3487 416 3514 verbo?
487 3488 518 3513 Ee
532 3496 582 3522 pro
594 3489 699 3516 Caecin.
713 3499 750 3523 40
782 3489 899 3516 Huiusce
912 3490 952 3516 rei
966 3499 1014 3517 vos
1033 3490 1082 3516 sta·
1143 3489 1187 3515 vbi
1198 3491 1291 3527 legitur
1304 3488 1416 3524 populus
1430 3488 1601 3520 constitutus,
1621 3495 1717 3515 tacente
1732 3490 1865 3526 Scaliger-o.

38 3523 118 3551 metis
131 3522 230 3550 nullam
243 3523 292 3549 ess'e
304 3522 452 3555 actionem,
467 3522 536 3549 nulli
549 3524 706 3559 experiundi
721 3526 764 3552 Ius
778 3525 966 3559 constitutum}
1010 3526 1080 3552 Con·
1180 3531 1306 3553 CONs‘r
1318 3532 1326 3551 i
1337 3524 1448 3551 ΤῦΤν
1458 3530 1501 3556 Μ,
1534 3523 1553 3550 i.
1585 3532 1612 3550 n.
1647 3527 1695 3551 int.
1715 3531 1811 3561 tempus
1837 3533 1861 3552 et
1881 3527 1966 3552 Iocum.
2003 3524 2050 3551 Sed
2067 3522 2100 3558 2st
2119 3525 2187 3552 velut

37 3560 147 3587 stituere
161 3559 258 3594 Legem
271 3559 376 3585 ciuitati
401 3559 456 3585 Cic.
477 3567 527 3592 pro
546 3559 651 3586 Caecin.
671 3569 708 3594 40
727 3570 750 3588 c.
768 3569 807 3594 14.
848 3560 922 3596 Conf.
942 3563 1027 3588 Burm.
1047 3560 1082 3587 ad
1091 3567 1124 3594 95
1143 3559 1333 3594 Siektiaiztiuum.
1385 3558 1425 3585 Ad
1438 3559 1608 3586 constitutum
1622 3560 1716 3587 venire
1749 3561 1797 3588 Cic
1812 3570 1860 3596 pro
1872 3563 1948 3588 Caec-
1966 3570 1986 3586 c.
2003 3569 2040 3586 12.
2110 3560 2184 3586 Idem

38 3594 150 3629 QiinCr.
162 3593 234 3621 Deci.
249 3600 294 3628 258
316 3604 340 3630 p.
355 3596 418 3628 446.
473 3593 562 3620 Litcm
575 3594 648 3621 Idem
660 3602 686 3630 7,
699 3604 726 3628 4.
759 3597 864 3623 Petron.
879 3605 901 3622 c.
918 3602 971 3626 108.
1027 3597 1078 3623 Lo·
1143 3604 1192 3630 pro
1207 3597 1279 3624 Cael.
1293 3599 1320 3622 61
1341 3595 1520 3622 constitutum
1533 3594 1633 3621 saetam
1646 3597 1696 3623 csse
1710 3605 1771 3623 cum
1785 3597 1882 3629 seruis,
1901 3605 1972 3632 quam
1991 3594 2118 3621 leHi'one-ni
2134 3602 2185 3622 tue-

38 3640 99 3659 cuin
120 3629 236 3657 Martial.
249 3639 283 3663 ii,
296 3639 341 3666 74.
412 3631 514 3662 Locus,
525 3635 628 3664 tempus
645 3630 816 3659 constitutum
835 3631 872 3657 est
891 3631 960 3658 Ter.
974 3633 1040 3658 Eun.
1054 3640 1078 3664 3,
1138 3637 1184 3659 eur
1196 3639 1220 3659 et
1231 3629 1339 3666 [lustrat
1354 3632 1460 3657 Gronau.
1478 3630 1541 3657 Obs.
1556 3638 1576 3663 1,
1592 3639 1610 3657 1.
1683 3633 1740 3659 Cic.
1758 3632 1824 3659 ibid.
1842 3641 1872 3658 20
1898 3633 1987 3664 Qium
2001 3629 2030 3656 fit
2047 3630 2088 3656 his
2102 3631 2183 3657 confi-

37 3675 66 3701 4,
79 3675 102 3699 3.
175 3665 231 3692 Cic.
243 3673 292 3700 pro
304 3667 409 3694 Cluent.
423 3675 459 3700 94
488 3666 574 3692 Reum
589 3665 675 3692 statim
689 3665 769 3698 fecit,
785 3672 867 3701 vtque
886 3667 1011 3694 ei-Locus
1027 3668 1079 3702 pri·
1142 3668 1250 3694 tendum
1270 3675 1405 3701 nunquam
1419 3666 1454 3698 se,
1467 3675 1500 3692 ne
1512 3668 1647 3701 congreffu
1668 3668 1777 3703 quidem
1796 3674 1823 3694 et
1843 3667 2000 3697 constituto,
2026 3666 2136 3700 coepisse
2150 3666 2183 3693 de

37 3711 96 3729 mus
110 3700 328 3735 constitueretur,
340 3708 454 3738 ‘propter
467 3702 556 3728 causae
568 3700 799 3732 coniunftionem,
811 3701 972 3736 impetrauit.
1021 3704 1077 3731 Ma·
1140 3704 1218 3730 tantis
1232 3703 1339 3730 iniuriis
1352 3702 1478 3736 experiri.
1534 3704 1564 3729 Ει
1580 3704 1635 3730 Att.
1650 3711 1669 3736 i,
1685 3712 1695 3730 1
1713 3705 1800 3738 Atque
1812 3712 1844 3729 eo
1857 3702 1899 3728 die
1911 3700 2058 3736 cogitabam
2073 3703 2101 3727 in
2114 3703 2182 3728 Ana-

36 3734 172 3769 iestatem,
192 3745 217 3762 υ.
234 3736 259 3762 h.
271 3746 297 3762 v.
365 3739 420 3766 Cic.
434 3739 511 3764 Verr.
533 3746 553 3770 1,
564 3738 596 3770 65
634 3736 715 3771 Qod
729 3736 776 3764 vbi
789 3736 826 3763 est
840 3737 996 3765 Philodamo
1010 3748 1131 3767 nun-100
1139 3739 1237 3773 gnino,
1264 3738 1368 3773 postero
1388 3744 1476 3764 auteni
1495 3738 1539 3765 die
1558 3739 1586 3765 in
1598 3739 1767 3766 Tusculano:
1792 3738 1832 3765 ibi
1845 3746 1927 3764 vnum
1944 3736 2015 3762 diem
2037 3737 2060 3762 V
2073 3737 2181 3764 Calend.

35 3772 141 3805 datum,
160 3771 261 3798 tametsi
276 3779 392 3808 nonen-at
402 3775 518 3809 ignarus,
532 3778 658 3808 quantum
673 3772 721 3799 sibi
736 3782 764 3799 ac
781 3772 873 3800 liberis
885 3774 936 3800 suis
953 3775 1005 3801 iam
1018 3781 1076 3801 tum
1137 3774 1223 3809 Igitur
1236 3774 1268 3801 ad
1284 3773 1464 3799 constitutum.
1536 3776 1567 3800 Et
1581 3776 1704 3812 eleganter
1722 3772 1865 3806 transtulit,
1891 3773 1960 3798 Fam.
1975 3778 2002 3804 7,
2015 3779 2034 3804 4
2063 3772 2089 3798 Si
2109 3772 2181 3806 quod

33 3808 103 3836 Mali
121 3807 334 3840 constitueretur,
345 3815 390 3836 etc.
459 3809 533 3836 Idem
552 3809 605 3836 Att.
624 3817 664 3842 13,
679 3817 702 3836 11
738 3808 780 3835 Est
797 3808 889 3841 aliud,
907 3809 1076 3844 posteaquam
1137 3811 1309 3837 constitutum
1323 3808 1402 3835 habes
1418 3818 1478 3835 cum
1491 3810 1623 3845 podagra,
1648 3811 1688 3837 fac
1707 3810 1735 3836 in
1748 3809 1829 3836 alium
1847 3807 1917 3834 diem
1935 3806 2050 3833 differas.
2104 3809 2179 3834 Varr.

35 3845 94 3871 ssim
106 3852 122 3870 a
133 3850 160 3870 te
179 3842 356 3874 disiunctior,
370 3843 414 3871 sed
432 3845 485 3872 fuit
503 3844 669 3877 faciendum,
689 3850 717 3871 vt
730 3850 756 3871 et
773 3843 960 3871 constituerem
975 3846 1075 3872 Mei-ce·
1138 3845 1170 3873 de
1184 3847 1215 3873 R.
1230 3846 1260 3872 R.
1275 3853 1298 3875 2,
1313 3855 1324 3872 ς
1344 3845 1435 3878 Qium
1449 3845 1517 3872 alius
1531 3854 1592 3872 eum
1611 3845 1753 3876 salutasset,
1772 3843 1839 3870 alius
1857 3842 2016 3868 conuitiatus
2035 3843 2111 3875 effet,
2131 3843 2179 3876 qui

34 3879 108 3907 dulas
120 3879 305 3914 praediorum,
322 3885 349 3906 et
361 3889 394 3907 ne
407 3889 530 3916 magnum
550 3890 615 3907 onus
632 3880 816 3908 obseruantiae
828 3880 910 3906 Bruto
923 3880 1013 3907 nostro
1025 3880 1073 3908 im·
1138 3887 1191 3908 tam
1205 3882 1263 3908 sero
1276 3880 1384 3907 venisset
1397 3879 1429 3907 ad
1443 3881 1624 3908 constitutum.
1697 3881 1738 3909 Sic
1750 3878 1885 3912 Proripuit
1897 3878 1922 3903 se
1939 3877 2037 3912 postica
2051 3885 2122 3913 parte
2137 3885 2178 3911 pa-

33 3924 176 3952 pomrem,
192 3917 210 3940 i.
228 3915 333 3980 locatim
345 3923 415 3944 serta
427 3920 542 3954 penjime
548 3916 686 3954 praediola.
755 3915 906 3944 Mercedem
922 3916 1024 3943 funeris
1043 3922 1119 3952 actos
1135 3917 1195 3950 latii
1207 3916 1240 3944 ad
1255 3915 1427 3979 constitimum
1445 3917 1514 3945 Suet.
1529 3916 1594 3945 Oth.
1607 3926 1636 3944 c.
1643 3918 1669 3944 6.
1731 3915 1817 3942 Eurus
1830 3913 1863 3940 ab
1877 3913 1981 3941 oriente
1993 3911 2177 3973 sempegdquafi

168 3956 253 3978 voi..
303 3971 310 3979 .
1288 3959 1305 3986 7
2046 3980 2058 3999 s
2118 3955 2179 3972 ⁶⁰¹¹·
