2474 4182
455 85 491 126 <3
573 85 609 125 ()
688 83 733 123 1<

69 178 97 204 in
111 176 218 204 caeteris
232 175 311 202 caulis
325 174 383 201 ficri
399 175 463 202 solet
483 174 539 201 Cic.
554 182 603 208 pro
617 172 686 199 Sulla
702 180 723 198 c.
736 177 781 202 24.
839 169 939 196 Contra
952 177 1042 204 quam,
1055 168 1112 196 Cic.

69 221 118 248 pro
133 213 237 239 Cluent.
253 220 280 237 12
300 212 399 237 Generi
414 212 463 244 sui,
478 215 569 236 contra
582 217 661 243 quam
674 207 713 233 fas
726 210 792 236 erat,
805 213 894 231 amore
908 209 990 240 capta.
1044 206 1114 231 Con-

69 256 124 281 tra,
143 256 220 282 quam
235 247 289 281 ipse
304 248 439 274 censuiiset
454 246 526 272 Idem
540 246 568 271 in
581 244 629 270 Pis.
650 251 671 268 c.
686 247 707 271 8.
778 241 876 267 Contra
891 250 970 275 quain
985 240 1057 268 dccet
1073 240 1112 267 Id.

69 284 102 311 de
124 283 197 309 Orat.
221 290 237 308 2
267 291 289 308 c.
314 291 357 309 20.
437 282 538 309 Contra
560 286 638 313 quam
660 276 849 311 proposueram
872 277 928 303 Cic.
951 286 999 310 pro
1023 278 1112 303 Domo

68 329 90 346 c.
130 319 154 344 6.

67 361 97 380 vt
110 327 186 380 Curc.
201 361 222 384 1,
235 361 258 385 3,
270 361 303 387 45
328 354 401 380 Auro
415 358 507 379 contra
519 350 581 376 cede
594 347 741 373 modestum
757 355 918 380 amatorem,
935 357 949 374 a
963 356 1005 373 me
1017 356 1112 374 aurum

69 388 164 422 accipe.
202 395 251 415 ΡΑ.
276 389 350 415 Cedo
369 389 435 415 mihi
458 392 547 414 contra
565 383 732 414 aurichalco,
761 385 805 410 cui
828 393 877 418 ego
903 385 964 410 sano
988 384 1110 409 seruiam.

68 424 143 458 Epid.
158 432 187 456 3,
210 432 289 456 3‚.30
317 425 375 451 Nae
395 430 422 451 tu
442 422 521 449 habes
541 420 648 445 seruum
668 419 802 453 quantiuis
821 419 901 453 pretii
939 420 1003 445 Non
1018 417 1111 444 caru'st

67 469 134 487 auro
147 465 248 486 contra.
319 460 379 486 Mil.
393 468 416 492 3,
431 467 449 489 1,
462 459 498 489 64
518 455 591 482 Cedo
605 461 656 481 tres
670 455 738 481 inihi
753 455 872 481 homines
885 454 1038 480 aurichalco
1051 462 1112 480 con-

68 500 107 522 tra
123 504 182 521 cuni
197 495 252 521 istis
265 496 394 522 moribus.

69 531 155 566 potuit
168 539 285 565 operam.
358 527 445 557 Pseud.
461 536 484 559 2,
499 535 521 559 3,
535 535 567 553 22
592 526 752 553 Aurichalco
773 531 863 552 contra
882 533 936 551 non
955 534 1046 550 cai-iim
1059 524 1113 550 fnit

69 575 158 593 meum
172 566 346 592 mendacium.
416 563 503 589 Triic.
520 572 543 595 2,
558 565 584 594 6,
601 571 631 597 57
655 564 710 588 Iam
731 562 800 588 mihi
819 569 885 588 auro
904 566 995 587 contra
1014 559 1113 586 constat

206 603 236 628 In
248 603 289 629 his
304 599 413 628 omnibus
432 601 469 625 ita
477 599 616 634 Jiaepplemlil
635 598 734 624 videtur
749 600 846 630 oratio,
866 598 940 623 Auro
959 600 1054 622 contra⁴
1071 601 1114 630 ap-

428 633 448 671 Ί
474 637 491 661 6
528 633 652 666 Posterior
666 634 765 669 syllaba
784 637 810 659 in
831 634 932 660 Contra
957 641 972 658 a
989 632 1117 668 sequioris

67 102 143 139 1217

68 602 148 628 filius.

62 639 138 674 penso
146 658 154 670 ,
179 644 225 664 etc.

65 680 164 700 tantiam
181 675 237 699 aeui
251 673 333 699 Portis
350 673 498 705 corripitur.
535 669 642 696 Manilii
660 669 755 705 quidem
776 672 849 695 ctiam
870 668 979 702 affertiw
993 667 1078 703 uerfiis
1094 675 1117 698 2,
1132 685 1141 703 ¹

69 717 126 742 253;
152 715 180 734 at
199 708 235 734 ibi
245 707 348 743 sequens
364 706 447 738 iacet,
462 713 510 741 per
523 704 627 740 diaijfin
648 705 731 731 tribus
736 704 844 740 syllabis
857 704 985 740 legendum
1005 702 1117 735 videtur,

67 744 125 780 elisa
142 745 231 770 ultima
244 743 323 768 vocali
335 744 404 767 vocis
416 743 525 768 Contra.
580 740 627 768 scd
640 742 721 768 b'cntI.
738 741 821 766 Strata
834 740 934 769 iacent,
954 746 1000 765 etc.

107 785 124 806 C
136 785 155 805 O
166 787 187 806 N
197 786 217 805 T
226 785 243 804 R
253 784 273 804 Α
282 784 300 803 R
313 785 321 803 1
335 785 351 803 v
362 784 374 803 S
384 798 392 809 ‚
413 787 427 804 a
436 797 444 809 ‚
465 786 519 804 um.
557 776 617 802 Adi.
655 776 792 810 [ἐναντίος]
829 774 894 810 quod
904 774 1118 811 fignificiitionem

67 815 208 843 Pan-riculae
221 813 320 839 Contra
327 813 452 848 finluitur.
512 813 567 839 Cic.
577 813 608 838 dc
618 812 739 837 Vniuers.
752 820 780 843 32
800 812 860 843 Eos,
877 810 923 845 qui
940 819 1022 844 prope
1037 819 1117 844 copu-

68 850 157 878 lentur
172 854 358 883 contrariaque
382 849 508 883 regione,
530 854 576 875 aut
593 856 662 882 pone
676 856 743 881 quos
753 866 761 878 ,
781 853 826 872 aut
840 853 899 872 ante
912 846 1051 878 labantur,
1071 852 1117 872 etc.
1128 862 1163 881 20
1181 849 1262 883 quin,
1283 854 1329 874 etc,

67 887 141 912 Idem
155 885 187 911 de
200 885 302 910 Inuent.
320 893 338 916 i,
353 893 386 917 42
403 884 589 914 Contrarium,
608 883 644 909 eit
659 882 734 917 quod
747 882 859 916 positum
880 882 908 908 in
921 891 1015 915 gmere
1030 881 1118 908 diuer-

69 922 114 954 so,
133 920 166 947 ab
179 920 289 952 eodem,
309 921 352 946 cui
367 921 532 947 conti-arium
547 920 595 945 else
608 918 723 950 dicitur,
743 918 890 952 plurimum
904 917 981 944 dssstat
994 928 1000 943 :
1020 924 1050 944 vt
1069 917 1118 942 fri-

469 956 500 983 ld
518 955 664 982 Aduersum
685 953 795 989 proprie
819 953 926 979 dicitur.
1036 954 1118 979 Arma

68 966 115 992 gns
129 956 227 989 calori,
245 957 316 983 vitae
331 965 412 982 mors.

627 990 747 1016 Flamina
762 989 828 1015 classi
849 989 923 1016 Idem
937 989 1003 1016 Met.
1020 997 1055 1021 13,
1070 993 1118 1019 183.

67 992 200 1019 contraria
220 992 301 1019 Ouid.
315 991 402 1019 Trist.
418 1000 443 1024 1,
455 1002 483 1026 4,
497 1000 535 1025 41.

65 1030 84 1055 ι’.
98 1035 187 1054 veritus
200 1028 326 1064 aduo‘fiis.
422 1029 528 1054 Humor
541 1025 646 1061 ignibus
671 1024 753 1051 Ouid.
769 1025 797 1051 in
812 1024 872 1052 Ibin
888 1034 920 1057 31.

67 1066 84 1090 6
105 1064 249 1090 Contrario
264 1063 318 1090 ictu
350 1072 379 1089 cr
392 1071 509 1097 parmam
522 1069 634 1096 vterque
648 1061 796 1087 transfixus.
871 1060 960 1087 Verba
968 1059 1047 1086 rebus
1062 1059 1119 1085 cic.

67 1099 99 1126 ad
112 1100 185 1126 Brut.
202 1107 239 1134 17.
338 1099 441 1133 oluptas
455 1098 584 1125 honestati
604 1097 641 1124 ld.
656 1097 709 1123 Off.
730 1105 741 1129 3
755 1105 820 1123 extr.
929 1096 1004 1122 Vitia
1018 1095 1047 1121 in
1059 1103 1122 1120 con-

69 1136 152 1162 traria
167 1141 277 1168 currunt
290 1134 361 1161 stulti
376 1135 439 1160 dinn
453 1135 539 1161 vitant
562 1134 629 1159 Hor.
644 1133 725 1159 Serm.
744 1142 763 1165 1,
777 1141 800 1165 2,
814 1141 858 1166 24.
950 1132 1007 1157 Cic.
1021 1130 1053 1156 de
1062 1129 1121 1156 Fin.

68 1181 97 1205 4,
114 1174 149 1206 67
170 1173 308 1205 Qarum,
328 1170 468 1204 inquiunt,
489 1170 587 1197 artium
606 1169 707 1195 sumnia
728 1169 843 1195 cresccre
863 1165 962 1202 potest,
978 1175 1070 1192 earum
1085 1172 1122 1191 et-

68 1208 122 1234 iam
138 1214 331 1234 contrariarum
345 1207 445 1233 summa
459 1206 557 1241 poterit
571 1204 671 1239 augeri.
707 1205 747 1230 Ad
768 1204 875 1231 virtutis
889 1208 977 1228 autem
992 1203 1122 1228 summani
1134 1210 1165 1235 30
1184 1205 1338 1239 frequenter
1358 1203 1469 1231 ducatur
1487 1204 1563 1230 cibus
1581 1206 1713 1232 animalis.

70 1243 195 1270 accedere
209 1242 278 1270 nihil
295 1242 378 1277 potest
393 1253 398 1268 z
434 1251 467 1269 ne
480 1242 547 1269 vitia
560 1241 669 1275 quidem
684 1240 767 1275 igitur
780 1240 893 1267 cresccre
905 1244 1040 1272 poterunt,
1055 1246 1122 1272 quae

70 1280 130 1305 siint
142 1280 272 1306 virtutum
285 1278 427 1305 contraria.
545 1276 625 1303 Vitae
659 1276 807 1303 contrarius
840 1275 882 1300 Ire
902 1274 989 1308 priori
1019 1273 1120 1300 videris

69 1315 162 1343 quen.
177 1315 227 1342 Sat.
240 1323 266 1348 9,
281 1322 317 1341 21.
421 1313 546 1340 Decernit
559 1313 770 1344 contrariuin,ac
786 1310 875 1346 paullo
891 1316 951 1336 autc
967 1310 1122 1336 decreuerat

72 1351 129 1377 Cic.
152 1352 228 1378 Verr.
245 1358 268 1382 2,
284 1358 330 1376 120
350 1359 371 1375 c.
385 1352 429 1383 46.
537 1348 574 1375 Id.
588 1349 616 1375 in
628 1349 716 1374 Somn.
730 1347 796 1381 Scip.
810 1355 827 1379 9
864 1345 920 1379 Qui
936 1345 1049 1373 subic<ffi
1062 1346 1122 1371 sunt

73 1387 187 1422 septem,
207 1387 253 1422 qui
269 1386 408 1412 versantur
426 1391 501 1412 retro
519 1385 655 1411 contrario
675 1389 751 1410 motii
770 1388 851 1416 atque
867 1381 977 1408 caelum.

70 1422 143 1449 ferre
157 1422 297 1457 pugnantia
306 1440 313 1453 ‚
332 1427 358 1447 et
372 1429 525 1456 comparare
538 1419 670 1446 contraria
694 1419 751 1445 Cic.
767 1418 796 1443 in
808 1418 883 1444 Orat.
900 1422 936 1448 38.
1045 1417 1122 1443 Paria

71 1458 177 1494 paribus
191 1458 309 1489 referre,
329 1456 436 1484 aduersa
449 1456 589 1482 contrariis
608 1454 647 1480 Id.
662 1453 728 1481 ibid.
738 1455 778 1486 65.
851 1452 991 1479 Disinne’ta
1004 1453 1121 1479 maxime

73 1500 99 1520 et
114 1493 246 1520 contraria
259 1493 346 1520 dicere
366 1493 422 1519 Cic.
440 1491 591 1524 Philipp.·2,
606 1495 641 1520 18.
737 1488 873 1516 Scinditur
887 1488 1019 1515 incertum
1035 1487 1122 1514 studia

71 1530 101 1556 in
134 1529 266 1556 contraria
294 1529 387 1563 vulgus
415 1527 491 1560 Virg.
506 1527 571 1552 Acn.
584 1534 610 1558 2,
624 1534 684 1559 243.
757 1525 926 1557 Contrariis,
951 1524 1078 1557 diuersis,
1096 1530 1123 1550 et

351 316 371 355 q
402 325 415 351 ς
453 319 483 344 In
499 317 593 351 pretiis
609 312 753 339 indicandis
777 312 891 338 adhibere
912 312 1016 345 Plautus
1031 312 1112 348 fiilct,
1128 322 1142 350 5
1175 315 1410 342 commemorando
1446 317 1623 351 Argumenta,
1644 321 1723 347 fidem
1744 321 1820 347 dictis
1841 323 1997 350 contradere
2016 328 2117 354 uostris.

462 493 493 518 Et
508 501 537 525 4,
552 500 577 523 2,
593 496 626 525 84
647 492 748 517 Contra
761 499 826 517 auro
845 490 892 516 alii
911 489 978 515 lianc
996 489 1112 515 vendere
1131 505 1159 524 10
1175 492 1264 518 vidiae
1283 493 1385 519 Arnob,
1407 502 1416 520 1
1432 501 1477 529 Pr,

1018 1025 1078 1050 Liu.
1093 1031 1120 1054 2,
1130 1030 1162 1056 25
1182 1029 1234 1058 136.

1555 88 1589 129 c
1686 93 1722 130 o
1813 93 1855 131 N
2140 110 2217 164 „13

1198 179 1423 214 'com-nani
1435 180 1452 214 e
1464 175 1565 216 insti
1578 185 1607 210 s,
1634 188 1657 205 e.
1695 179 1755 206 Adi.
1792 180 1913 207 Temni.
1933 184 1964 209 <ie
1979 186 2062 215 c—me
2075 190 2171 216 ria-*isti
2189 201 2203 218 2

1178 208 1288 242 Signum
1302 209 1514 248 contradicibile,
1536 216 1630 245 σημεῖον
1643 214 1826 248 ἐπιλεγόμενον
1846 227 1874 242 ex
1889 218 1974 244 Lucae
1989 231 2011 252 z,
2024 233 2063 257 37,
2081 213 2089 214 ἶ
2119 212 2122 215 ¹
2207 201 2217 224 ἶ

1213 251 1229 271 C
1239 250 1258 270 O
1270 251 1290 269 N
1304 251 1325 270 T
1335 253 1352 271 R
1363 253 1384 272 Α
1394 252 1412 272 D
1423 253 1441 272 Ο
1451 265 1460 277 ,
1480 247 1577 274 tradidi
1587 269 1595 280 ‚
1620 250 1745 277 ss‘fltll'tun'l
1754 271 1761 282 ,
1783 254 1836 277 Cre.
1873 251 2060 291 [παραδίδωμι]
2098 260 2164 286 Idem
2178 271 2219 288 vo.

1175 280 1245 309 lunt,
1261 280 1325 314 quod
1344 280 1463 307 Tradere.
1520 283 1623 310 Lucrct.
1640 294 1659 317 1,
1674 295 1721 319 401
1746 287 1885 321 Multaque
1904 295 2038 322 practerea
2052 292 2102 319 tibi
2120 298 2219 328 polium

1173 351 1341 383 Conraderc,
1355 352 1380 388 s.
1401 352 1550 379 Corradcrc
1566 355 1675 388 probant
1695 358 1807 383 Lamhm.
1828 365 1851 383 ct
1864 359 1960 385 Crcech.
2172 332 2220 359 SM

1175 421 1201 445 d*
1211 392 1255 436 00
1266 394 1286 411 N
1295 393 1344 429 T.¹'”
1354 395 1375 413 Λ
1386 393 1404 413 1)
1414 394 1433 413 ν
1441 394 1458 415 c
1468 394 1486 413 0
1497 408 1505 420 ‚
1524 390 1577 415 ere.
1613 391 1719 427 Legitur
1734 393 1801 428 apud
1813 394 1922 421 Auctor.
1930 394 1962 421 ad
1976 396 2040 422 Her.
2054 406 2072 430 4
2091 406 2112 422 c.
2126 400 2153 424 16
2174 400 2220 434 sm

1192 429 1251 456 1211st
1263 422 1430 456 scribendum.

1209 464 1225 481 (1
1235 464 1253 483 o
1266 463 1286 481 N
1297 463 1376 484 ΤΚΛ
1386 458 1448 489 ἑο,
1473 461 1521 485 ire.
1558 459 1719 500 Auc‘toritati
1738 462 1850 490 Hieron.
1864 465 1909 499 Ep.
1925 470 1958 500 84
1982 464 2014 492 ad
2034 466 2167 500 Magnum.
2182 469 2223 494 111-

1549 494 1697 522 Sententiae
1711 497 1786 523 Callii
1811 508 1889 526 nemo
1910 510 1976 527 vnus
1995 503 2127 528 contraire
2146 504 2222 530 ausus

1175 528 1211 553 cst
1231 527 1299 553 Tac.
1316 529 1382 555 Ann.
1396 537 1435 561 14,
1450 536 1491 562 45.
1562 530 1612 557 Tu
1627 539 1660 557 ne
1679 532 1741 558 cede
1757 533 1847 567 malis,
1868 535 1911 562 sed
1926 543 2016 563 contra
2029 537 2169 563 audentior
2184 539 2223 564 ito

1175 564 1250 597 Virg.
1265 563 1329 588 Aen.
1346 566 1372 595 6,
1391 573 1430 596 95.

1214 604 1291 639 ‘39³'
1304 598 1459 632 Tizitno,
1491 599 1534 632 xi,
1561 600 1649 634 6111111,
1690 603 1743 629 ere.
1781 603 1929 639 [συλλέγω,
1949 608 2076 640 eusimio,
2097 608 2224 642 ἐπηπάω]

1176 633 1331 665 Conciliare,
1356 634 1466 674 Cogere,—
1482 636 1609 672 Colligere.
1645 637 1720 671 Virg.
1734 640 1797 664 Aen.
1812 648 1832 671 3,
1846 645 1859 669 8
1880 642 2122 677 Contrahimusquc
2142 643 2224 670 viros.

1179 670 1219 697 Sic
1232 668 1375 709 Contrahit
1389 669 1511 696 celeriter
1526 680 1570 698 cos
1586 672 1732 699 similitudo
1747 675 1806 700 Liu.
1823 684 1843 707 1,
1856 679 1900 708 46.
1944 679 2082 712 Pompeius
2097 679 2225 706 Marcello

1173 706 1221 742 sub
1235 706 1291 745 Cic.
1306 705 1360 731 Att.
1381 709 1410 736 8,
1431 713 1459 730 12
1477 707 1538 744 'Vos
1558 707 1670 741 hortor,
1693 715 1721 736 vt
1739 709 1915 745 quodcunque
1933 713 2049 739 militum
2070 708 2225 741 contrahere

1181 746 1320 776 poteritis,
1336 739 1506 766 contrahatis.
1562 744 1604 769 Sic
1616 744 1683 779 apud
1696 745 1756 771 Liu.
1772 750 1812 777 28,
1850 765 1855 771 .
1894 766 1900 772 .
1937 748 2100 775 Contraherc
2118 750 2226 777 auxilia.

1180 776 1346 803 Contrahere
1358 776 1480 817 personas
1501 776 1533 802 ad
1547 778 1657 812 aliquod
1676 781 1814 814 negotium
1834 781 1900 807 Plin.
1915 783 1991 816 Epist.
2006 793 2044 817 ιο,
2058 790 2095 814 88.
2168 786 2226 812 Cic.

1181 815 1235 839 Att.
1255 817 1284 845 8,
1306 821 1316 838 1
1341 812 1386 839 Sin
1406 819 1496 851 omnia
1514 812 1544 838 Iii
1564 822 1647 853 vnuni
1666 815 1754 842 locum
1773 817 1951 844 contrahenda
1971 819 2034 851 lint,
2058 829 2112 847 non
2132 820 2228 848 dubito

1402 847 1462 875 Liu.
1477 849 1520 880 26,
1535 856 1570 881 42
1591 849 1739 876 Periculum
1754 853 1801 878 else
1820 859 1905 883 ratus,
1925 863 1958 879 ne
1973 864 2004 880 eo
2019 855 2090 882 facto
2103 858 2134 882 111
2145 865 2228 883 vnum

1181 893 1273 911 omncs
1287 883 1464 910 contraheret.
1537 884 1568 909 111
1581 893 1707 911 aceruum
1726 885 1791 913 Plin.
1806 896 1843 918 10,
1859 897 1900 915 20.
1973 891 2083 916 Collum
2098 892 2228 925 QiintStil.

1183 929 1221 951 ii,
1245 924 1332 959 3'.8²·
1407 920 1493 958 Crura
1514 919 1596 946 Ouid.
1610 920 1703 947 Amor.
1716 929 1743 953 3,
1764 929 1795 953 2,
1815 931 1851 953 23.
1922 924 2035 958 Flectit,
2056 934 2230 962 contorquet,

1181 961 1312 990 porrigit,
1332 953 1466 981 contrahit
1480 963 1640 989 quocunque
1653 956 1710 983 vult
1722 956 1842 982 membra
1856 958 1899 984 sua
1913 968 1992 986 omne
2012 962 2107 988 animal
2127 963 2183 989 Cic.
2197 963 2229 989 de

1180 991 1243 1017 Diu.
1259 1000 1277 1023 i,
1292 999 1344 1016 120.
1417 990 1535 1016 Dilatare
1544 998 1566 1016 et
1575 991 1875 1018 Contraherecontraria
1894 994 1965 1020 Idem
1974 996 2004 1021 de
2013 997 2108 1023 Natur.
2118 999 2220 1025 Deci-‚2

1306 1027 1338 1052 Et
1352 1025 1384 1051 de
1396 1025 1480 1052 Amic.
1494 1035 1527 1058 24
1548 1028 1625 1060 Qiae
1644 1028 1673 1053 in
1686 1036 1776 1053 rerum
1790 1033 1899 1059 natura,
1920 1034 2030 1064 totoque
2051 1033 2149 1059 mundo
2171 1019 2232 1060 conz

1182 1062 1296 1093 starent,
1317 1070 1440 1096 quaeque
1455 1070 1647 1095 mouerentur,
1668 1072 1697 1090 ea
1712 1063 1869 1090 contrahere
1882 1063 2043 1099 amicitiam,
2063 1067 2179 1102 dillipare
2194 1069 2233 1095 di-

1183 1097 1339 1137 scordiam3
1401 1096 1566 1124 Contrahere
1585 1098 1685 1125 collum
1704 1100 1760 1125 Cic.
1777 1099 1860 1126 Tusc.
1880 1107 1912 1131 2,
1932 1108 1972 1132 41.
2018 1102 2047 1126 Et
2068 1103 2233 1131 Contrahere

1182 1133 1292 1160 brachia
1308 1132 1405 1166 Virgil.
1421 1133 1518 1166 Georg.
1537 1142 1556 1165 1,
1570 1142 1612 1167 34.
1685 1135 1740 1162 Cic.
1756 1135 1787 1161 de
1800 1135 1899 1161 Natus.
1912 1135 1993 1162 Deor.
2006 1144 2029 1168 2,
2044 1139 2086 1168 136
2105 1138 2132 1162 ds
2141 1141 2235 1172 pulmo-

1183 1169 1273 1201 nibus,
1293 1169 1371 1194 Tum
1390 1169 1415 1194 se
1435 1169 1595 1195 contrahunt
1615 1169 1786 1204 adspirantes,
1799 1176 1856 1196 tuin
1876 1171 1905 1196 in
1922 1172 2052 1206 respirant
2065 1172 2191 1206 dilatant,
2208 1182 2236 1201 vt

1297 1240 1302 1244 ¹
1407 1240 1412 1244 ἡ
1822 1206 1883 1232 Liu.
1902 1212 1946 1239 28,
1968 1212 1992 1236 18
2018 1208 2184 1234 Coiitrahcn·
2205 1210 2237 1236 ad

1184 1241 1367 1275 colloquium,
1387 1239 1600 1268 dirimendarum
1612 1241 1773 1268 simultatum
1788 1242 1878 1273 causa,
1898 1242 1933 1268 cst
1948 1249 2064 1269 conatus.
2135 1245 2201 1271 Plin.
2214 1254 2238 1278 3,

1185 1285 1197 1310 5
1219 1277 1250 1303 Et
1262 1282 1302 1303 tot
1315 1275 1476 1310 populorum
1491 1276 1641 1310 discordes,
1661 1277 1906 1312 ferasque'linguas
1927 1279 2057 1306 sermonis
2075 1281 2238 1307 commercio

1185 1312 1355 1339 contraheret
1373 1312 1404 1338 ad
1418 1312 1562 1347 colloquia.
1660 1313 1773 1348 Metaph.
1797 1313 1825 1338 de
1839 1316 1929 1340 amicis
1950 1315 2006 1341 Cic.
2019 1315 2047 1341 in
2061 1315 2133 1342 Lael.
2148 1322 2180 1349 48
2202 1318 2239 1344 Vt

1185 1357 1217 1375 ex
1241 1348 1321 1374 bonis
1348 1348 1428 1374 amici
1452 1347 1523 1383 quali
1547 1347 1752 1381 diffundantur,
1785 1354 1811 1375 et
1835 1349 2013 1377 incommodis
2038 1352 2237 1379 contrahantur.

1052 1383 1122 1408 Con·
1136 1390 1165 1416 35
1185 1386 1278 1418 Nempe
1292 1385 1351 1410 lacti
1364 1382 1472 1417 affislus
1478 1384 1629 1420 sanguinem
1641 1391 1719 1420 agunt
1733 1383 1767 1410 ad
1783 1391 1899 1411 externas
1907 1393 2012 1421 partes,
2028 1390 2055 1412 in
2074 1387 2182 1421 tristitia
2201 1398 2239 1415 re—

1178 1419 1290 1456 fugiunt
1303 1428 1385 1445 omnes
1396 1419 1511 1446 humores
1523 1419 1610 1455 versus
1624 1430 1706 1446 arcem
1720 1427 1743 1446 et
1755 1427 1873 1446 centrum.
1912 1430 1914 1433 ’
1930 1422 1978 1448 Sed
1997 1423 2056 1449 Hoc
2073 1423 2122 1450 sibi
2137 1430 2238 1450 contra·

1184 1455 1246 1482 xisi'e
1261 1454 1385 1485 videtur,
1405 1455 1477 1489 quod
1494 1455 1583 1482 noluit
1598 1455 1667 1482 Vell.
1683 1464 1715 1488 2,
1727 1463 1770 1488 45,
1784 1464 1799 1481 2
1826 1456 1860 1481 ad
1878 1457 1964 1492 causas
1977 1459 2056 1484 morbi
2070 1466 2114 1485 aut
2127 1461 2187 1486 mali
2202 1469 2241 1486 re-

1178 1490 1280 1527 fertur.
1353 1490 1410 1516 Cic.
1425 1491 1558 1524 QFratr.
1575 1499 1601 1523 1,
1625 1499 1633 1516 1
1660 1492 1696 1518 Ea
1709 1490 1886 1517 molestiffime
1904 1493 1975 1519 ferre
1995 1493 2116 1520 homines
2133 1495 2241 1528 debent,

1185 1534 1253 1561 quae
1265 1525 1387 1560 ipsorum
1401 1525 1477 1559 culpa
1497 1525 1632 1552 contrac‘la
1647 1527 1713 1552 sunt.
1785 1528 1861 1553 Alias
1876 1527 2041 1554 Contrahere
2060 1528 2092 1562 est
2106 1531 2241 1567 Coagulare

72 1565 249 1599 pugnantibus
270 1564 363 1591 studiis
387 1568 413 1588 et
435 1561 627 1596 cupiditatibus
654 1561 799 1587 conflatum
827 1561 975 1587 monstrum
1001 1561 1058 1587 Cic.
1073 1568 1166 1596 pr040
1186 1563 1252 1589 Plin.
1265 1570 1304 1594 23,
1318 1569 1335 1596 7
1359 1561 1417 1588 Fici
1435 1562 1524 1588 succus
1544 1561 1660 1595 laGteus,
1677 1561 1745 1588 aceti
1759 1568 1880 1589 naturam
1898 1562 1987 1590 habet.
2023 1565 2116 1600 Itaque
2136 1566 2241 1600 coaguli

71 1601 144 1627 Cael.
160 1609 196 1628 12.
290 1600 327 1625 Ex
340 1599 477 1625 contrario
490 1598 614 1623 conferre
627 1596 717 1631 aliqua
731 1597 760 1622 in
774 1596 940 1623 aduersarios
958 1596 996 1624 Id.
1005 1596 1037 1623 de
1046 1597 1122 1623 Orat.

70 1645 95 1665 2.
109 1641 157 1665 182.
251 1635 271 1661 Ε
284 1634 420 1662 contrario
435 1633 559 1660 confiteri
582 1632 659 1659 Auci.
672 1632 704 1658 ad
722 1634 839 1660 Hercnn.
877 1652 884 1659 .
923 1653 929 1659 .
968 1652 975 1659 .
1085 1633 1122 1658 Ex

71 1670 207 1697 contrario
227 1670 390 1697 contendere
409 1669 514 1704 aliquid
543 1669 598 1695 Cic.
614 1677 662 1703 pro
676 1669 752 1695 Rosc.
766 1670 843 1695 Com.
857 1676 903 1703 47.
1000 1668 1020 1694 E
1038 1668 1079 1694 vel
1091 1676 1123 1693 ex

68 1706 202 1733 contraria
214 1711 288 1740 parte
308 1705 384 1732 Aust.
397 1705 430 1732 ad
443 1706 508 1731 Her.
527 1713 536 1731 1
552 1714 573 1731 c.
587 1713 610 1737 3.

70 1742 102 1769 de
118 1744 220 1769 Iniient.
238 1750 258 1773 1,
273 1742 313 1768 26.

70 1778 108 1805 les
122 1777 208 1804 dictae
219 1784 287 1804 artes
302 1778 330 1803 in
343 1777 509 1804 contrarium
522 1776 650 1803 cecidere.
721 1777 752 1803 In
766 1775 902 1803 contrario
929 1776 961 1801 A.
976 1774 1008 1801 ad
1025 1776 1090 1801 Her.
1104 1783 1123 1808 4

70 1824 94 1841 c.
108 1822 144 1846 19.
218 1813 379 1841 Sententiam
394 1819 421 1839 et
433 1812 598 1839 contrarium
611 1818 637 1838 et
649 1812 844 1838 conclusionem
862 1811 1048 1846 frequentibus
1062 1810 1123 1836 effe-

71 1856 112 1878 rat
125 1849 216 1876 verbis
235 1849 275 1876 lb.
308 1848 376 1875 Adai.
393 1857 414 1875 c.
426 1857 460 1882 34
473 1855 520 1875 etc.
594 1848 800 1874 Contrariorum
814 1847 948 1874 contraria
962 1848 1020 1873 sunt
1034 1847 1123 1873 conse-

71 1885 180 1921 quentia
207 1885 264 1911 Cic.
279 1884 361 1911 Tusc.
376 1892 388 1918 5
401 1893 422 1911 c.
441 1892 478 1918 17.
523 1883 568 1910 Sin
581 1884 639 1910 vult
652 1884 785 1911 contraria
805 1884 874 1918 Nep.
888 1891 923 1916 15,
936 1892 964 1916 4,
980 1892 1002 1909 2.

70 1922 156 1949 tentio
171 1921 222 1953 est,
241 1929 288 1955 per
307 1929 388 1955 quani
407 1919 541 1947 contraria
561 1919 708 1946 efferuntur
740 1920 772 1946 A.
785 1919 816 1946 ad
830 1921 894 1946 Her.
907 1928 926 1952 4
940 1928 961 1945 c.
976 1926 1018 1952 45.

71 1957 233 1984 contrariam
249 1962 350 1991 partem
366 1956 461 1983 afferre
473 1955 576 1990 aliquid
596 1955 652 1982 Cic.
668 1955 701 1982 de
714 1956 788 1983 Orat.
799 1964 825 1988 2,
840 1963 888 1988 2¹5·
973 1956 1004 1981 111
1017 1960 1122 1981 contra-

70 1993 140 2020 riam
153 1999 254 2028 partein
267 1991 406 2018 consilium
421 1992 495 2026 pium
508 1991 621 2018 alicuius
639 2000 732 2026 rapere
768 1991 857 2018 Pollio
878 1991 934 2018 Cic.
947 1991 1020 2017 Fam.
1036 2000 1075 2023 10,
1085 1999 1121 2023 33.

70 2031 102 2057 111
122 2027 268 2057 contrarias
289 2033 374 2062 partes
392 2027 424 2054 de
445 2027 520 2054 omni
540 2036 570 2054 re
586 2027 718 2062 disputare
750 2027 806 2054 Cic.
821 2027 852 2053 de
865 2027 939 2054 Orat.
955 2036 976 2060 1,
992 2032 1032 2060 158
1045 2036 1067 2053 c.
1081 2035 1122 2059 34.

73 2066 104 2092 In
115 2063 260 2090 contrarias
273 2069 359 2097 partes
374 2063 484 2089 flumina
498 2063 583 2089 fluunt
601 2063 640 2089 Id.
655 2063 688 2089 de
701 2063 794 2090 Diuin.
812 2072 833 2096 1,
846 2065 879 2092 62
891 2072 912 2089 c.
927 2071 964 2096 35.

73 2102 98 2128 se
113 2099 343 2133 contrariacapita
357 2099 389 2125 de
402 2099 466 2133 ch.
483 2099 607 2125 conferre
629 2099 686 2125 Cic.
703 2098 735 2125 de
749 2101 823 2126 Orat.
838 2107 863 2132 2,
877 2107 924 2131 223
943 2108 964 2125 c.
983 2106 1018 2132 35.

75 2135 116 2162 hil
128 2136 164 2162 est
178 2141 231 2161 tam
243 2135 408 2161 contrarium
421 2135 523 2161 rationi
536 2140 561 2160 et
581 2134 758 2166 constantiae,
776 2143 855 2168 quam
872 2135 982 2161 fortuna
1014 2133 1072 2160 Cic.
1091 2133 1124 2158 de

74 2171 166 2199 Diuin.
179 2179 202 2204 2,
215 2176 249 2201 18.
353 2171 383 2197 Id
397 2170 513 2197 maxime
525 2170 690 2196 contrarium
703 2169 740 2194 est
767 2169 856 2195 Pollio
872 2169 928 2194 Cic.
944 2177 981 2199 10,
994 2177 1029 2199 31,
1045 2175 1082 2193 io.
1102 2170 1122 2193 i.

75 2209 188 2235 noxium,
206 2213 271 2232 certe
278 2206 449 2241 pcriculofiim.
521 2206 564 2232 Sic
577 2204 682 2230 Colum.
697 2208 721 2235 8,
734 2211 771 2238 17,
785 2210 807 2236 5.
845 2212 870 2236 9,
886 2212 919 2236 11,
932 2212 957 2229 2..
993 2202 1052 2229 Coll.
1062 2211 1122 2235 z,2,

72 2250 116 2277 27.
187 2241 358 2267 Contrarium
372 2241 408 2266 est
421 2238 512 2266 officio
527 2248 627 2267 merces
646 2238 750 2301 Pauws
763 2239 781 2266 l.
793 2239 927 2273 obligatio
947 2237 994 2275 §.2
1008 2239 1039 2264 D.
1050 2248 1122 2265 man-

70 2277 123 2303 dat.
137 2277 181 2303 vel
194 2281 294 2303 contra.
367 2276 541 2304 Contrarium
553 2284 613 2308 aes,
632 2276 705 2302 Grau
734 2283 791 2307 aes,
811 2275 909 2301 Festus.

71 2315 163 2340 contra
175 2311 325 2347 appenditur
341 2315 368 2338 in
385 2312 460 2338 libra.

112 2354 130 2374 c
142 2353 162 2373 ο
172 2354 195 2373 Ν
210 2353 232 2373 Τ
243 2354 262 2373 R
272 2354 319 2374 An
329 2354 338 2373 1
350 2346 396 2374 ea*
405 2354 427 2373 A
436 2354 448 2373 s
457 2367 465 2379 ,
486 2346 543 2372 atis.
564 2345 584 2372 f.
621 2344 741 2372 Macrob.
755 2345 858 2372 Saturn.
872 2353 899 2381 7,
913 2354 929 2378 9
947 2345 1068 2372 Potestne
1080 2353 1124 2370 ex·

72 2383 157 2411 cusari
171 2382 251 2409 huius
269 2382 462 2409 contrarietatis
475 2383 566 2408 ausum
581 2382 590 2407 ζ
625 2382 667 2408 Sic
679 2382 754 2417 saepe
772 2382 834 2408 alibi
840 2402 848 2414 ‚
867 2388 897 2408 vt
909 2382 998 2410 Sonin.
1014 2380 1083 2413 Scip.
1097 2387 1124 2411 2,

74 2427 99 2454 ις
111 2426 135 2446 ct
148 2421 188 2445 16.-
222 2419 326 2455 Legitur
339 2426 363 2445 et
375 2418 443 2453 apud
447 2416 632 2445 Tertull.adu.
641 2418 770 2451 Hermog.
779 2426 800 2443 c.
810 2425 845 2450 35.
881 2424 906 2442 et
917 2415 1008 2442 Sidon.
1017 2423 1089 2448 4,12.

113 2459 370 2482 CONTRARJE.
391 2454 458 2480 Adu.

681 1705 718 1730 Ex
733 1705 872 1743 contraria
880 1709 952 1738 parte
964 1703 1054 1729 dicere
1066 1704 1123 1729 Cic.

1050 1884 1122 1909 Con-

1050 2063 1123 2089 Inter

74 2499 128 2526 quo
140 2495 186 2517 aut
199 2489 322 2523 ambigue
337 2489 403 2524 quid
418 2488 449 2515 sit
464 2489 590 2524 scriptum
598 2508 606 2520 ,
625 2494 670 2514 aut
683 2487 826 2513 contrarie.
899 2486 966 2513 Add.
980 2486 1019 2512 Id.
1033 2486 1124 2513 Partit.

73 2536 95 2553 c.
109 2535 144 2558 31.
215 2525 307 2551 Relata
325 2525 459 2552 contrarie
478 2523 562 2551 verba
583 2528 680 2549 ornant
701 2523 729 2548 in
744 2522 837 2556 primis
851 2522 1002 2549 orationem
1022 2522 1078 2549 Cic.
1091 2521 1124 2548 de

74 2563 168 2623 Orat.d
179 2562 292 2601 2,.263.
382 2560 438 2587 Cic.
468 2560 588 2586 Timaeo
619 2567 641 2584 c.
670 2567 687 2591 9
722 2557 851 2585 Bifariam
881 2558 1016 2585 contrarie
1046 2557 1124 2585 simul

70 2605 150 2633 proce
169 2602 250 2622 entia.

109 2638 126 2659 c
137 2639 157 2659 o
167 2639 190 2658 n
201 2638 250 2658 Ti<
259 2638 326 2658 Aizi
335 2636 364 2657 ο.
383 2629 466 2657 Aliud
479 2628 546 2656 Adu-
584 2629 654 2664 Nep.
666 2634 701 2662 18,
710 2638 728 2660 1,
743 2637 756 2663 ς
775 2630 809 2656 At
825 2628 893 2664 apud
914 2629 976 2670 illos
988 2629 1124 2670 contrario
1132 2640 1168 2668 70
1186 2642 1215 2658 ne
1222 2633 1345 2668 summum
1359 2635 1399 2658 ius
1408 2632 1506 2668 summa
1514 2633 1553 2667 fit
1565 2635 1672 2659 iniuria.
1709 2633 1771 2660 Stat.
1785 2633 1876 2660 Theb.
1891 2642 1923 2665 11,
1937 2637 1994 2665 682.

72 2677 153 2696 nemo
168 2666 200 2693 ad
214 2665 241 2693 id
255 2664 374 2693 officium
387 2666 547 2692 admittitur.
617 2665 737 2692 Scribon.
751 2675 773 2692 c.
788 2674 834 2698 199
859 2667 918 2692 Hoc
931 2674 1005 2692 enini
1019 2674 1124 2700 propri-

72 2714 118 2731 um
132 2703 168 2730 est
182 2702 345 2734 medicinae,
364 2708 390 2728 ct
404 2702 473 2728 illud
486 2701 678 2730 exsecratiffimi
689 2701 909 2736 pharmacopolae
929 2702 1066 2728 contrario
1079 2710 1126 2736 op-

73 2739 154 2776 positi
180 2738 278 2765 virtuti
298 2738 355 2765 eius
379 2737 557 2772 (medicinae)
576 2743 605 2764 vt
630 2744 655 2764 et
677 2737 707 2763 in
730 2738 839 2764 caeteris
859 2737 962 2764 artibus
977 2738 1124 2764 inuenitur.

73 2776 158 2804 Nulla
169 2774 242 2801 enim
254 2774 306 2807 est,
326 2783 394 2809 quae
411 2782 466 2800 non
478 2772 767 2801 habeabaduersatiteni
781 2773 830 2800 sibi
843 2774 887 2800 sua
902 2774 988 2808 specie
1003 2773 1125 2800 fimilitu-

75 2812 146 2839 dinis
166 2810 309 2845 malignam
335 2809 531 2845 profeffionem.

75 2847 155 2874 Tim.
170 2855 192 2873 c.
207 2854 235 2874 12
255 2845 313 2872 Post
325 2846 392 2873 iram
407 2852 433 2872 et
446 2851 564 2877 metum,
584 2851 610 2872 et
622 2845 740 2880 reliquos
754 2851 842 2872 motus
855 2854 940 2873 animi
959 2846 1070 2872 comites
1085 2846 1125 2872 su-

88 2883 228 2916 ¹eriorum,
242 2887 268 2909 et
286 2881 327 2908 his
347 2883 429 2909 etiam
443 2882 578 2908 contrario
597 2881 762 2908 diffidentes:
798 2883 869 2908 Plato
895 2881 996 2908 dixerat
1020 2882 1125 2908 ἐναντίως

73 2892 193 2947 §refirm-
227 2917 276 2945 Sed
282 2919 355 2954 vulgo
369 2917 452 2944 editur
465 2917 613 2944 contrarios
629 2929 634 2944 :
669 2928 718 2944 non
732 2917 798 2944 bene.
841 2918 898 2944 Vid.
912 2917 998 2952 Bofius
1010 2918 1045 2944 ad
1058 2919 1123 2953 Nep.

67 2956 90 2982 ’1.
104 2964 126 2981 c.
177 2953 373 2988 Campestribus
388 2954 454 2981 locis
475 2954 609 2980 contrario
627 2962 683 2980 non
701 2954 804 2988 possunt
823 2953 918 2981 haberi
936 2954 1030 2989 copiae
1052 2954 1123 2980 Vitr.

41 2996 43 2999 ’
73 2995 99 3024 8,
113 2998 124 3017 1
136 2995 200 3016 extr.
233 2991 276 3017 Sic
296 2993 392 3026 optimi.
427 2991 471 3016 ΑΙ.
492 2999 506 3016 e
520 2990 665 3016 contrario.

82 3054 85 3059 ,
111 3031 246 3052 CONTR
255 3032 349 3052 AR10
359 3045 367 3058 ,
384 3029 437 3053 are.
473 3025 583 3052 Infimae
615 3025 755 3053 latinitatis
783 3034 853 3058 vox,
873 3035 953 3061 quarn
987 3025 1124 3061 improbat

76 3060 177 3086 Vossius
190 3071 198 3092 ;
234 3060 355 3089 defendit
386 3061 524 3096 Scioppius
549 3061 694 3089 Animadu.
714 3071 739 3097 p.
758 3070 785 3096 9.
856 3062 925 3090 Add.
941 3062 1068 3097 Aquitan.
1090 3061 1122 3088 de

75 3096 194 3124 Promill‘.
207 3104 228 3127 2,
241 3104 279 3129 33.
397 3129 403 3132 ,

112 3137 388 3159 con‘riuicrvs
401 3152 410 3165 ‚
446 3131 499 3158 vid.
525 3130 668 3160 c'oN'riz
681 3140 779 3160 Ano.

116 3169 416 3200 CONTRAnico,
434 3167 480 3201 xi,
497 3167 585 3201 titum,
603 3171 657 3196 ere.

77 3204 112 3230 Vt
127 3211 210 3243 quum
224 3202 247 3228 is
256 3222 264 3234 ,
281 3204 328 3238 qui
340 3202 434 3230 audire
445 3203 542 3237 vellet,
557 3204 669 3237 dixisset,
685 3204 759 3239 quod
770 3204 820 3231 sibi
830 3204 985 3238 videretur,
999 3211 1057 3232 tum
1071 3214 1122 3239 ego

78 3238 295 3266 contradicerem.
365 3239 568 3267 Contradixerat
581 3241 705 3267 Metellus
724 3240 781 3267 Cic.
797 3241 851 3267 Att.
865 3249 885 3273 1,
899 3250 920 3273 1,
939 3249 977 3276 17.
1047 3239 1122 3268 Idem

78 3284 128 3311 pro
142 3275 216 3301 Rosc.
232 3275 321 3301 Amer.
334 3282 364 3308 93
388 3276 420 3301 Et
433 3275 565 3310 quidquid
579 3283 608 3303 tu
624 3276 835 3309 contradixeris,
853 3276 882 3303 id
894 3286 956 3303 cum
969 3276 1122 3304 defensione

74 3310 166 3338 nostra
179 3309 342 3336 contendito.
378 3312 436 3338 Alii·
442 3311 581 3346 separatim
592 3314 685 3348 legum,
699 3312 801 3338 Contra
813 3312 920 3339 dixeris.
981 3313 1039 3340 Sine
1051 3306 1124 3339 dubio

384 1741 450 1768 Plin.
469 1749 499 1773 14
512 1741 634 1767 Prooem.
665 1740 764 1767 Omnes
776 1750 791 1767 a
804 1748 922 1766 maximo
937 1738 1010 1767 bono
1023 1738 1164 1772 libera-45
1184 1743 1263 1769 Luxu
1277 1741 1443 1767 contractum
1456 1746 1511 1767 erat
1524 1741 1574 1766 Aes
1588 1740 1706 1767 alienum
1723 1741 1797 1767 Curt.
1814 1750 1850 1773 io,
1863 1750 1890 1775 2,
1903 1751 1929 1775 9.

1091 1919 1122 1945 In
1133 1926 1166 1952 50

1072 2098 1167 2132 Nbss

953 2276 1047 2311 Nempe
1058 2273 1124 2310 quod
1130 2275 1166 2300 60

494 2453 636 2486 [ἐναντίως]
673 2453 730 2479 Cic.
745 2453 778 2478 de
786 2453 866 2484 ,Orac
879 2460 905 2483 1,
926 2459 974 2484 140
993 2459 1015 2477 c.
1037 2459 1063 2482 31
1093 2451 1124 2476 In
1137 2457 1168 2489 65
1186 2453 1256 2488 prol.
1270 2461 1301 2486 52
1325 2452 1401 2486 Qiid
1414 2452 1578 2479 contraxistis
1593 2453 1728 2480 frontem?
1764 2454 1832 2481 Add.
1849 2455 1959 2489 Qiinct
1973 2465 2007 2490 11,
2020 2466 2043 2491 3,
2052 2464 2094 2493 78.

597 2812 670 2845 Qirz
689 2808 736 2845 ipfi
754 2809 880 2836 Ciceroni
892 2809 997 2851 *quidam
1010 2810 1125 2836 tribuunt
1136 2818 1169 2846 75
1186 2812 1317 2839 Morbum
1330 2813 1397 2839 Plin.
1411 2821 1451 2845 30,
1464 2817 1486 2842 8.

1136 2993 1168 3020 80
1185 2992 1249 3019 Silu.
1264 3001 1290 3025 4,
1304 3000 1330 3027 7,
1350 3003 1379 3027 4.

693 3169 850 3204 [ἀντιλέγω]
880 3169 950 3196 ⁷Cic.
963 3169 1047 3196 Tusc.
1061 3178 1071 3196 1
1081 3189 1089 3202 ‚
1109 3174 1122 3199 8
1139 3175 1168 3205 85
1184 3173 1288 3205 Poena,
1307 3181 1387 3207 quam
1399 3172 1448 3199 fibi
1462 3170 1508 3205 ipfi
1522 3169 1715 3196 contraxissent.

1185 1598 1268 1624 niodo
1295 1598 1335 1623 lac
1360 1597 1503 1624 contrahit.
1713 1595 1733 1633 fl
1760 1606 1773 1623 2
1810 1596 1969 1631 Substantiua
1989 1600 2077 1626 ordine
2100 1602 2242 1629 dementari

1185 1631 1290 1671 digesta.
1326 1633 1382 1660 Cic.
1397 1635 1435 1667 Q
1447 1634 1531 1660 Fratr.
1548 1641 1567 1664 1,
1581 1638 1623 1666 1,8
1641 1633 1767 1660 Constare
1780 1633 1850 1659 inter
1864 1643 1955 1661 omnes
1967 1635 2059 1668 video,
2075 1636 2120 1663 abs
2134 1643 2159 1664 te
2173 1639 2241 1664 sum-

1186 1679 1257 1696 mam
1273 1669 1398 1696 adhiberi
1410 1669 1596 1704 diligentiam,
1612 1669 1717 1695 nullum
1725 1670 1774 1695 Aes
1788 1669 1905 1696 alienum
1918 1679 2021 1697 nouum
2036 1673 2158 1700 contrahi
2174 1674 2241 1700 ciui-

1185 1705 1295 1737 tatibus,
1313 1711 1404 1732 vetere
1417 1712 1506 1732 autem
1518 1713 1615 1738 magno
1628 1710 1654 1731 et
1667 1705 1743 1739 graui
1757 1705 1852 1731 multas
1869 1705 1948 1733 abste
1957 1707 2138 1735 esselibcratas
2153 1710 2241 1736 vrbes.

1460 1777 1465 1781 ι
1610 1776 1616 1781 .
1769 1777 1774 1780 .
1984 1743 2050 1770 Plin.
2064 1752 2107 1778 34,
2122 1753 2145 1771 11
2166 1746 2241 1772 Ocis-

1184 1778 1247 1804 sime
1261 1786 1328 1803 vero
1345 1776 1479 1803 contrahit
1493 1785 1664 1803 coronarium
1677 1777 1848 1811 Aeruginem.
1889 1779 1947 1811 Sic,
1966 1779 2131 1807 Comi-ahere
2150 1790 2242 1808 muco.

1186 1822 1243 1840 rem
1256 1813 1393 1839 Columel.
1409 1821 1445 1846 12,
1459 1821 1486 1845 4.
1537 1813 1569 1838 Et
1584 1815 1610 1845 6,
1624 1820 1656 1847 27
1676 1813 1794 1839 Noxam.
1832 1814 1864 1839 Et
1882 1823 1911 1847 4,
1925 1822 1954 1849 17
1974 1815 2138 1843 Contrahere
2151 1817 2239 1844 litum.

1186 1849 1343 1875 Amicitiam
1355 1849 1442 1875 virtus
1455 1848 1589 1874 contrahit
1602 1847 1659 1875 Cic.
1675 1848 1707 1874 de
1721 1848 1805 1874 Amic.
1820 1857 1856 1881 49
1875 1858 1896 1876 c.
1914 1858 1953 1885 14.
2012 1851 2083 1878 Ides*
2100 1852 2133 1878 de
2145 1853 2242 1888 Legib.

1185 1894 1209 1918 2,
1223 1890 1250 1917 38
1271 1884 1300 1911 de
1314 1884 1418 1918 mufica,
1439 1885 1564 1919 Namque
1577 1889 1602 1910 et
1618 1884 1711 1910 incitat
1724 1884 1893 1919 languentes,
1913 1892 1939 1912 et
1952 1886 2076 1921 languere
2093 1888 2158 1915 facit
2171 1890 2242 1916 exci-

1185 1927 1269 1948 tatos:
1292 1926 1318 1947 et
1333 1926 1390 1947 tum
1404 1921 1519 1947 remittit
1533 1920 1660 1951 Animos,
1679 1926 1736 1946 tuni
1748 1919 1891 1947 contrahit.
1963 1923 2019 1949 Cic.
2035 1925 2168 1958 QFratr.
2183 1934 2210 1958 1,
2229 1933 2242 1952 ι

1185 1958 1357 1991 Qiapropter
1370 1956 1454 1983 hocte
1464 1956 1582 1990 primum
1595 1964 1679 1990 rogo,
1703 1964 1737 1982 ne
1749 1955 1888 1982 contrahas
1899 1962 1945 1984 aut
1964 1957 2085 1986 demittas
2104 1961 2241 1988 Animum.

1185 1993 1298 2019 Animus
1310 1992 1478 2019 contrahitur
1490 1991 1639 2018 formidine
1652 1992 1757 2018 Lucret.
1771 1999 1794 2025 5,
1810 1997 1876 2022 1218.
1948 1994 2010 2021 Liu.
2019 2003 2042 2028 5,
2052 2003 2083 2030 37
2103 1996 2241 2029 Tribuni,

1186 2038 1303 2063 quorum
1318 2028 1467 2054 temeritate
1481 2027 1585 2054 Bellum
1601 2027 1768 2054 contraEmm
1782 2033 1847 2060 erat,
1862 2027 1978 2056 summae
1992 2039 2082 2057 rerum
2095 2038 2243 2064 praeerant.

1185 2063 1406 2091 Beneuolentiain
1421 2073 1435 2090 a
1449 2064 1559 2098 persona
1573 2063 1662 2090 nostra
1675 2063 1751 2089 Au&
1765 2063 1798 2089 ad
1811 2064 1877 2089 Her.
1892 2072 1913 2095 i,
1925 2069 1964 2092 8..
2019 2066 2131 2092 Causam
2146 2067 2243 2094 mortis

1187 2100 1237 2126 sibi
1251 2100 1317 2126 Plin.
1333 2108 1367 2132 11,
1380 2108 1417 2132 19.
1490 2099 1551 2125 Liu.
1560 2107 1585 2132 7,
1597 2102 1631 2124 26
1651 2098 1694 2124 Ibi
1709 2098 1778 2123 circa
1791 2097 1901 2124 iacentis
1914 2098 1986 2125 Galli
1998 2108 2092 2136 corpus
2104 2103 2242 2130 contradio

1186 2135 1340 2161 Certamine
1356 2143 1444 2168 pugna
1462 2138 1539 2158 atrox
1561 2132 1720 2159 concitatur.
1791 2133 1858 2159 Plin.
1877 2141 1915 2166 12,
1930 2142 1960 2169 17
1978 2136 2009 2161 In
2022 2137 2121 2164 Arabia
2138 2144 2164 2165 et
2181 2139 2242 2166 olea

1187 2169 1295 2196 dotatur
1313 2170 1440 2200 lacrima,
1461 2176 1512 2202 qua
1527 2167 1750 2195 medicamentum
1763 2168 1904 2195 conficitur
1920 2169 2045 2204 singulari
2064 2173 2159 2200 effectu
2179 2183 2242 2201 con-

1186 2205 1322 2232 trahendis
1342 2204 1486 2231 vulnerum
1504 2202 1691 2229 Cicatricibiis.
1732 2204 1892 2230 Cicatricem
1909 2205 2036 2233 inducere
2057 2208 2120 2235 dicit
2141 2209 2243 2239 Celsus.

1184 2241 1246 2268 Liu.
1260 2248 1300 2274 25,
1313 2249 1342 2273 19
1368 2240 1444 2266 Metti
1462 2239 1550 2264 futuri
1569 2237 1709 2264 dedecoris
1725 2237 1744 2264 fi
1765 2239 1810 2265 sua
1829 2240 1979 2267 temeritate
1998 2244 2148 2271 001111ᾶὲ130
2161 2245 2241 2272 Cladi

1185 2277 1333 2310 superesset.
1369 2274 1595 2305 Commentarios,
1615 2276 1633 2299 i.
1646 2276 1674 2299 in
1687 2273 1832 2300 breuitatem
1844 2275 1955 2311 redigere
1969 2278 2101 2311 Qiint‘stil.
2114 2288 2143 2307 10
2165 2289 2182 2316 7
2205 2290 2240 2314 31.

1186 2312 1300 2345 Culpam
1321 2311 1411 2344 Papin.
1427 2309 1444 2335 l.
1459 2308 1559 2336 liberto
1583 2307 1700 2346 §.litem
1724 2309 1757 2336 D.
1779 2310 1811 2336 de
1825 2318 1914 2345 negot.
1929 2313 1991 2346 gest.
2062 2315 2119 2342 Cic.
2134 2301 2166 2344 εἷς
2180 2301 2240 2344 l'ssin,

1187 2354 1211 2378 5,
1225 2355 1253 2378 91
1277 2345 1337 2372 Nec
1350 2351 1501 2372 mercatura
1515 2345 1685 2380 quaestuosa,
1704 2344 1722 2371 si
1743 2346 1771 2372 in
1791 2347 1914 2373 maximis
1930 2349 2011 2375 lucris
2023 2359 2119 2385 parum
2136 2352 2241 2388 aliquid

1186 2381 1284 2408 Damni
1299 2381 1471 2408 contraxerit.
1527 2381 1649 2416 Digitum
1667 2382 1697 2407 iii
1709 2381 1834 2416 pollicem
1850 2383 1960 2416 Qun&
1974 2393 2008 2418 11,
2021 2395 2044 2419 3,
2058 2396 2101 2420 92.
2157 2388 2242 2416 Fron.

1186 2424 1241 2444 tem
1255 2417 1415 2444 contrahunt
1427 2417 1558 2452 subirati,
1578 2424 1602 2443 ct
1616 2417 1703 2453 quibus
1722 2418 1821 2454 aliquid
1837 2429 1885 2445 non
1906 2421 2001 2454 placet.
2043 2423 2126 2450 Plaut.
2141 2424 2240 2460 Amph.

2163 2460 2239 2488 Idem

1186 2497 1213 2524 7,
1229 2497 1249 2521 1,
1265 2497 1291 2522 53
1320 2488 1481 2515 Inimicitias
1500 2489 1595 2515 domui
1608 2495 1784 2516 contraxeras,
1856 2491 1990 2519 Inuidiam
2004 2493 2032 2519 in
2044 2495 2100 2521 vita
2112 2495 2191 2522 Auci.
2207 2496 2241 2524 ad

1185 2527 1250 2553 Her.
1263 2536 1292 2558 4,
1305 2532 1347 2557 50.
1402 2526 1473 2551 Iram
1485 2525 1598 2552 alicuius
1611 2525 1660 2552 sibi
1674 2525 1756 2552 Ouid.
1769 2527 1835 2553 Met.
1847 2535 1874 2559 2,
1888 2529 1948 2553 660.
1999 2529 2056 2557 Iter
2074 2531 2240 2564 contrahere,

1185 2564 1204 2588 i.
1216 2561 1315 2587 breuius
1322 2561 1428 2597 facere,
1451 2567 1495 2587 aut
1503 2567 1641 2596 properare
1654 2561 1773 2596 Propert.
1785 2571 1808 2594 3,
1823 2570 1865 2592 20,
1881 2571 1919 2590 12.
1989 2565 2052 2593 I'ura
2071 2567 2229 2595 contrahere

1177 2596 1312 2633 fignificat
1324 2595 1492 2630 austeritatem
1505 2600 1586 2632 legum
1600 2603 1749 2632 temperare,
1767 2604 1791 2624 et
1803 2600 1886 2624 minus
1899 2608 1970 2634 quam
1978 2607 2029 2635 pro
2043 2604 2146 2637 imperio
2158 2588 2240 2641 agere:

1186 2668 1241 2703 gib.
1254 2677 1277 2701 3,
1291 2671 1308 2695 6
1326 2668 1398 2695 Lites
1412 2668 1558 2695 contraditis
1574 2668 1719 2710 iudicantt),
1789 2669 1871 2696 Plaut.
1886 2669 1969 2696 Casin.
1980 2680 2004 2704 3,
2017 2680 2043 2705 2,
2055 2639 2176 2705 35¹3&ss
2187 2640 2239 2709 {⁴th

1185 2704 1292 2739 aliquid
1312 2703 1468 2731 contrahere
1488 2705 1567 2740 cupio
1580 2704 1678 2739 Litigii
1696 2710 1767 2732 inter
1780 2713 1825 2731 cos
1838 2705 1914 2733 duos.
1984 2708 2051 2734 Cels.
2065 2717 2094 2741 2,
2108 2718 2118 2735 1
2142 2710 2237 2736 Hiems

1188 2746 1277 2767 autem
1290 2741 1383 2775 capitis
1398 2740 1519 2774 dolores.
1538 2739 1622 2767 tuffim
1630 2760 1637 2772 ,
1656 2746 1683 2767 et
1695 2740 1827 2776 quidquid
1846 2741 1874 2767 in
1888 2741 2024 2774 faucibus,
2048 2744 2076 2770 in
2090 2744 2236 2771 visceribus

1186 2776 1255 2804 Mali
1269 2776 1451 2808 contrahitur,
1469 2777 1568 2804 irritat.
1640 2777 1775 2804 Molestias
1787 2776 1946 2803 liberalitate
1954 2778 1997 2804 sua
2011 2779 2066 2805 Cic.
2075 2780 2147 2806 Fam.
2161 2789 2187 2812 2,
2201 2774 2236 2813 15.

1555 2813 1711 2846 Mucorem,
1731 2813 1784 2839 vid.
1799 2813 1977 2846 Aeruginem,
1988 2814 2078 2849 supra.
2150 2816 2235 2842 Nefas

1187 2849 1246 2875 Liu.
1259 2855 1282 2881 5,
1297 2856 1331 2881 15.
1401 2848 1574 2881 Cottum—lm,
1588 2855 1622 2883 27
1643 2849 1695 2875 Aut
1709 2848 1727 2875 fi
1741 2848 1769 2875 id
1781 2848 1867 2874 facere
1881 2848 2090 2883 prohibeantur,
2106 2852 2235 2886 cupidine

1186 2884 1329 2916 felicitati,
1359 2884 1466 2911 Noxam
1495 2883 1653 2911 contrahant
1664 2904 1672 2916 ‚
1704 2888 1721 2910 i.
1741 2883 1855 2910 incidant
1877 2887 1904 2909 iu
1926 2885 2043 2911 morbum.
2095 2888 2136 2912 De
2157 2891 2236 2923 equis.

1186 2920 1288 2947 Odium
1306 2920 1385 2947 Αιιξὶτ.
1399 2920 1432 2947 ad
1446 2921 1511 2947 Her.
1523 2929 1557 2953 4,
1576 2927 1616 2953 50.
1686 2921 1743 2947 Cic.
1760 2919 1791 2945 de
1806 2920 1910 2945 Inuent.
1931 2928 1958 2951 1,
1978 2928 2014 2954 24
2043 2921 2070 2947 Si
2090 2922 2233 2957 turpitudo

1185 2957 1276 2983 causae
1289 2955 1428 2984 contrahet
1442 2956 1629 2983 Offenfionem.
1700 2956 1773 2989 Opus
1793 2955 1883 2989 ingens
1901 2954 1930 2983 in
1943 2955 2061 2983 minores
2079 2967 2158 2992 gyros
2171 2959 2235 2986 Stat.

1450 2993 1506 3019 Cic.
1527 2992 1556 3018 in
1570 2990 1660 3018 Partit.
1674 2999 1703 3022 23
1726 3000 1746 3017 c.
1761 2996 1779 3024 7
1804 2991 1880 3024 Qiae
1900 2989 2062 3025 simplicibus
2082 2994 2173 3020 verbis
2195 2995 2234 3021 ita

1185 3028 1329 3061 traslatur,
1350 3034 1378 3055 vt
1391 3035 1436 3055 aut
1450 3037 1481 3055 ex
1495 3028 1580 3055 verbo
1595 3026 1734 3058 dilatetur,
1751 3031 1796 3052 aut
1814 3027 1843 3052 in
1857 3026 1971 3053 verbum
1985 3028 2155 3057 contrahatur
2175 3039 2234 3058 ora-

1185 3065 1234 3091 tio.
1272 3065 1345 3101 Conf.
1360 3064 1494 3099 Qinffil.
1509 3073 1542 3096 11,
1557 3072 1576 3094 1,
1591 3070 1632 3096 45.
1703 3061 1854 3088 Periculum
1868 3061 1929 3088 Liu.
1943 3071 1971 3095 2,
1987 3072 2026 3095 23.
2095 3066 2234 3094 Piaculum

1184 3100 1250 3133 sibi,
1270 3107 1296 3128 et
1308 3101 1480 3135 Reipublicae
1499 3099 1558 3126 Liu.
1572 3106 1595 3130 5,
1610 3105 1649 3131 52.
1721 3098 1847 3124 Pituitam
1860 3098 1928 3124 Cels.
1940 3107 1973 3131 4,
1995 3107 2016 3131 5.
2039 3102 2058 3126 i:
2071 3104 2174 3138 gig-nere
2190 3103 2234 3129 vel

1184 3136 1282 3173 angere.
1339 3138 1427 3167 >Caes.
1449 3135 1511 3162 Bell.
1531 3133 1599 3160 Gall.
1620 3138 1651 3165 8,
1669 3141 1703 3159 22
1732 3133 1780 3159 Sed
1799 3139 1885 3159 tamen
1904 3134 1929 3159 se
1947 3141 2100 3163 contentum
2120 3137 2180 3164 fore
2202 3146 2233 3165 ea

1785 3169 1909 3203 Paecepta
1924 3169 1952 3195 in
1964 3180 2047 3198 vnum
2063 3172 2144 3205 Ouid.
2155 3174 2230 3200 Rem.

1185 3209 1278 3236 Amor.
1292 3217 1356 3242 424,
1427 3208 1530 3238 Situm,
1550 3205 1602 3231 vid.
1617 3204 1795 3239 κλει-1181110111,
1812 3204 1899 3240 fiipra.
1971 3207 2112 3242 Tempora
2126 3209 2232 3235 dicendi

1182 3244 1318 3278 QiinGtil.
1331 3246 1358 3277 6,
1373 3251 1396 3277 ς,
1409 3252 1437 3276 4.
1487 3241 1552 3268 Plin.
1568 3241 1596 3267 in
1607 3241 1700 3274 Paneg.
1713 3248 1749 3272 49
1773 3240 1836 3266 Non
1850 3240 1937 3275 ipsum
1951 3241 2073 3277 Tempus
2084 3245 2230 3279 epularum

1186 3285 1306 3313 tuarum,
1326 3288 1407 3315 quum
1419 3277 1558 3312 frugalitas
1577 3275 1729 3306 contrahat,
1748 3275 1867 3302 extendit
1887 3275 2056 3306 humanitas?
2128 3281 2183 3306 Cic.
2195 3279 2229 3306 de

1186 3315 1283 3342 Natur.
1297 3317 1378 3342 Deor.
1389 3323 1415 3346 2,
1429 3322 1472 3340 102
1490 3314 1521 3339 Et
1536 3311 1617 3338 modo
1631 3311 1769 3343 accedens,
1788 3317 1845 3338 tum
1863 3319 1951 3339 autem
1970 3315 2093 3341 recedens
2111 3315 2184 3341 binas
2199 3316 2229 3341 iii

76 3354 156 3375 autem
170 3345 328 3372 diuidendum
343 3343 376 3378 est
389 3348 418 3372 in
428 3346 470 3372 illo
491 3346 548 3373 Cic.
555 3347 638 3374 Tiisc.
653 3356 676 3380 3,
689 3355 719 3381 71
738 3357 761 3374 c.
775 3356 806 3380 29
831 3348 868 3378 Ex
881 3357 936 3382 quo
951 3348 1123 3383 intelligitur,
1131 3360 1166 3385 90
1185 3351 1292 3386 singulis
1305 3351 1379 3378 annis
1393 3348 1555 3376 reuersiones
1569 3347 1602 3374 ab
1616 3353 1734 3373 extremo
1748 3348 1892 3375 contrarias
1909 3349 1976 3376 facit
1989 3360 1995 3376 ε
2022 3360 2133 3385 quarum
2147 3350 2174 3376 in
2188 3350 2228 3376 in·

77 3391 133 3411 non
152 3382 180 3408 in
198 3389 312 3413 natura,-
328 3380 371 3407 sed
390 3381 419 3408 in
432 3382 562 3417 opinione
576 3384 624 3410 elle
639 3383 843 3418 aegritudinem.
879 3385 980 3410 Contra
996 3383 1123 3411 dicuntur

78 3417 150 3445 haec.
186 3417 254 3451 Qiis
272 3423 326 3443 tani
344 3416 466 3450 demens,
485 3423 513 3444 vt
532 3419 577 3445 sua
595 3419 734 3446 voluntate
753 3420 895 3446 moereat?
948 3418 1124 3456 Dilliizguitur

78 3457 152 3481 otram
167 3463 216 3488 pro
231 3453 335 3480 Cluent.
350 3456 395 3487 134
414 3462 435 3480 c.
448 3458 483 3487 48
508 3454 536 3481 Si
548 3454 608 3490 quis
628 3461 720 3482 contra
736 3454 824 3481 dicere
837 3455 932 3487 vellet,
949 3456 1060 3482 vsurum
1075 3455 1124 3482 effe

79 3498 140 3517 euin
153 3489 200 3519 suo
213 3488 376 3516 testimonio.
606 3509 621 3514 ,

120 3530 137 3551 c
149 3531 198 3552 ΟΝ
209 3531 231 3551 Τ
243 3532 260 3552 R
271 3532 291 3552 A
301 3529 425 3552 D1CTv
435 3531 448 3551 S
457 3544 466 3557 ,
496 3532 540 3557 as
556 3533 611 3553 um.
655 3525 750 3553 Partic.
785 3525 798 3559 [
812 3525 1020 3560 ἐπιλεγόμενος]

80 3559 212 3594 Qintffil.
231 3569 351 3595 prooem.
371 3571 404 3594 4,
422 3561 439 3586 6
466 3559 613 3588 Diffoluere
636 3560 808 3588 contradiEm.
864 3563 945 3588 Etiam
964 3562 1010 3588 hoc
1023 3560 1123 3596 diuiJim

79 3597 173 3624 editur.
227 3595 427 3625 Contradifihim
441 3595 572 3623 iudicium
590 3596 608 3624 Ι.
620 3604 654 3631 34
674 3596 701 3623 ff.
714 3596 747 3622 de
759 3596 790 3623 L.
804 3597 834 3623 L.
852 3599 871 3623 i.
885 3597 1069 3633 contentiosum.

117 3638 134 3659 c
145 3636 164 3657 ο
175 3636 198 3656 Ν
207 3636 285 3658 TRA
295 3640 332 3660 ni
343 3638 360 3659 c
374 3638 396 3658 'r
408 3638 418 3658 1
429 3637 448 3658 ο
458 3651 468 3665 ,
488 3632 558 3658 anis.
595 3632 615 3659 f.
651 3632 818 3669 [dm-amia]
853 3632 984 3666 Quinctil.
997 3642 1028 3666 2,
1042 3641 1080 3667 17,
1092 3634 1124 3665 36

78 3667 220 3694 Ponuntur
240 3665 290 3694 hae
302 3677 412 3704 quoque
429 3668 458 3694 in
477 3666 590 3694 secundo
603 3667 743 3694 Ciceronis
758 3666 917 3695 de‘Oratore
932 3667 1004 3695 libro
1021 3675 1125 3696 contra-

82 3702 230 3734 dictiones,
249 3705 267 3728 i.
282 3702 436 3731 abiectiones.

81 3778 123 3807 43*
135 3772 246 3808 Aliquid
259 3773 360 3800 crebris
373 3774 629 3805 contradithionibus
643 3774 784 3801 destrucre.

89 3818 94 3823 ·
121 3815 141 3850 q
150 3814 170 3835 o
180 3815 203 3835 N
212 3814 234 3834 ‘r
243 3815 263 3836 R
271 3816 337 3837 AD1
347 3815 365 3836 c
375 3817 425 3838 To
434 3818 454 3838 R
462 3831 470 3843 ,
490 3812 554 3838 oris.
590 3820 625 3837 in.
662 3811 794 3837 Ammian.
808 3818 842 3841 31,
855 3818 891 3842 40
910 3809 1124 3838 Contradieioris

83 3845 309 3913 {2⁹35ffi‘21,
321 3844 838 3913 5‘tfitiiw‘i⁰.”.{{³?33{?{.ta‡{2:5¹¹⁰
850 3844 1022 3880 ³¹⁰¹'⁹“¹¹‘¹¹'⁶'
1058 3846 1125 3882 ³¹¹⁸·

238 3915 263 3944 V
270 3922 291 3944 ο
299 3920 326 3944 1..
361 3917 385 3944 1.

131 3739 136 3743 ι
507 3702 774 3730 Contradictionibus
793 3703 965 3737 respondere,
983 3713 1124 3731 occurrere
1133 3709 1258 3736 iooidem
1295 3705 1440 3734 Contrahcs
1460 3712 1540 3732 vento
1559 3705 1672 3732 nimium
1692 3706 1804 3731 secundo
1839 3703 1962 3738 Turgida
1984 3704 2050 3730 vela.

55 3771 60 3774 ,
83 3737 194 3772 Qun&
207 3745 231 3770 5,
245 3745 280 3770 13,
292 3743 325 3768 28
340 3739 378 3774 sq.
403 3746 428 3766 et
446 3741 478 3772 36
496 3739 534 3774 sq.
569 3738 639 3766 Add.
652 3744 691 3771 38,
704 3746 744 3773 27.
765 3747 794 3772 4,
808 3746 832 3771 2,
843 3747 886 3772 29.
921 3739 1069 3766 Taennn.
1083 3749 1125 3774 14,

1185 3387 1316 3420 teruallo,
1333 3393 1390 3413 tum
1412 3384 1483 3420 quasi
1499 3384 1610 3411 ‚tristitia
1629 3382 1742 3417 quadam
1762 3383 1896 3411 contrahit
1913 3391 2027 3419 terram,
2048 3393 2103 3412 tum
2118 3385 2228 3412 vicillim

1184 3422 1322 3456 laetificat,
1340 3428 1368 3448 vt
1383 3423 1443 3447 cuni
1458 3419 1532 3446 caelo
1546 3418 1657 3445 hilarata
1674 3418 1805 3445 videatur.
1846 3420 1904 3446 isid.
1919 3430 1945 3447 n.
1961 3430 1971 3448 1
1990 3431 2018 3447 ex
2031 3422 2085 3448 Cic.
2099 3421 2170 3447 Lael.
2184 3426 2227 3453 48.

1186 3459 1252 3485 Pliii.
1267 3467 1312 3491 24,
1325 3459 1342 3484 6
1368 3456 1480 3483 Inuenio
1499 3460 1564 3490 potu
1584 3454 1694 3481 modico
1706 3454 1860 3482 Tristitiam
1880 3457 1964 3483 animi
1981 3457 2094 3488 resolui,
2111 3456 2227 3491 largiore

1187 3494 1318 3522 contrahi.
1389 3491 1456 3518 Cels.
1474 3499 1498 3524 3,
1519 3495 1544 3521 18
1577 3490 1698 3517 Alterum
1722 3499 1803 3525 genus
1823 3491 1940 3519 insaniae
1955 3492 2006 3525 est,
2025 3491 2095 3526 quod
2112 3491 2227 3526 spatium

1070 3527 1122 3565 VJ,
1138 3533 1171 3560 95
1186 3529 1291 3565 longius
1311 3528 1420 3562 recipit,
1440 3527 1504 3562 quia
1518 3526 1574 3555 fere
1589 3525 1642 3552 sine
1658 3526 1735 3553 febre
1754 3526 1864 3561 incipit,
1883 3527 1953 3554 leues
1972 3527 2066 3553 deinde
2082 3526 2227 3554 febriculas

1183 3568 1298 3598 excitat,
1317 3571 1343 3590 et
1358 3562 1473 3590 consistit
1485 3562 1513 3588 in
1526 3561 1670 3595 Tristitia,
1691 3571 1769 3597 quam
1784 3563 1890 3590 videtur
1909 3563 1969 3589 bilis
1989 3568 2043 3588 atra
2061 3562 2226 3590 contrahere.

1164 3613 1167 3619 Ι
1185 3600 1376 3629 Valetudinem
1386 3598 1522 3625 aduersam
1535 3597 1691 3625 contrahere
1702 3607 1734 3626 ex
1748 3607 1777 3625 re
1789 3598 1877 3633 aliqua
1890 3599 1953 3625 Plin.
1961 3598 2038 3631 Epist.
2047 3603 2114 3631 7‚i8.
2149 3598 2229 3630 Vela,

1180 3644 1230 3673 pro
1243 3638 1383 3672 Reprimerss
1395 3635 1464 3670 sese,
1484 3641 1507 3659 et
1520 3637 1619 3660 cautius
1631 3643 1703 3670 agere
1723 3635 1778 3661 Cic.
1793 3636 1846 3661 Att.
1864 3643 1888 3664 1,
1904 3641 1927 3665 13
1954 3634 2083 3659 Contraxi
2093 3633 2154 3660 vela
2167 3642 2226 3668 per·

1311 3672 1316 3676 “
1378 3670 1383 3675 ’
1451 3670 1456 3674 ”
1719 3671 1813 3696 Horat.
1829 3670 1916 3695 Carni.
1929 3677 1960 3700 2,
1981 3677 2019 3700 10,
2032 3676 2066 3694 22
2090 3669 2227 3703 Sapienter

2117 3706 2226 3731 Sumeum

1185 3754 1202 3772 a
1217 3745 1317 3774 nautis,
1331 3745 1374 3777 qui
1387 3741 1552 3768 vehementius
1558 3742 1675 3777 spirante
1694 3749 1765 3767 cento
1784 3741 1837 3766 vela
1849 3740 2013 3771 contrahunt,
2030 3748 2077 3775 quo
2090 3743 2169 3766 tutius
2183 3749 2227 3766 na-

1184 3783 1288 3816 vigent:
1311 3784 1384 3803 vetito
1397 3777 1552 3814 languidiore
1559 3777 1686 3812 pandunt,
1700 3783 1826 3811 captantes
1840 3784 1932 3800 auram.
1967 3776 2062 3810 Ereijm.
2075 3777 2103 3801 in
2117 3773 2224 3802 Chiliad.

1185 3816 1252 3843 Plin.
1268 3822 1310 3845 22,
1326 3822 1354 3839 10
1377 3812 1425 3847 Ipsi
1443 3812 1538 3839 nucleo
1548 3814 1660 3845 viuunt,
1677 3821 1768 3846 panem
1787 3811 1912 3836 facientes
1932 3810 2096 3843 praedulcem
2105 3817 2158 3871 ,bet
2177 3808 2225 3843 qui

2061 3847 2111 3872 Vni
2132 3853 2172 3871 ras
2184 3852 2225 3870 re-

1185 3674 1296 3708 spiciens
1310 3679 1429 3705 inopiam
1448 3669 1585 3704 iudicum,
1602 3676 1648 3696 etc.

1178 3849 1324 3877 .c0ntrahat
1338 3850 1480 3881 Ventrem,
1500 3852 1519 3874 i.
1533 3847 1691 3884 adstringat:
1712 3848 1868 3873 Contrarium
1880 3845 1989 3871 Laxarc.

1135 3892 1180 3919 105
1187 3896 1246 3915 rum
1261 3884 1393 3912 contraxit
1407 3884 1462 3912 dies
1476 3885 1580 3911 medius
1598 3883 1680 3912 Ouid.
1695 3882 1726 3909 de
1739 3883 1801 3909 Arte
1811 3881 1870 3906 Am.
1883 3889 1912 3912 3,
1927 3888 1982 3915 7²3·
2019 3882 2111 3916 Nempe
2127 3887 2172 3915 quo
2184 3878 2227 3914 sol

2149 3915 2227 3940 altio.-

1489 3920 1546 3956 71²
