2474 4182
45 152 125 191 ¹041
446 132 480 174 C
562 131 598 172 O
685 129 734 169 M

42 238 99 256 mus
117 227 185 255 Suet.
210 224 285 259 Vesp.
302 232 325 250 c.
352 231 394 250 22.
421 222 464 249 vbi
477 229 558 248 tamen
572 221 605 246 al.
624 220 698 245 aliter
710 217 757 256 leg.
831 216 913 243 Senex
928 215 1086 242 comiss‘unus

43 264 119 299 Apul.
138 264 201 289 Met.
222 269 243 286 ιι
266 269 291 294 p.
310 261 358 288 26ss
379 259 463 292 <Pric-
484 260 546 291 255)
579 252 737 282 Comissimis
753 251 846 279 affatur
859 252 1027 279 sermonibus
1047 251 1086 278 ld.

46 309 73 327 ιο
86 308 111 334 p.
125 305 175 331 247
193 300 259 329 (2²4
272 295 358 326 Prie.)
665 323 671 328 ⁴

79 341 96 361 c
105 341 123 360 o
132 340 156 359 M
167 340 174 357 1
185 338 197 359 S
207 339 219 358 s
228 339 247 359 ο
257 338 276 358 R
285 351 293 364 ‚
311 330 364 357 vid.
373 327 430 365 pqli
443 328 555 354 deriuata
569 334 580 350 e
594 325 695 362 Comis.

78 375 95 396 c
107 375 126 395 0
135 375 159 394 M
170 366 182 393 ἰ
192 374 213 394 T
223 374 244 393 Α
253 375 265 393 S
275 387 282 399 ,
301 367 360 392 Stis.
378 366 399 391 f.
434 365 447 397 [
454 359 629 396 φιλοφροσύνη,
647 360 833 394 ἑυπροσηγσριά]
871 359 1029 395 Benignitas,
1037 356 1085 393 fa-

21 396 22 421 3
41 406 132 432 cilicas.
169 403 226 429 Cic.
242 402 273 429 de
286 400 372 429 Finib.
387 407 409 433 ς,
423 402 453 431 65
478 394 594 424 Iustitiae
614 395 671 421 sum
690 395 829 421 adiunc'iae
850 395 947 428 pictas,
966 393 1085 420 liberali-

21 426 23 475 l
41 447 76 467 tas
86 459 95 472 ,
116 439 281 473 benignitas,
300 436 423 466 comitas,
444 440 562 468 quaeque
577 432 635 457 sunt
648 430 751 466 generis
764 430 891 456 eiusdem.
964 429 1083 456 Comitas

40 481 65 502 et
93 474 232 501 affabilitas
251 472 377 500 sermonis
402 470 454 497 Cic.
474 467 527 494 Off.
546 475 570 498 2,
584 472 626 500 48.
699 467 833 493 Comitate
845 465 957 500 quadam
972 463 1083 491 curandi

41 511 207 546 prouinciam
231 509 313 536 tenuit
338 508 405 534 Tac.
426 503 514 543 Agric.
540 506 577 535 16,
593 512 625 542 ⁸4.
698 503 754 528 Cic.
778 502 810 528 de
825 502 898 528 Orat.
913 509 939 532 2,
952 508 998 533 343
1020 500 1084 525 Sunt

21 561 23 568 .
40 547 111 573 euim
126 547 193 573 aliae
208 546 333 575 virtutes,
354 549 418 576 quac
444 538 569 565 Videntur
591 548 619 564 m
637 538 758 564 moribus
776 537 916 564 hominum
929 541 954 562 et
970 534 1083 570 quadam

21 577 163 615 leomitate
182 590 211 608 ac
232 576 401 607 beneficentia
421 575 526 609 positae.
584 574 640 601 Cic.
662 574 694 600 de
710 574 817 600 Amicit.
833 575 864 603 68
888 573 918 600 Et
932 570 965 598 ad
976 579 1085 598 omnem

16 630 23 637 ι’
40 618 191 644 comitatem
205 616 410 646 facilitatemque
425 610 581 645 procliuior.
654 610 711 636 Cic.
726 610 779 636 Att.
792 612 826 641 6,
842 611 859 635 6
886 607 1013 634 Mulieres
1026 606 1085 642 qui-

16 637 23 681 ,¹
42 653 100 679 deni
113 653 190 680 valde
204 651 324 684 intelligo
337 646 462 674 delectari
476 646 605 682 obsequio
618 651 643 671 ct
656 646 781 672 comitate
795 643 974 671 adolescentis.
1044 642 1086 668 Se-

15 674 24 724 l
42 689 181 715 veritatem
200 687 401 718 comitatemque
421 683 546 714 miscere,
564 690 596 708 nc
617 682 661 708 illa
682 682 709 707 in
723 681 875 712 tristitiam,
893 679 956 705 haec
973 679 1001 705 in
1014 683 1087 713 petu-

22 732 24 758 ς
44 724 153 750 lantiam
166 722 287 758 procedat
309 719 375 746 Plin.
391 718 469 753 Epist.
483 724 504 748 8,
519 727 555 749 21,
569 727 587 744 1.
663 718 753 752 Nepos
767 724 807 749 25,
823 724 858 747 15,
872 724 881 741 ι
903 714 1087 741 Comitaseius

476 755 532 781 Cic.
553 754 581 780 in
593 753 667 779 Orat.
683 761 716 785 34
739 752 812 785 Quid
827 751 899 776 enim
912 757 966 776 tam
980 750 1088 782 distans,

516 789 554 816 ld.
569 790 597 815 in
613 789 683 815 Brut.
701 793 745 820 148
773 788 879 814 Summa
897 795 951 812 non
965 786 1036 812 vitae
1050 787 1087 811 so-

837 821 988 849 Verborum
1004 822 1087 848 comi-

1014 858 1084 883 Suet.

15 767 24 792 ,ῑ
41 768 94 786 non
113 759 165 786 fine
184 757 320 785 seueritate
339 761 403 782 erat.

16 794 24 826 »1
40 804 118 830 quam
132 804 147 821 a
162 794 298 821 seueritate
311 792 422 818 comitas
436 791 445 817 3

15 841 24 864 μ
38 831 94 858 lum
108 836 184 865 atque
195 836 319 860 naturae,
340 827 384 853 scd
403 825 534 853 orationis
555 825 635 851 etiam
648 823 767 861 comitaS.

15 854 24 895 i
39 873 77 893 tas
98 859 152 893 Cic'.
172 864 204 891 de
223 864 298 891 Orat.
311 872 335 894 2,
350 868 400 893 182.
428 864 496 888 inter
506 861 588 887 modos
603 859 769 892 homiues-sibi
781 858 941 884 conciliiviili.

17 948 19 951 ’
37 946 113 973 quam
139 936 215 964 Nero
239 935 369 962 necandae
389 934 469 961 matri
488 933 678 963 destinauerat,
698 930 731 957 ad
753 930 908 956 auertendas
923 929 1085 962 suspiciones

36 981 141 1000 coenam
156 973 264 1007 vtrique
277 970 487 1006 exquisitissimae
500 969 631 995 comitatis
645 965 726 992 dedit.
796 966 838 992 Sic
858 964 1038 991 Remiffissimo
1051 964 1083 991 ad

35 1008 121 1037 otium
138 1014 163 1034 et
177 1017 284 1034 omnem
299 1007 451 1033 comitatem
466 1005 556 1031 animo
576 1004 645 1030 Suet.
660 1002 727 1036 Aug.
742 1010 763 1027 c.
778 1006 819 1034 98.
889 1002 920 1027 Et
933 1009 956 1026 c.
966 1009 992 1033 33
1009 1001 1083 1026 Tan-

18 1049 19 1052 ’
35 1051 60 1071 ta
73 1045 198 1071 comitate
214 1043 368 1070 adeuntium
382 1041 508 1068 desideria
523 1039 654 1074 excipiens
664 1058 670 1069 ‚
687 1044 716 1064 vt
729 1036 862 1072 quendam
876 1036 937 1063 ioco
948 1036 1083 1070 corripue-

16 956 24 1028 -L,

35 1124 104 1151 pem.
179 1117 208 1141 Et
224 1125 245 1142 c.
259 1123 296 1150 74
316 1116 432 1141 Coenam
454 1112 535 1138 tcrnis
556 1110 681 1142 terculis,
702 1116 747 1136 aut
770 1118 855 1143 quum
876 1107 995 1138 abunde,
1016 1107 1084 1147 senis

34 1151 177 1187 praebebat
186 1171 194 1184 ,
214 1158 242 1178 vt
256 1160 309 1177 non
323 1150 409 1176 nimio
423 1150 526 1180 sumtu,
547 1147 583 1174 ita
597 1148 697 1173 summa
710 1145 844 1172 comitate.
915 1144 977 1170 Erat
989 1143 1018 1168 in
1033 1142 1082 1183 illo

34 1188 95 1215 viro
111 1188 234 1214 comitate
247 1187 362 1222 grauitas
375 1185 480 1212 condita
500 1184 555 1210 Cic.
571 1183 602 1209 de
615 1181 714 1209 Sene&
737 1190 774 1213 19.
844 1180 949 1206 Summa
968 1185 1084 1213 grauitas

33 1233 94 1251 cum
109 1223 234 1258 singulari
247 1223 370 1250 comitate
382 1219 524 1248 coniuncta
544 1220 600 1246 Cic.
616 1220 655 1252 Q
665 1219 748 1244 Fratr.
763 1226 781 1247 ι,
796 1225 814 1242 ι.
868 1215 1083 1255 Aspergeregra-

33 1259 112 1286 vitati
126 1260 293 1292 comitatem,
313 1257 366 1285 vid.
376 1263 528 1285 ASPERGO.
903 1287 907 1290 ²
924 1287 929 1290 Ι

35 1296 63 1322 di
77 1296 202 1322 comitate
223 1296 283 1321 Liu.
299 1303 318 1327 ι,
333 1303 374 1327 34.
445 1291 580 1319 Conciliat
592 1291 693 1317 animos
707 1289 817 1316 comitas
830 1286 1025 1321 affabilitasque
1035 1287 1083 1313 ser-

35 1331 123 1358 monis
142 1331 198 1358 Cic.
213 1331 266 1357 Off.
280 1339 306 1362 ι,
319 1335 360 1363 48.
433 1328 563 1355 Diilbluta
580 1327 689 1353 comitas
702 1332 727 1352 et
740 1323 874 1351 austeritas
889 1322 986 1355 tristis,
1005 1322 1084 1358 εχιτ-[Ξ

29 1367 145 1403 jus-fiant
158 1370 278 1393 virtutum
291 1364 403 1392 doeloris
422 1363 553 1398 Qiinetil.
568 1371 594 1395 2,
610 1371 632 1395 2,
646 1371 666 1394 ς.
738 1359 843 1386 Habere
858 1358 959 1398 nullam
973 1359 1084 1385 eomita-

22 1408 88 1429 ltem
103 1403 231 1429 sermonis
251 1403 306 1429 Cic.
321 1401 374 1429 Off.
388 1410 408 1433 1,
423 1409 478 1433 109.
552 1399 611 1425 Liu.
627 1406 649 1431 ς,
662 1405 675 1429 3
697 1396 740 1423 Ne
754 1403 802 1420 nos
817 1400 942 1420 comitate
956 1400 981 1420 et
997 1395 1083 1420 muni-

37 1438 140 1465 ficentia
153 1438 240 1465 nostra
253 1446 427 1473 prouocemus
440 1435 553 1471 plebem.

36 1474 280 1509 benignitatemque
295 1474 408 1500 Senatus.
766 1502 771 1506 .

72 1517 89 1536 C
98 1517 117 1536 0
125 1517 150 1536 M
159 1509 172 1537 ῐ
180 1517 202 1537 Τ
210 1518 226 1536 15
236 1518 261 1536 R,
284 1509 350 1536 Adn,
389 1503 573 1541 [φιλοφρόνως]
608 1502 703 1530 Hilare
714 1511 743 1529 ac
753 1501 869 1528 libenter
877 1521 884 1533 ,
905 1504 989 1538 inquit
995 1502 1083 1529 Varro

33 1544 66 1571 de
79 1545 108 1571 L.
121 1546 150 1572 L.
165 1548 192 1577 6,
207 1553 220 1578 ,-
233 1555 256 1580 p.
271 1553 305 1579 79
320 1544 445 1578 explicans
458 1539 522 1567 ill-ud
533 1538 629 1572 Ennii,
653 1539 680 1565 Si
701 1538 776 1564 voles
793 1537 933 1564 aduertere
952 1538 1083 1571 animum,

34 1581 147 1607 comiter
158 1580 353 1607 monstrabitur.
424 1576 549 1611 Accipere
563 1575 681 1610 aliquem
694 1574 809 1600 comiter
827 1574 910 1600 Plaut.
926 1573 1023 1608 Amph.
1031 1583 1059 1607 4,
1069 1582 1085 1600 2

30 1617 131 1650 suppos.
148 1621 180 1645 ιε.
250 1614 385 1641 Adiuuare
400 1613 513 1639 comiter
532 1612 601 1637 Ter.
617 1609 723 1636 Phorm.
735 1618 758 1642 3,
771 1618 795 1642 3,
809 1619 836 1644 4.

31 1658 56 1677 ta
76 1652 188 1678 comiter
205 1651 344 1686 prouincia
369 1650 461 1676 Tacit.
475 1646 543 1674 Hist.
560 1656 569 1673 1
580 1667 587 1678 ‚
604 1655 637 1677 13.
708 1646 875 1672 Conuiuium
888 1645 1003 1672 comiter
1016 1645 1071 1672 cele

31 1686 109 1714 brare
128 1687 189 1714 Liu.
205 1696 225 1719 1,
240 1696 281 1713 22.
351 1685 475 1712 Comiter
488 1688 514 1709 et
527 1682 679 1717 benigniter
700 1681 818 1716 aliquem
835 1681 996 1715 compellare
1020 1681 1081 1707 Liu.

31 1731 57 1755 2,
71 1731 118 1757 44.
189 1723 308 1749 Salutate
334 1721 465 1755 benigne,
482 1718 595 1745 comiter
615 1716 748 1752 appellare
770 1725 989 1751 vnuniquemque
1021 1717 1080 1743 Cic.

18 1759 144 1793 vPhilipp.
161 1766 195 1791 13,
208 1769 234 1792 4.
307 1757 429 1784 Comiter
441 1755 550 1782 alterius
561 1754 655 1788 populi
667 1752 830 1779 maiestatem
842 1753 999 1779 conseruare
1019 1753 1082 1779 Pro-

31 1830 117 1863 citur,
137 1836 166 1856 vt
180 1830 342 1864 intelligatur
354 1828 468 1855 alterum
480 1825 608 1860 populum
623 1825 789 1859 superiorem
803 1825 852 1850 esse
861 1844 869 1857 ,
890 1833 945 1850 non
961 1830 990 1850 vt
1003 1824 1081 1850 intel-

34 1864 133 1900 ligatur
153 1866 266 1892 alterum
288 1874 342 1891 non
364 1864 412 1890 esse
437 1862 561 1889 liberum.
634 1860 708 1896 Quod
727 1860 792 1887 idem
815 1861 912 1887 Cicero
938 1869 987 1895 pro
1001 1861 1084 1887 Corn.

32 1901 106 1928 Balb.
120 1904 152 1934 36
165 1910 186 1927 c.
201 1902 229 1927 16
243 1899 401 1935 demonstrat.
439 1900 557 1926 Primum
569 1896 648 1923 verbi
661 1905 741 1931 genus
754 1896 805 1922 hoe
819 1896 1009 1928 conseruandi,
1029 1905 1084 1930 quo

31 1937 114 1972 magis
125 1937 154 1963 in
167 1937 270 1972 legibus
280 1957 288 1969 ‚
306 1945 387 1972 quam
401 1936 430 1962 in
443 1934 598 1961 foederibus
611 1933 650 1959 vti
663 1932 794 1964 solemus,
813 1933 968 1966 imperantis
975 1932 1021 1964 est,
1029 1941 1084 1958 non

30 1973 169 2008 precantis.
205 1973 307 1999 Deinde
326 1981 410 2008 quum
427 1970 538 1998 alterius
559 1968 651 2004 populi
664 1968 783 1995 maiestas
797 1969 947 1995 conseruari
964 1968 1084 2000 iubetur,
1095 1983 1127 2008 30

31 2009 64 2036 de
74 2009 162 2036 altero
173 2008 278 2041 siletur,
296 2015 366 2035 certe
387 2007 434 2034 ille
453 2005 566 2042 populus
586 2006 614 2031 in
634 2004 768 2039 superiori
786 2004 940 2031 conditione
954 2005 1084 2039 causaque

30 2045 158 2080 ponitur,
177 2046 251 2071 cuius
266 2044 385 2070 maiestas
398 2041 515 2069 foederis
528 2041 664 2068 sanctione
683 2040 845 2067 defenditur.
917 2042 948 2067 In
961 2049 1015 2075 quo
1028 2046 1084 2067 erat

0 2084 3 2087 '
31 2080 188 2108 accusatoris
201 2080 387 2114 interpretatio
401 2078 509 2113 indigna
522 2076 704 2112 responsione,
722 2077 771 2111 qui
785 2077 821 2103 ita
841 2076 960 2110 dicebat,
979 2077 1083 2103 COMI-

31 2117 106 2144 TER
120 2116 169 2143 esse
182 2115 444 2143 COMMVNITER.
483 2113 562 2147 Qiasi
581 2121 647 2139 vero
667 2112 782 2152 priscum
801 2112 911 2146 aliquod
930 2118 976 2138 aut
990 2112 1082 2137 insoli-

31 2159 87 2179 tum
101 2151 213 2179 verbum
227 2152 455 2185 interpretaretur.

31 2189 114 2214 mines
126 2189 175 2215 esse
189 2187 330 2218 dicuntur,
348 2187 396 2220 qui
408 2184 508 2212 erranti
521 2184 634 2209 comiter
647 2181 793 2208 monstrant
804 2181 887 2214 viam,
897 2181 1011 2221 benigne
1024 2189 1081 2207 non

31 2229 147 2257 grauate.
183 2222 435 2249 COMMVNITER
449 2219 560 2255 quidem
573 2224 644 2244 certe
658 2226 713 2244 non
725 2218 859 2244 conuenit.
930 2216 1024 2251 Excipi
1037 2225 1081 2243 co-

29 2259 108 2286 miter
128 2258 208 2285 Ouid.
224 2257 289 2284 Fast.
304 2266 330 2290 2,
344 2261 400 2292 788.
468 2254 579 2283 Factum
597 2263 612 2280 a
632 2253 710 2280 vobis
728 2254 842 2280 comiter
862 2253 946 2279 Plaut.
961 2253 1040 2279 Poen.
1053 2261 1079 2286 3,

28 2296 55 2328 6,
69 2303 106 2321 io.
178 2295 209 2321 Iu
232 2293 364 2320 conuiuio
384 2292 500 2319 iucunde
525 2299 554 2318 ac
574 2289 688 2318 comiter
707 2290 756 2316 eise
777 2290 834 2316 Cic.
848 2298 898 2324 pro
911 2288 1002 2315 Deiot.
1016 2298 1038 2315 c.
1053 2296 1080 2324 7.

0 2331 2 2334 ’
30 2331 96 2357 Plin.
111 2338 151 2365 17,
166 2338 177 2356 i
197 2329 229 2356 de
241 2329 331 2356 Crasso
343 2328 496 2355 Domitium
514 2326 682 2361 alloquente,
702 2327 833 2352 Vtrumne
846 2326 933 2360 igitur
945 2334 996 2360 ego
1014 2326 1082 2356 sum,
1093 2331 1128 2355 60

0 2393 3 2400 ‚
32 2366 136 2401 inquit,
155 2366 253 2400 quaeso
266 2365 371 2391 Domiti
380 2384 389 2397 ,
406 2363 528 2398 exemplo
543 2362 631 2397 grauis
645 2368 670 2388 et
684 2361 717 2388 ab
730 2361 785 2396 ipsa
798 2370 856 2388 mea
868 2361 977 2388 censura
989 2366 1082 2387 notan-

30 2402 98 2434 dus,
117 2403 167 2437 qui
178 2402 208 2428 in
222 2401 320 2433 domo,
339 2409 407 2435 quae
421 2399 490 2426 mihi
503 2398 650 2425 hereditate
668 2397 796 2430 obuenit,
815 2398 928 2425 comiter
948 2396 1082 2422 habitem:

29 2447 62 2465 an
73 2443 119 2471 tu,
137 2439 186 2472 qui
198 2438 241 2464 sex
254 2437 363 2463 arbores
377 2443 422 2463 etc.
494 2435 580 2462 Solari
593 2434 706 2461 comiter
718 2433 836 2468 aliquem
863 2434 920 2458 Cic.
934 2433 988 2457 Att.
1002 2439 1014 2462 3
1023 2449 1031 2462 ,
1047 2438 1082 2462 ¹5-

16 2475 123 2509 Superi.
144 2473 226 2501 Plaut.
240 2473 298 2508 Mil.
312 2481 335 2505 3,
348 2482 372 2506 3,
385 2475 420 2499 66
441 2472 588 2499 Ac.Datne
601 2480 616 2497 a
629 2471 654 2497 se
668 2469 767 2496 mulier
780 2476 891 2502 operam
906 2467 916 2492 Ξ
950 2473 1001 2493 ΡΑ.
1016 2466 1081 2500 lepi-

12 2534 15 2537 .
27 2509 126 2537 diss‘ime
138 2515 164 2536 ct
177 2508 327 2537 coiniffime.

65 2552 82 2573 C
93 2552 112 2573 0
120 2552 146 2573 M
154 2553 165 2573 1
173 2553 186 2573 s
195 2553 208 2573 s
216 2552 236 2572 0
245 2553 264 2572 R
273 2565 282 2578 ,
317 2544 367 2571 ari.
403 2541 549 2580 [κωμάζω]
588 2539 662 2575 Qud
698 2547 747 2564 non
780 2537 850 2573 san}
873 2536 998 2563 emendare
1024 2542 1078 2564 co-

27 2588 149 2610 MESSOR
160 2588 203 2608 aut
215 2586 390 2608 CONASSOR
408 2578 507 2613 quidam
520 2576 654 2614 scribunt,
666 2572 800 2610 fignificat
816 2573 935 2600 hilariter
953 2580 976 2599 et
986 2573 1078 2608 lasciue

29 2617 87 2644 adeo
95 2615 153 2652 posi
164 2625 262 2644 coenam
273 2620 411 2649 componire
425 2620 447 2638 et
464 2614 589 2648 voluptati
609 2620 638 2637 ex
651 2609 798 2645 sodalibus,
817 2615 861 2635 aut
881 2608 980 2643 amastis
992 2612 1076 2641 etiam,

0 2676 9 2684 ,
29 2652 173 2689 indulgere,
193 2651 265 2687 idque
271 2650 331 2686 fere
345 2652 384 2675 ita
402 2647 569 2684 intelligitur,
594 2653 624 2673 vt
633 2647 709 2683 foris
719 2645 787 2681 fiat,
807 2647 847 2672 vel
864 2648 891 2671 in
903 2645 1021 2680 publico,
1039 2645 1081 2671 vel

29 2689 70 2713 uti
79 2687 221 2723 transeatur
229 2689 256 2712 in
269 2687 343 2712 aliam
357 2684 461 2711 domum.
498 2684 558 2709 Liu.
574 2691 620 2716 40,
632 2690 649 2717 7
663 2680 720 2718 post
740 2683 852 2708 conuiuii
863 2688 887 2707 et
904 2683 1023 2721 benignae
1041 2680 1078 2706 ibi
1090 2693 1125 2721 70

29 2725 191 2749 inuitationis
218 2724 373 2751 mentionem,
411 2719 581 2751 Demetrius,
606 2727 672 2753 quin
702 2718 883 2750 comissatum,
916 2717 1022 2752 inqiut,
1043 2716 1077 2743 ad

31 2758 141 2785 fratrem
165 2758 243 2784 imus.
277 2772 322 2777 —
356 2756 397 2782 ille
430 2756 537 2782 ianuam
555 2754 673 2781 obserari
692 2753 769 2780 iubet
804 2768 849 2773 ——
885 2758 910 2779 et
929 2753 1077 2779 comiflato-

25 2799 88 2828 lres,
103 2799 228 2829 tauquam
241 2792 274 2819 ad
293 2791 399 2820 caedem
413 2792 486 2818 suam
500 2791 650 2823 venientes,
669 2789 743 2817 aditu
758 2789 853 2815 ianuae
865 2795 944 2815 arcet.
993 2788 1076 2815 Plaut.

25 2829 106 2928 gost.
122 2838 141 2861 ι,
154 2838 183 2863 4,
196 2837 209 2863 5
228 2829 307 2856 Nunc
321 2828 485 2855 comissatum
498 2827 546 2854 ibo
559 2826 592 2854 ad
605 2825 785 2853 Philolachen.
856 2825 926 2852 Suet.
941 2824 1043 2851 Bomit.
1052 2834 1075 2851 c.

12 2874 14 2878 ·
49 2874 58 2892 ι
80 2865 281 2894 Conuiuabatur
293 2873 348 2891 non
360 2864 430 2891 vltra
443 2864 505 2890 solis
516 2863 650 2894 occasum,
675 2871 723 2889 nec
741 2868 771 2888 vt
783 2860 871 2895 postea
884 2861 1076 2888 comiffaretur.
1086 2863 1118 2892 73

59 2909 96 2928 er.
104 2902 170 2929 Eun.
177 2909 200 2935 3,
208 2910 228 2934 i,
236 2910 261 2934 51
280 2899 434 2927 Phaedriam
447 2899 656 2926 intromittamus
664 2898 836 2925 comissatum.
872 2898 940 2924 Hor.
950 2898 1039 2924 Carni.
1047 2907 1076 2932 4,

4 2941 10 2946 ’
40 2957 49 2970 ,
63 2945 80 2970 9
104 2938 219 2965 Venerem
233 2936 373 2973 alloquens,
390 2936 592 2971 Tempestiuius
607 2935 635 2962 in
655 2934 736 2961 domo
758 2932 842 2960 Paulli
877 2948 923 2953 —
959 2934 1076 2959 comissa-

47 2981 92 3000 ere
98 2972 220 3001 Maximi.
257 2972 358 3001 Iudicat
365 2971 420 3007 fine
433 2973 518 2999 Cerere
531 2978 555 2998 et
569 2971 666 2999 Baccho
680 2980 731 2997 eata
738 2969 850 3006 frigere,
884 2971 923 2996 De
943 2976 1022 3005 etymo
1036 2979 1079 2995 au-

56 3017 126 3070 amfis
137 3008 217 3037 adhuc
229 3008 352 3042 Festum,
372 3008 528 3035 Comissatio
548 3016 562 3034 a
579 3007 663 3040 vicis,
681 3015 748 3041 quos
766 3005 862 3032 Graeci
880 3016 962 3038 κωμες
975 3005 1078 3038 dieunt,

0 3053 2 3066 ὲ
45 3052 94 3079 ppe
115 3049 182 3071 atur.

46 3079 125 3107 uibus
139 3080 169 3107 in
180 3079 246 3107 locis
257 3080 307 3107 alii
318 3080 386 3107 alios
394 3079 533 3107 conuictus
540 3079 615 3106 causa
624 3078 782 3105 inuitabant.
819 3079 896 3104 Plura
908 3077 937 3104 de
949 3077 1020 3104 verbi
1026 3081 1075 3104 ori-

46 3119 88 3142 ine
99 3115 155 3142 vid.
169 3115 238 3151 apud
248 3116 350 3152 Casaub.
361 3115 391 3142 de
402 3116 456 3144 Sat.
469 3124 493 3148 1,
506 3126 532 3149 4.
568 3123 592 3142 et
612 3116 637 3142 V
636 3113 677 3148 oſjss
692 3114 828 3149 Etymolog.
868 3113 937 3140 Add.
952 3114 1076 3141 Burman-

0 3167 3 3173 ‹
47 3161 76 3178 us
87 3151 122 3178 ad
132 3151 238 3179 Petron.
253 3152 284 3184 63
297 3161 321 3187 p.
328 3159 386 3184 324.
421 3152 536 3178 Breuiter
549 3150 582 3185 est
595 3151 675 3187 ipsum
690 3151 808 3176 Graecum
822 3149 956 3185 κωμάζειν,
976 3149 1042 3186 quod
1047 3149 1078 3176 ab

571 3188 655 3223 Neque
669 3193 750 3212 tamen
764 3185 818 3212 ideo
837 3183 903 3213 reflc
919 3187 1012 3223 legitur
1025 3187 1077 3213 Co-

0 3199 2 3206 *
13 3203 16 3214 ·
33 3187 217 3221 'uorumafitaos
230 3185 274 3220 effi·
282 3207 291 3220 ,
308 3196 377 3214 nemo
390 3186 496 3214 dubitat.

57 3223 124 3250 affor
137 3234 143 3250 ι
178 3221 212 3256 est
225 3226 290 3249 enim
301 3230 331 3249 vt
342 3232 358 3249 a
369 3222 494 3259 πατριάζω
509 3223 623 3258 patriffo.

67 3265 85 3286 c
96 3265 149 3287 OM
159 3265 167 3285 ι
177 3264 314 3292 ssANs,
332 3259 408 3285 antis.
445 3258 516 3285 Suet.
530 3259 615 3294 Calig.
630 3267 650 3286 e.
666 3265 697 3290 32
716 3257 748 3283 In
766 3256 906 3291 conspeetu
924 3257 1077 3292 prandentis

47 3294 72 3322 el
86 3294 254 3322 comissantis.
324 3293 456 3327 Quinetil.
472 3303 505 3326 ii,
517 3303 539 3328 3,
554 3302 585 3330 57
612 3293 764 3321 Modulatio
777 3293 893 3326 scenica,
911 3299 937 3321 et
955 3302 1078 3320 nonnun-

48 3339 109 3358 uam
125 3331 265 3358 ebriorum
277 3336 322 3356 aut
335 3328 526 3356 comissantium
538 3329 661 3357 licentiae
675 3328 777 3355 similis.

62 3373 80 3395 c
90 3372 111 3394 ο
121 3373 148 3394 Μ
158 3374 168 3393 1
180 3373 194 3393 s
206 3373 280 3393 sAT
291 3371 331 3392 10
341 3386 350 3398 ,
367 3366 436 3392 onis.
457 3366 477 3392 f.
512 3366 664 3402 Comparatio
682 3374 701 3391 a
712 3373 793 3391 coena.
829 3365 905 3392 Varr.
925 3365 956 3392 L.
970 3365 1000 3392 L.
1015 3367 1048 3398 6,
1063 3373 1076 3399 ς

0 3402 20 3440 ’φ
43 3402 93 3430 nde
110 3403 148 3437 (a
161 3405 260 3429 nomine
275 3403 372 3435 κῶμος)
389 3401 484 3428 Latine
501 3402 647 3429 comissatio
668 3400 747 3427 dieta.
785 3399 853 3426 Festi
864 3403 942 3427 locum
954 3401 1024 3428 modo
1037 3401 1077 3428 de·
1087 3414 1123 3439 90

15 3467 17 3469 ,
31 3437 112 3466 dt'mus
122 3441 150 3465 in
163 3444 343 3466 comisSOR.
413 3437 483 3464 Suet.
491 3437 593 3472 Vespas.
601 3445 648 3473 e.7
661 3436 695 3464 ad
708 3435 827 3463 mediam
840 3436 945 3463 noeiem
960 3437 1077 3464 comissa-

41 3474 246 3501 'onescumaliis
255 3473 406 3500 extendere.
466 3472 540 3500 Idem
548 3473 637 3500 Vitell.
645 3483 667 3500 c.
676 3481 701 3506 13
721 3472 956 3507 Epulastrifariam
964 3473 1076 3508 semper,

0 3511 17 3531 m
31 3509 165 3537 interdum
189 3510 382 3545 quadrifariam
409 3507 594 3543 dispertiebat,
613 3510 643 3536 in
662 3507 810 3541 ientacula,
826 3508 953 3542 prandia,
972 3517 1076 3541 coenas,

0 3548 17 3604 *5¹2
31 3552 58 3573 et
71 3546 271 3573 comissationes.
342 3546 400 3572 Cic.
414 3545 443 3571 in
456 3544 535 3572 Catil.
549 3553 572 3578 2,
586 3553 615 3572 10
627 3554 651 3572 e.
666 3552 679 3578 5
707 3543 792 3578 Quod
809 3543 829 3570 fi
847 3544 876 3570 in
895 3544 961 3571 vino
980 3551 1006 3572 et
1019 3545 1075 3572 alea

31 3616 76 3644 sed
87 3622 176 3644 tamen
189 3618 266 3645 essent
279 3617 392 3645 ferend-i.
950 3616 998 3643 Sed
1015 3618 1077 3643 male

0 3655 7 3670 'r
31 3651 187 3685 Libidines,
204 3662 323 3686 amores,
344 3653 489 3686 adulteria,
507 3651 649 3682 conuiuia,
667 3651 878 3683 commotiones,
895 3657 995 3686 cantus,
1008 3653 1076 3685 sym-

0 3696 13 3725 ζ,
32 3687 146 3723 phoniae
167 3688 223 3715 Cic.
236 3698 284 3723 pro
298 3689 368 3717 Cael.
381 3697 409 3722 35
423 3698 444 3716 c.
460 3697 493 3722 ις.
566 3687 664 3722 Turpe
678 3685 836 3713 conuiuium
844 3705 853 3718 ,
872 3695 962 3720 amor,
983 3689 1078 3715 comis-

0 3731 10 3741 =·
33 3724 117 3756 satio,
134 3722 236 3755 libido,
255 3725 354 3752 sumtus
384 3726 441 3753 Cic.
462 3734 511 3760 pro
529 3725 650 3751 Muraen.
671 3730 704 3754 13.
777 3721 853 3748 Nolo
870 3721 955 3750 simile
968 3725 1017 3750 ess'e
1030 3729 1076 3750 aut

466 3618 570 3653 Legitur
583 3616 624 3642 hic
639 3623 663 3642 et
680 3616 879 3642 comeffatores.

0 3764 13 3786 ¹.
31 3759 118 3786 maius
131 3768 211 3794 quam
223 3768 265 3786 res
278 3760 406 3794 postulet,
435 3759 575 3797 Tempestas·
588 3757 781 3792 comiffiitionis,
799 3763 845 3784 aut
863 3758 951 3785 minus
958 3765 971 3791 ,1
987 3759 1076 3795 Comis·
1085 3772 1132 3791 100
1142 3763 1221 3790 dendi
1234 3761 1361 3797 potestas,
1381 3760 1398 3787 si
1413 3761 1543 3795 populum
1557 3761 1679 3788 beneficii
1693 3761 1732 3787 sui
1745 3761 1899 3795 poeniteret.

0 3789 22 3823 ἶ
42 3797 94 3822 atio
105 3793 255 3831 tempestatis
274 3795 330 3822 Cic.
342 3796 375 3824 de
387 3797 462 3825 Orat.
476 3806 500 3830 3,
513 3798 558 3823 162
574 3804 595 3822 c.
609 3803 650 3830 41.
722 3792 824 3820 Albana
836 3794 985 3821 comissatio
1005 3795 1077 3822 Mar-

26 3830 87 3894 ‘naii
97 3834 197 3892 tl>²in4188
206 3871 220 3892 s
227 3866 275 3893 ᾸΤ
285 3872 306 3893 o
315 3874 335 3895 R
344 3886 354 3900 ,
370 3867 436 3894 oris.
469 3877 506 3896 m.
542 3865 697 3902 [κωμαςῆς]
732 3865 784 3900 Qui
814 3862 966 3897 comtffiitum
995 3868 1074 3893 venit.

30 3899 99 3928 Ter.
112 3900 186 3928 Adel.
201 3910 223 3934 ς,
237 3910 261 3932 2,
274 3908 288 3933 8
307 3902 335 3929 dt
349 3910 425 3939 pam
432 3903 619 3941 superuemente
631 3902 691 3938 filio
699 3903 816 3936 potami,
840 3900 939 3935 Edepol
955 3901 1073 3929 comissa-

30 3941 116 3965 torem
124 3936 269 4002 Ιιὸιιιξῖίέιὲο
283 3938 462 4002 cqmmodum.
657 3939 662 3942 ”

1114 551 1143 569 10
1156 538 1289 564 lectorum
1303 550 1308 565 :

16 903 24 933 η’
38 901 135 929 Othon.
149 909 191 932 ε.3
211 900 342 927 Omnium
355 905 442 926 autem
457 897 627 924 conliliorum
642 895 856 928 secretorumque
875 892 1020 927 particeps,
1041 893 1084 919 dic
1095 907 1129 925 20

18 1080 88 1114 brit,
108 1080 180 1115 quod
200 1079 233 1106 fic
252 1079 301 1106 sibi
321 1078 444 1105 libellum
464 1077 600 1116 porrigere
620 1073 771 1105 dubitaret,
792 1072 864 1107 quasi
886 1071 1026 1106 elephanto
1040 1070 1083 1097 sti·
1095 1080 1123 1106 ²5

602 1253 754 1281 Conciliare
769 1252 818 1279 sibi
831 1250 953 1276 homines
968 1257 1084 1277 inuitan-
1095 1267 1126 1291 30

626 1435 658 1459 Et
671 1441 693 1459 c.
705 1439 722 1466 7
749 1429 857 1457 viciam
868 1430 916 1456 esse
930 1431 1084 1457 comitatem
1095 1446 1122 1473 35
1153 1432 1186 1458 de
1200 1433 1230 1458 L.
1245 1433 1320 1472 1?'.4’
1332 1441 1360 1464 35.-
1376 1443 1400 1467 p.
1415 1441 1456 1473 3⁴7,
1473 1442 1510 1469 17,

907 1609 1082 1636 Administra-
1094 1625 1132 1651 40

33 1793 84 1821 cul.
101 1796 130 1820 in
144 1794 161 1820 l.
175 1802 192 1829 7
206 1795 238 1820 D.
252 1793 283 1820 de
297 1793 394 1828 captiu.
409 1798 434 1818 et
448 1790 562 1826 postlim.
578 1789 610 1815 fic
623 1789 820 1823 interpretatur.
857 1789 916 1815 Hoc
928 1788 1001 1815 enim
1015 1788 1111 1829 adii-4

509 2150 621 2180 Comes,
642 2147 768 2180 benigni,
787 2147 896 2178 faciles,
917 2148 1009 2172 suaues
1032 2145 1080 2171 ho-
1092 2161 1120 2186 55

1091 2508 1123 2540 63

32 3581 317 3609 comissationes¹solum
331 3587 356 3608 et
370 3582 452 3608 scorta
466 3585 639 3616 quaererent,
656 3580 735 3607 essent
741 3580 785 3607 illi
793 3579 904 3614 quidem
911 3579 1077 3614 desperandi,
1086 3593 1119 3619 93

529 3940 573 3969 Sic
586 3939 770 3967 Conuffatores
784 3942 909 3971 tanquam
923 3936 955 3964 ad
968 3937 1074 3966 caedem
1085 3948 1129 3975 ¹05
1140 3941 1208 3975 agol
1244 3938 1324 3973 Qafi
1335 3948 1390 3965 non
1405 3939 1522 3966 comitiis
1534 3939 1588 3967 iam
1600 3936 1780 3974 superioribus
1790 3935 1947 3963 litPlancius
1958 3937 2100 3972 defignams
2113 3933 2182 3960 aedi-

1523 134 1792 177 COM

1156 218 1227 258 suain
1243 219 1377 258 yenientes
1391 219 1465 247 aditu
1480 221 1572 262 ianuae
1585 231 1655 252 arcet
1676 225 1735 252 Liu.
1750 234 1796 259 40,
1809 232 1835 261 7.

1157 255 1321 280 comislatore
1343 257 1431 288 Lyaeo
1453 257 1569 285 Martial.
1596 270 1622 293 9,
1646 264 1685 287 62.

1156 289 1195 315 Id.
1210 289 1286 323 Apol.
1300 299 1324 324 p.
1338 300 1394 323 322.
1466 293 1535 319 Gell.
1550 304 1578 327 4,
1594 304 1631 328 ¹4-

1158 333 1212 350 ιη.

2107 160 2178 199 104

1822 263 1827 266 ἢ
1909 226 1994 262 Atque
2015 231 2107 260 oluere
2121 236 2201 263 Lares

1757 263 1831 298 Conj.
1852 260 1929 296 Apul.
1950 264 1983 289 de
1998 267 2098 295 Mundo
2113 279 2136 304 p.
2155 280 2200 306 74.

1326 327 1331 331 θ
1382 328 1385 331 Ι
1474 328 1478 332 ¹
1535 329 1540 333 Ι
1703 297 1915 324 Sen.Cousol.ad
1923 299 2001 325 Helu.
2012 308 2048 328 io.
2085 307 2114 330 it.
2124 307 2201 340 Epist.

1285 327 1364 352 Caius
1380 336 1407 353 in
1421 327 1438 352 l.
1454 328 1480 353 Si
1495 330 1560 362 quid
1574 331 1604 356 D.
1619 331 1650 357 de
1665 332 1774 360 Aedilit.
1789 334 1868 360 edici.
1890 334 1920 361 Et
1934 334 1956 360 is
1969 344 2000 361 ex
2014 337 2119 364 diuerso
2127 341 2203 372 leuis,

1113 369 1127 396 ς
1157 366 1316 394 proteruus,
1337 362 1494 395 desidiosus,
1515 365 1721 400 somniculosus,
1740 370 1831 403 piger,
1853 369 1957 403 tarduS,
1985 373 2135 400 comiss'ator
2165 377 2202 402 in-

1155 403 1288 423 veniatur.
1351 398 1492 440 ‘QunCtiL
1505 407 1526 431 3,
1540 402 1567 432 6,
1582 404 1615 426 26
1632 404 1662 428 ln
1675 404 1822 437 pestilentia
1836 407 2001 440 comissator,
2025 415 2055 434 vt
2072 412 2204 444 exemplum

1155 431 1291 471 Iaiuiqtzcr,
1311 433 1353 473 tibi
1382 441 1478 470 tenipus
1499 434 1533 462 ad
1550 435 1710 475 quaestionem
1722 440 1804 474 facit.
1841 442 1946 468 Petron.
1974 445 2005 476 63
2046 444 2205 472 Comifl‘ator

1156 466 1293 494 Habinnas
1320 475 1402 496 intrat
1438 486 1484 511 —7
1519 470 1610 497 ebrius
1645 487 1690 492 —
1724 481 1847 502 oneratus
1878 477 1983 512 aliquot
2014 479 2138 513 coronis,
2158 489 2205 507 vn-

1156 508 1254 536 guento
1269 512 1315 537 per
1329 505 1446 546 frontem
1462 515 1490 532 ui
1503 507 1595 532 oculos
1611 507 1716 534 fluente.
1786 511 1846 538 Alia
1860 512 2044 541 subselliorum
2059 515 2129 542 ratio
2154 517 2206 543 alia

1345 549 1399 566 non
1413 541 1484 568 idem
1504 542 1622 568 iudicum
1643 544 1891 582 comissatorumque
1915 550 2067 584 conspectus
2087 535 2142 578 Cic'.
2156 561 2207 587 pro

1155 574 1229 600 Cael.
1243 576 1287 614 67ἶ
1306 610 1310 614 .
1361 576 1399 602 Id.
1423 577 1475 616 ᾼιι.
1498 580 1566 618 1,'16
1600 580 1635 605 Vt
1655 580 1737 617 nostri
1759 581 1801 607 isti
1821 585 1997 612 comissatores
2013 587 2207 615 coniurationis

1155 609 1289 651 barbatuli
1304 619 1414 636 iuuenes
1428 613 1505 638 illum
1520 622 1548 639 in
1561 615 1728 641 sermonibus
1743 617 1790 642 Cn.
1807 618 1965 647 Ciceronem
1978 622 2109 656 appellent
2155 625 2207 651 Co-

1156 647 1300 688 missatores
1323 646 1407 688 dixit,
1424 650 1531 684 reliquos
1553 656 1576 676 et
1593 650 1665 686 seros
1684 654 1844 685 coniuratos,
1861 662 1891 680 vt
1905 660 1950 691 qui
1964 660 2031 683 velut
2040 657 2097 693 post
2109 642 2208 687 coenam

1155 680 1304 715 conuflatum
1319 689 1432 708 veniant.

1183 724 1209 758 ⁷c
1220 723 1238 743 0
1251 724 1276 743 M
1287 724 1297 743 i
1306 724 1318 744 s
1326 725 1340 761 s
1349 725 1371 744 A
1380 724 1396 744 B
1405 725 1425 744 v
1436 725 1456 743 Ν
1468 725 1486 744 D
1494 725 1514 744 v
1524 726 1548 750 s,
1563 729 1594 759 a,
1616 730 1669 747 um.
1711 722 1897 759 [κωμαςώὸηε]
1936 727 2031 754 similit
2058 728 2198 763 comzffivzti

1158 753 1219 779 Liu.
1235 762 1261 793 9,
1275 761 1304 788 17
1333 754 1495 794 semulento
1515 763 1620 788 agmine
1645 759 1854 785 comissabundus
1881 762 1986 788 inceffit.
2061 765 2117 792 Plin
2140 775 2167 793 21
2192 776 2205 799 3

1157 789 1268 815 Athenis
1283 789 1473 816 comissabundi
1487 798 1598 816 iuuenes
1613 798 1671 817 ante
1685 795 1827 821 meridiem
1841 805 1986 824 conuentus
2001 786 2146 834 sapientum
2154 787 2207 828 fie-

1156 824 1334 888 qucntabang,
1353 829 1371 852 i.
1394 830 1524 858 coronati,
1546 825 1624 858 ebrii,
1641 830 1791 862 petulantes.
1864 832 1938 868 Conf.
1963 835 2037 861 Curt.
2062 844 2091 870 ς,
2115 845 2142 873 7,
2168 847 2205 864 ιο.

1153 868 1177 886 et
1190 869 1217 892 9,
1234 870 1269 892 10,
1289 870 1303 887 2
1325 882 1330 887 .

1189 902 1236 922 co
1251 903 1468 929 Missnim,
1485 896 1539 923 vid.
1563 902 1580 924 c
1594 902 1842 926 OMESSAL1A.

1159 969 1162 972 ,
1191 938 1207 957 C
1217 937 1236 957 o
1248 938 1273 957 M
1287 940 1318 958 is
1329 940 1341 959 s
1350 940 1415 971 A131
1425 940 1446 959 T
1455 940 1471 960 E
1481 940 1509 959 R.
1532 932 1600 959 Adu.
1637 934 1750 960 Cantare
1762 936 1930 967 comissaliter
1948 940 2038 967 Sidon.
2055 941 2134 976 Epist.
2148 951 2157 969 ι
2185 952 2198 977 ς

1151 977 1169 992 τ.
1185 968 1252 993 uelut
1264 971 1291 993 in
1306 967 1481 1001 comi-flatione.
2160 963 2168 976 ³
2200 963 2206 970 ⁶

1171 1038 1176 1042 .
1191 1008 1208 1028 C
1222 1008 1242 1028 0
1256 1009 1301 1043 1311
1311 1011 1332 1030 'r
1342 1011 1363 1031 A
1372 1011 1404 1030 ss
1414 1011 1430 1030 E
1441 1011 1478 1036 T,
1494 1004 1619 1030 veteribus
1627 1011 1677 1040 pro
1690 1005 1842 1039 Cubuisset,
1867 1005 1926 1039 tesle
1942 1008 2034 1036 Nonio
2049 1020 2078 1043 2,
2095 1021 2137 1046 ης
2160 1015 2207 1041 Ac.

1153 1039 1358 1078 ciulerigona,
1378 1040 1454 1066 Tum
1468 1045 1557 1066 autem
1573 1040 1712 1074 Aegisthus
1727 1041 1744 1067 si
1758 1051 1800 1069 me
1811 1043 1859 1068 eise
1873 1042 1969 1069 eodem
1984 1044 2053 1071 lecto
2066 1040 2208 1077 couiitass'et

1153 1080 1230 1108 patri.
1267 1076 1375 1101 Mercer.
1387 1082 1435 1114 pro
1451 1075 1580 1102 cubuiffet
1592 1076 1663 1102 habet
1675 1078 1805 1104 mouilset.
1842 1080 1930 1105 Monet
1943 1082 1985 1106 uir
1998 1081 2038 1106 ille
2046 1081 2197 1117 dot‘hffimus

1153 1109 1298 1152 quibusdam
1312 1110 1448 1146 Plaffllflv,
1462 1119 1511 1146 pro
1532 1111 1619 1144 Icelo,
1638 1112 1692 1139 leto
1708 1124 1713 1139 :
1741 1113 1789 1149 sed
1807 1123 1837 1140 ne
1841 1113 1881 1148 fic
1894 1115 1991 1150 quidem
2003 1117 2118 1151 aliquid,
2134 1105 2208 1154 puto,

1153 1153 1303 1185 extricantur.
1341 1147 1415 1182 Quod
1426 1149 1530 1173 coniicit
1546 1148 1694 1179 Meri-erus,
1713 1148 1788 1175 simul
1805 1150 1899 1176 eodem
1913 1150 1984 1177 lecto
2001 1151 2133 1179 cubitaret
2139 1140 2210 1189 faci,-

1154 1183 1176 1208 le
1187 1180 1243 1215 estet
1258 1193 1265 1207 .·
1297 1182 1344 1219 sed
1358 1193 1406 1223 n-on
1422 1189 1535 1218 apparet,
1544 1193 1588 1210 cur
1596 1184 1643 1210 huc
1656 1186 1760 1211 relatum
1767 1185 1805 1219 fit
1816 1195 1832 1212 a
1845 1187 1938 1212 Nonio.
1976 1189 2104 1224 Ingeniose
2111 1189 2210 1224 docitff.

1154 1219 1275 1248 Bzrrms,
1289 1218 1507 1253 combitalle,pro
1523 1219 1675 1246 cumbitasl'e
1692 1230 1706 1246 a
1721 1221 1829 1254 cumbo,
1843 1229 1871 1248 vt
1887 1222 1980 1248 cubito
1992 1234 2007 1249 a
2022 1223 2101 1251 cubo.
2186 1220 2188 1223 ’

1189 1260 1206 1296 C
1217 1261 1237 1280 0
1249 1261 1274 1280 Μ
1287 1262 1296 1280 1
1308 1260 1331 1280 T
1342 1262 1352 1281 1
1361 1261 1382 1280 V
1393 1262 1417 1281 M
1431 1275 1438 1287 ,
1458 1256 1477 1281 i.
1498 1264 1523 1281 n.
1559 1255 1603 1281 Ad
1623 1257 1722 1282 verbum
1742 1257 1845 1292 quilibet
1858 1258 1982 1285 hominum
2001 1267 2098 1293 coetus,
2115 1259 2212 1288 dicitur

1154 1299 1218 1330 enim
1231 1300 1245 1315 α
1260 1290 1381 1317 Coeundo.
1417 1290 1594 1324 Ὀχλοιγώγων
1606 1293 1664 1318 Vct.
1679 1292 1758 1319 Glofl'.
1774 1294 1953 1327 Ὀχλαγωγῶ,
1974 1296 2114 1322 comitium
2128 1297 2200 1323 facio

1152 1326 1270 1353 circulor
1284 1326 1322 1352 id.
1361 1328 1423 1353 Erat
1436 1336 1493 1353 uero
1507 1327 1658 1354 Comitium
1671 1330 1739 1354 Iocus
1751 1332 1777 1354 ioz
1794 1330 1855 1355 Foro
1869 1333 1942 1356 iuxta
1954 1334 2059 1364 curiam,
2080 1332 2123 1359 vbi
2135 1317 2211 1369 discez

1147 1361 1290 1401 ptabizntur
1302 1363 1404 1398 causie,
1421 1370 1444 1388 et
1451 1366 1630 1399 comitia,quae
1644 1363 1702 1390 inde
1715 1364 1869 1401 dista-siant,
1886 1365 2047 1394 habebantur.
2120 1369 2211 1396 Comi-

1155 1403 1223 1423 tium
1237 1397 1270 1423 ab
1285 1406 1317 1423 eo
1327 1417 1335 1429 ,
1356 1397 1428 1432 quod
1448 1398 1557 1425 coibant
1577 1408 1610 1425 eo
1631 1400 1750 1426 comitiis
1764 1401 1872 1427 curiatis
1887 1407 1912 1427 et
1925 1402 2014 1429 litium
2027 1404 2102 1430 causa
2123 1406 2211 1432 Varro

1119 727 1145 753 ¹5

1153 1468 1158 1472 .
1584 1435 1672 1461 Festus
1681 1454 1687 1466 ‚
1708 1436 1865 1463 Comitiales
1877 1437 1932 1463 dies
1945 1439 2128 1474 appellabant,
2149 1450 2211 1467 cum

1151 1477 1180 1508 in
1193 1475 1306 1494 comitio
1319 1470 1527 1508 conueniebant,
1547 1470 1595 1504 qui
1608 1471 1681 1497 locus
1695 1480 1709 1497 a
1723 1472 1861 1503 co'e'undo,
1883 1472 1909 1498 id
1918 1472 1970 1505 est,
1994 1474 2211 1503 simulveniendo

1154 1504 1239 1531 dietus
1253 1504 1298 1530 est.
1361 1504 1430 1544 'Liu.
1446 1514 1465 1537 1,
1479 1508 1510 1537 36
1527 1507 1604 1532 locum
1620 1510 1658 1532 ita
1672 1506 1762 1542 signat
1776 1517 1783 1531 :
1820 1508 1909 1533 Statua
1929 1509 2003 1534 Accii
2024 1510 2106 1544 posita
2126 1512 2211 1546 capite

1155 1541 1261 1573 velato,
1282 1549 1336 1580 quo
1359 1549 1388 1566 in
1412 1540 1472 1567 loco
1495 1550 1537 1567 res
1560 1540 1618 1567 aeta
1637 1542 1689 1574 est,
1710 1544 1739 1568 in
1753 1542 1881 1575 comitio,
1898 1543 1926 1569 in
1940 1545 2067 1579 gradibus
2081 1546 2157 1581 ipsis,
2177 1547 2211 1574 ad

1155 1577 1257 1604 laeuam
1271 1585 1362 1603 curiae
1376 1576 1447 1616 fuit..
1475 1577 1549 1613 Conf.
1565 1577 1622 1604 Cic.
1636 1577 1669 1604 de
1684 1578 1844 1611 Diuin.1‚32
1864 1579 1908 1605 vbi
1919 1581 2015 1608 Cotem
2026 1582 2056 1608 in
2068 1583 2212 1609 comitium

1153 1613 1274 1644 allatam,
1288 1612 1379 1648 refert.
1417 1614 1473 1639 Cic.
1492 1622 1542 1648 pro
1557 1613 1625 1640 Sext.
1641 1621 1672 1648 75
1686 1623 1707 1640 c.
1722 1622 1749 1647 35
1775 1615 1843 1640 Cum
1861 1615 1970 1649 forum,
1991 1617 2148 1652 comitium,
2168 1627 2212 1646 eu-

1153 1650 1220 1689 riam
1257 1664 1303 1688 3—
1339 1649 1503 1683 occupaffent
1538 1664 1585 1669 —-
1619 1650 1723 1676 Sextius
1760 1664 1806 1669 —--
1840 1651 1927 1685 pulsus
1942 1660 1957 1678 e
1971 1652 2065 1680 rostris
2078 1653 2107 1681 in
2128 1655 2211 1682 comi-

1153 1691 1193 1711 tio
1207 1691 1298 1710 iacuit.
1370 1684 1431 1711 Liu.
1459 1692 1490 1719 27
1500 1705 1506 1716 ‚
1525 1688 1556 1717 36
1589 1686 1627 1711 Eo
1640 1694 1711 1711 anno
1723 1686 1839 1720 primum
1848 1705 1855 1717 ,
1875 1695 1907 1713 ex
1920 1697 1975 1723 quo
1989 1690 2105 1716 Annibal
2118 1690 2148 1717 in
2159 1692 2211 1719 Ita—

1151 1720 1216 1746 liam
1234 1720 1360 1753 venisset,
1381 1720 1530 1747 Comitium
1545 1720 1644 1746 tedium
1659 1721 1722 1751 esse,
1742 1722 1889 1749 memoriae
1901 1724 2038 1757 proditum
2057 1726 2102 1753 est.
2152 1727 2209 1754 Cic.

1152 1758 1231 1783 Verr.
1249 1764 1320 1796 i,'49
1334 1765 1355 1782 c.
1372 1765 1414 1797 i9.⁴
1445 1763 1469 1782 et
1482 1764 1504 1788 3,
1515 1764 1532 1789 9
1547 1765 1568 1782 e.
1583 1766 1602 1789 4
1621 1757 1754 1783 Ornaturn
1767 1757 1845 1792 signis
1857 1758 2010 1795 tabulisque
2023 1767 2053 1787 vt
2065 1762 2158 1789 forum
2171 1765 2212 1790 ita

1113 1801 1127 1827 ς
1154 1799 1177 1818 et
1191 1791 1477 1831 comitium‚dtsc1mus.
1519 1792 1589 1818 Adai.
1605 1800 1624 1827 i,
1635 1797 1663 1825 58
1676 1802 1697 1819 c.
1714 1801 1757 1820 22.
1800 1794 1857 1820 Cic.
1875 1796 1928 1822 Att.
1947 1805 1979 1829 4,
1993 1805 2005 1828 3
2025 1798 2150 1825 Metellus
2163 1807 2210 1834 po.

1155 1828 1250 1859 stulat,
1269 1833 1297 1853 vt
1322 1827 1371 1853 fibi
1397 1827 1502 1867 postero
1521 1827 1564 1854 die
1581 1828 1610 1854 in
1624 1829 1686 1855 foro
1701 1829 1897 1857 obnuntietuf:
1933 1832 2000 1858 nihil
2014 1834 2076 1867 esse,
2093 1834 2166 1869 quod
2179 1834 2210 1862 in

1154 1873 1276 1898 campum
1288 1863 1368 1889 noste
1381 1869 1535 1896 veniretur,
1558 1864 1582 1890 se
1597 1863 1663 1891 hora
1676 1865 1762 1899 prima
1779 1865 1807 1891 in
1820 1867 1933 1894 comitio
1946 1868 2016 1895 fore.
2087 1870 2148 1897 Liu.
2163 1871 2198 1904 224

1159 1909 1191 1925 20
1209 1899 1337 1934 Perfugae
1353 1899 1436 1934 virgis
1451 1899 1480 1925 in
1494 1901 1609 1926 comitio
1622 1901 1686 1927 caefi
1701 1909 1808 1934 omnes,
1825 1910 1853 1928 ac
1868 1902 1900 1929 de
1916 1904 1976 1930 saxo
1989 1904 2095 1932 deiecti.
2139 1890 2210 1933 Hirr}

1154 1935 1319 1972 intelligimus
1339 1935 1490 1962 Comitium
1510 1941 1536 1962 et
1555 1936 1644 1970 virgas
1658 1937 1712 1971 pati
1732 1937 1799 1963 Plin.
1815 1938 1894 1972 Epist.
1910 1949 1939 1974 4,
1954 1948 1985 1966 ιι.
1999 1944 2018 1967 ι’.
2028 1948 2110 1976 poena
2124 1940 2210 1976 affici:

1155 1971 1228 2011 conf.⁴
1238 1972 1360 2011 [Juchner.
1406 2007 1411 2011 .
1433 1971 1501 1997 Gell.
1518 1980 1546 2005 4,
1559 1980 1572 2005 ς
1596 1972 1685 1999 Statua
1704 1973 1805 2000 Romae
1824 1974 1853 2000 in
1876 1975 1988 2002 comitio
2002 1977 2084 2011 posita
2098 1971 2208 2005 Horatii

1154 2007 1265 2035 Coclitis
1279 2006 1413 2035 fortislimi
1425 2007 1479 2034 viri
1493 2007 1525 2033 de
1541 2008 1615 2034 caclo
1628 2008 1697 2035 tatiia
1713 2008 1757 2035 est.
1831 2010 1959 2037 Asconius
1967 2013 1994 2037 in
2004 2013 2111 2038 Verrin.
2121 2021 2140 2045 1,
2149 2018 2176 2045 58
2185 2022 2207 2039 c.

1154 2051 1185 2070 22
1199 2043 1349 2070 Comitium
1365 2043 1438 2070 locus
1453 2049 1561 2078 propter
1575 2044 1716 2076 Senatum,
1734 2053 1789 2078 quo
1810 2046 1883 2071 coire
1904 2046 2041 2080 equitibus
2061 2054 2087 2074 et
2107 2049 2210 2083 Populo

1153 2080 1276 2106 Romano
1291 2079 1363 2105 licet.
1434 2079 1495 2105 Liu.
1512 2082 1538 2110 6,
1553 2087 1576 2111 ις
1597 2079 1720 2105 Dictator
1734 2079 1796 2105 sella
1810 2081 1839 2106 in
1853 2082 1967 2108 comitio
1980 2083 2064 2117 posita
2076 2083 2211 2112 viatorem

1152 2115 1185 2140 ad
1192 2116 1230 2140 M.
1245 2115 1378 2152 Manlium
1392 2114 1482 2152 misit..
1509 2113 1604 2139 ludicii
1622 2114 1681 2140 haec
1699 2113 1782 2141 breuis
1800 2122 1824 2142 t’t
1842 2117 1911 2143 velut
1930 2121 2105 2154 extemporalis
2109 2121 2209 2156 forma.

1152 2149 1194 2188 Sic.
1208 2149 1358 2188 Comitium
1372 2147 1508 2174 Subselliis
1522 2149 1635 2184 opponit
1655 2149 1711 2176 Cic.
1726 2150 1754 2176 in
1767 2151 1840 2178 Brut.
1856 2158 1899 2183 288
1926 2155 2017 2187 Qiare
2029 2155 2047 2181 fi
2062 2156 2169 2190 anguste
2183 2162 2210 2183 et

1152 2183 1262 2223 ‹ei-{iliter
1286 2183 1375 2210 dicere
1402 2184 1438 2210 est
1456 2185 1624 2218 Atticorum,
1644 2185 1693 2212 sint
1711 2187 1772 2213 sane
1790 2188 1890 2220 Attici,
1911 2189 1996 2216 sedin
2008 2191 2149 2218 comitium
2164 2201 2209 2219 ve-

1151 2226 1227 2246 mant
1236 2239 1245 2252 ‚
1264 2219 1297 2246 ad
1309 2219 1419 2246 stantem
1433 2220 1549 2247 iudicem
1563 2221 1660 2247 dicant.
1733 2222 1862 2249 Subsellia
1875 2225 2047 2258 grandiorem
2059 2232 2086 2253 et
2104 2228 2209 2262 plenio-

1149 2264 1207 2282 rem
1222 2264 1315 2282 vocem
1332 2255 1487 2282 desiderant.
1523 2256 1638 2281 Stantem
1647 2275 1656 2288 ,
1671 2256 1737 2291 quod
1749 2259 1777 2282 in
1783 2258 1910 2294 ficbfilliis
1922 2260 2017 2287 iudicer
2028 2262 2144 2298 fiderent
2179 2267 2208 2290 in

1148 2292 1254 2318 Camino
1259 2289 1370 2323 starent.
1439 2292 1542 2317 Atticos
1554 2293 1638 2327 igitur
1649 2291 1718 2327 hqsce
1730 2294 1758 2318 in
1778 2297 1904 2321 comitium
1924 2299 2021 2330 mittit,
2041 2298 2106 2334 quod
2120 2283 2208 2336 caustis

1150 2330 1275 2357 minores,
1292 2334 1352 2360 quae
1366 2325 1402 2351 ibi
1416 2335 1431 2351 α
1451 2325 1570 2358 eburnia,
1590 2333 1614 2352 et
1626 2329 1654 2352 in
1669 2327 1757 2362 quibus
1770 2329 1907 2356 vehementi
1923 2331 2024 2360 dicendi
2041 2343 2128 2370 genere
2146 2345 2207 2371 opus

1149 2371 1198 2387 non
1210 2366 1279 2401 erat,
1298 2360 1378 2387 dicere
1386 2363 1433 2396 po]
1442 2362 1484 2387 ent
1493 2382 1501 2394 ,
1520 2371 1570 2389 non
1583 2365 1642 2389 item
1655 2366 1760 2390 maiores
1771 2367 1798 2390 in
1811 2366 1935 2393 tribunali
1952 2375 1976 2394 et
1989 2369 2116 2406 fiaebjelliis
2129 2381 2137 2396 :
2174 2373 2207 2398 In

1149 2403 1263 2423 comitio
1275 2399 1358 2434 igitur
1367 2396 1403 2437 ¹de
1420 2397 1499 2433 plano
1518 2398 1681 2431 iudicabant,
1699 2402 1771 2426 cuius
1790 2401 1881 2428 iudicii
1891 2402 1982 2438 forma
2000 2409 2074 2433 etiam
2102 2405 2135 2439 est
2149 2407 2208 2443 fir-

1148 2439 1210 2458 vata
1222 2442 1238 2459 a
1250 2432 1393 2460 Macrobio
1405 2434 1456 2460 Sat.
1469 2442 1495 2466 2,
1511 2442 1538 2461 12
1557 2433 1612 2461 Vbi
1625 2443 1655 2461 ex
1669 2438 1780 2462 oratione
1793 2438 1823 2464 C.
1837 2438 1912 2465 Titii
1924 2443 1978 2467 viri
1995 2442 2088 2469 aetatis
2105 2443 2205 2469 Lucili-

1148 2477 1213 2495 anae
1228 2467 1276 2501 ista
1289 2468 1387 2510 refert,
1406 2469 1514 2511 L'udunt
1528 2470 1586 2497 alea
1620 2486 1666 2490 —
1701 2471 1749 2498 vbi
1764 2471 1847 2500 horae
1859 2474 1950 2502 decem
1964 2477 2039 2510 sunt,
2056 2477 2206 2513 iubentpu-

1147 2513 1224 2531 erum
1238 2513 1347 2545 vocari»,
1365 2511 1395 2532 vt
1409 2509 1469 2538 (in)
1484 2506 1626 2533 comitium
1639 2512 1697 2540 eat,
1717 2509 1935 2545 percunctatum,
1955 2513 2021 2548 quid
2042 2514 2071 2540 in
2084 2515 2147 2541 foro
2161 2523 2204 2550 ge-

1147 2540 1214 2567 stum
1228 2540 1276 2581 sit,
1293 2550 1342 2576 qui
1355 2542 1499 2575 suaserint,
1518 2543 1566 2577 qui
1586 2542 1766 2576 diii'uaserint,
1787 2551 1853 2580 quot
1872 2547 1959 2574 tribus
1980 2549 2099 2577 iuss‘erint
2137 2557 2203 2586 quot

1147 2583 1293 2604 vetuerint.
1330 2577 1395 2604 Inde
1409 2578 1442 2605 ad
1457 2579 1598 2605 comitium
1613 2578 1731 2612 vadunt,
1750 2589 1783 2606 ne
1797 2582 1873 2609 litem
1886 2584 1959 2610 suam
1977 2585 2085 2613 faciant.
2107 2570 2169 2607 ⁹——

1147 2613 1266 2653 Veniuut
1280 2613 1307 2639 in
1324 2614 1467 2641 comitium
1479 2614 1582 2647 tristes,
1602 2614 1697 2641 iubent
1715 2616 1815 2643 dicere.
1868 2620 1991 2653 Quorum
2005 2623 2144 2657 negotium
2158 2622 2195 2649 est

1147 2647 1248 2675 dicunt.
1285 2649 1367 2676 Iudex
1393 2650 1469 2677 testes
1492 2651 1593 2685 poscit,
1609 2651 1679 2685 ipsus
1706 2652 1728 2678 it
1754 2652 1894 2681 minelum.
1933 2656 1987 2683 Vbi
2010 2659 2081 2685 redit
2098 2667 2101 2668 ⁷
2124 2659 2161 2685 ait
2176 2642 2203 2685 se,

1146 2685 1238 2725 omnia
1254 2685 1382 2712 audiuilse
1397 2697 1402 2712 :
1438 2686 1539 2713 tabulas
1552 2687 1651 2722 poscit,
1671 2687 1761 2715 literas
1775 2689 1891 2724 inspicit.
1927 2693 1981 2719 Vix
1999 2702 2062 2728 prae
2080 2679 2147 2721 xiiiio
2161 2695 2202 2720 su-

1146 2720 1224 2747 stinet
1243 2721 1388 2756 palpebras.
1431 2724 1500 2750 Eunt
1521 2723 1550 2749 in
1563 2722 1702 2750 consilium
1724 2730 1769 2750 etc.
1967 2731 2008 2754 Ab
2019 2730 2065 2756 hoc
2079 2729 2201 2756 Comitio

1144 2754 1217 2783 dieta
1224 2757 1287 2793 sunt
1391 2754 1412 2795 ff
1432 2767 1448 2785 2
1484 2759 1604 2786 Comitia
1619 2759 1715 2794 Populi
1730 2760 1808 2787 Rom.
1845 2760 2028 2798 [ἐρχαιρεσία]
2064 2765 2094 2791 id
2104 2763 2137 2798 est
2145 2775 2202 2791 con-

1143 2800 1235 2819 ventus
1249 2794 1357 2830 legitimi
1369 2796 1410 2821 vel
1422 2795 1590 2831 eligendorum
1596 2794 1787 2832 magistratuum
1795 2816 1804 2829 ,
1825 2797 1867 2823 vel
1877 2797 2025 2826 iudiciorum
2033 2800 2201 2835 publicorum,

1143 2831 1185 2855 vel
1204 2838 1403 2866 quarumcunque
1423 2832 1501 2868 legum
1513 2831 1681 2868 ferendarum
1699 2833 1788 2868 caula,
1812 2836 1951 2859 conuocati.
2020 2835 2200 2872 Arztiquiffima

1144 2864 1263 2906 videntur
1277 2865 1382 2897 Calata,
1402 2866 1429 2893 de
1442 2867 1530 2903 quibus·
1544 2867 1597 2894 vid.
1604 2867 1652 2904 sub
1666 2873 1756 2895 CALO
1771 2879 1777 2894 :
1810 2874 1862 2894 tum
1875 2869 1976 2896 curiata
1985 2890 1994 2903 ,
2011 2874 2038 2896 in
2054 2872 2144 2907 quibus
2150 2881 2200 2907 per

1145 2910 1248 2942 curias,
1262 2908 1286 2928 et
1300 2903 1447 2930 centuriata
1461 2903 1504 2929 vbi
1512 2910 1560 2939 per
1572 2904 1721 2936 centurias,
1738 2903 1839 2929 tributa
1852 2903 1956 2940 denique
1976 2909 2074 2941 quando
2087 2915 2137 2943 per
2151 2908 2198 2934 tri-

1144 2936 1193 2964 bus
1199 2940 1262 2973 Juas
1274 2945 1421 2965 conuocauit
1436 2938 1622 2976 descriptusque
1629 2941 1738 2976 populus
1745 2939 1881 2975 suffragia
1882 2941 1980 2975 ferret,
2000 2951 2027 2968 ea
2039 2946 2136 2978 quidem
2143 2944 2198 2970 vbi-

1144 2982 1188 3010 que
1202 2975 1254 3011 lege
1267 2983 1297 2999 ac
1311 2974 1466 3008 conditione,
1485 2982 1514 3002 vt
1528 2975 1594 3011 quod
1600 2975 1717 3010 pluribus
1729 2978 1804 3000 onius
1817 2975 1922 3007 curiae,
1942 2980 2086 3012 centuriae,
2100 2979 2197 3012 tribus,

1143 3009 1240 3036 ciuibus
1246 3009 1395 3045 placuff’t,
1413 3011 1477 3038 illud
1488 3018 1542 3038 tota
1555 3013 1627 3038 curia
1635 3030 1642 3042 ,
1662 3011 1798 3042 centuria,
1809 3010 1895 3037 tribus
1904 3031 1911 3042 ,
1925 3014 2032 3047 probare
2049 3015 2197 3051 censeretur,

235 3045 266 3071 In
278 3044 320 3071 his
332 3044 403 3071 enim
411 3043 566 3071 habitabant
574 3043 665 3078 priuS,
683 3051 762 3077 quam
776 3040 873 3076 Oppida
889 3041 1075 3068 conderentur.
1085 3051 1118 3077 80
1144 3045 1209 3082 quod
1223 3053 1302 3072 autem
1311 3048 1398 3081 plures
1417 3047 1523 3080 cui-iae,
1541 3046 1690 3078 centuriae,
1710 3045 1796 3072 tribus
1813 3046 1918 3079 vellent,
1936 3048 2000 3075 illud
2019 3056 2087 3076 totus
2109 3049 2197 3086 iuffiffi

1138 3083 1248 3117 populus
1265 3089 1414 3117 putaretur,
1434 3090 1506 3119 atque
1527 3082 1586 3108 adeo
1609 3083 1660 3108 Lex
1680 3080 1742 3115 effic.
1786 3081 1898 3117 Vid.fi1b
1919 3088 2039 3118 CVRIA,
2063 3084 2197 3114 CENTV-

1144 3124 1219 3151 RIA,
1239 3125 1364 3145 TRIBVS.
1462 3120 1548 3154 Neque
1565 3127 1623 3144 vero
1642 3117 1715 3144 huius
1734 3119 1784 3144 loci
1797 3115 1830 3151 est
1849 3124 1927 3144 totam
1946 3120 2106 3148 Coniitiorum
2116 3125 2199 3149 ratio-

1144 3163 1198 3180 nem
1222 3153 1362 3186 declarare,
1382 3154 1448 3190 quod
1467 3152 1530 3180 to'tis
1551 3153 1625 3180 libris
1643 3163 1659 3179 a
1678 3153 1735 3180 Car.
1758 3153 1873 3189 Sigonio‚
1892 3156 1952 3182 Nic.
1969 3157 2077 3184 Gruohio
2090 3159 2197 3195 aliisque

1135 3187 1240 3226 saffram
1252 3188 1286 3224 est
1299 3200 1306 3215 :
1341 3199 1418 3226 neque
1431 3196 1499 3216 caret
1511 3198 1538 3215 ea
1548 3187 1666 3215 doctrina
1680 3189 1754 3215 ullum
1767 3190 1933 3216 Romanarum
1945 3196 2126 3229 antiquitatum
2133 3204 2197 3221 com-

1057 3257 1062 3262 ·
1087 3229 1116 3258 85
1137 3225 1266 3261 pendium.
1304 3224 1424 3259 Nostrum
1437 3223 1471 3259 est
1483 3226 1537 3251 loca
1549 3232 1658 3251 veterum
1670 3224 1793 3256 indicare,
1802 3225 1889 3260 quibus
1896 3236 1944 3253 non
1957 3228 2015 3264 ustis
2027 3236 2125 3256 tantum
2140 3240 2195 3256 ver-

1143 3261 1169 3288 bi
1177 3281 1183 3301 ³
1196 3261 1244 3298 sed
1255 3270 1296 3289 res
1308 3265 1382 3288 etiam
1394 3261 1449 3298 ipsa
1462 3260 1610 3288 declaretur.
1647 3261 1686 3287 Ac
1696 3263 1780 3295 primo
1793 3261 1890 3296 quidem
1903 3263 2022 3292 Comitia
2035 3269 2063 3292 in
2082 3265 2194 3292 comitio

1144 3295 1188 3330 este
1199 3297 1300 3329 habita,
1320 3297 1405 3324 docere
1418 3294 1500 3332 potest
1529 3297 1616 3323 Varro
1631 3296 1663 3322 R.
1678 3296 1709 3322 R.
1724 3304 1745 3328 1,
1759 3304 1783 3327 2,
1797 3305 1813 3329 9
1833 3297 1876 3323 vbi
1896 3297 1926 3324 de
1945 3300 1972 3327 C.
1993 3303 2108 3333 Lichzio,
2127 3301 2194 3327 Tri.

1144 3332 1231 3360 bunus
1251 3333 1286 3369 pl.
1307 3342 1366 3360 cum
1384 3333 1444 3359 esset
1463 3332 1519 3367 post
1537 3341 1612 3366 reges
1629 3331 1734 3358 exactos
1752 3332 1827 3359 annis
1844 3333 1984 3363 CCCLXV
1998 3337 2098 3373 primus
2110 3345 2193 3370 popu-

1143 3368 1199 3395 lum
1211 3369 1244 3397 ad
1257 3370 1326 3404 leges
1341 3368 1504 3403 accipiendas
1519 3368 1548 3394 in
1561 3369 1659 3402 septem
1672 3367 1764 3402 iugera
1779 3368 1893 3396 forensia
1905 3372 2048 3399 eComitio
2062 3373 2089 3398 in
2102 3372 2193 3397 forum

1144 3404 1243 3432 eduxit.
1279 3407 1335 3432 Hoc
1348 3408 1386 3430 ita
1397 3408 1580 3439 iuterpretatur
1592 3404 1611 3438 (
1614 3410 1724 3430 monente
1737 3404 1827 3440 Pighio
1841 3408 1936 3434 Annal.
1951 3408 1986 3434 ad
1995 3411 2029 3436 A.
2042 3408 2120 3441 608.)
2135 3406 2190 3433 Cic.

1143 3441 1216 3468 Lael.
1231 3450 1253 3468 c.
1269 3449 1296 3474 ²5
1316 3440 1434 3467 Instituit
1447 3440 1475 3466 in
1491 3440 1582 3466 forum
1596 3439 1686 3466 versus
1698 3447 1775 3474 agere
1789 3449 1848 3466 cum
1862 3443 1972 3477 populo.
2019 3441 2192 3478 Capaciusfo-

1142 3486 1197 3503 rum
1211 3478 1332 3507 Comitio,
1349 3474 1449 3502 austum
1468 3482 1507 3502 tot
1523 3478 1599 3502 annis
1615 3475 1797 3502 multitudinem
1811 3478 1897 3503 melius
1910 3482 1984 3514 cepit.
2020 3480 2088 3504 Hinc
2101 3477 2191 3503 foren-

1143 3511 1178 3539 fia
1188 3513 1289 3548 iugera,
1292 3516 1403 3548 primum
1416 3514 1444 3538 in
1450 3511 1514 3547 fora
1526 3510 1594 3537 data.
1631 3508 1717 3544 Postea
1729 3520 1740 3537 e
1746 3511 1811 3547 foro
1824 3515 1899 3539 etiam
1911 3518 1987 3541 nimis
1998 3511 2098 3550 angusto
2106 3519 2189 3539 trans-

1142 3549 1196 3574 lata
1209 3553 1236 3575 in
1251 3549 1365 3583 Campum
1379 3548 1505 3574 Martium
1519 3547 1625 3572 Comitia
1630 3545 1700 3582 satis
1719 3545 1830 3580 constat,
1848 3549 1901 3575 vid.
1926 3556 1972 3577 CA
1983 3555 2006 3575 M
2018 3556 2033 3575 Ρ
2043 3555 2063 3574 v
2072 3555 2085 3574 S
2117 3557 2143 3575 n.
2162 3550 2187 3575 6.

1143 3585 1222 3611 Locus
1235 3582 1394 3618 nobiltffimux
1407 3582 1436 3609 de
1447 3584 1558 3609 comitiis
1570 3580 1603 3614 est
1617 3582 1673 3609 Cic.
1688 3583 1781 3617 Agrar.
1798 3592 1821 3615 2,
1833 3587 1869 3610 26
1881 3593 1901 3610 c.
1916 3593 1939 3611 ιι
1965 3584 2081 3611 Maiores
2093 3582 2125 3610 de
2140 3583 2189 3610 sin-

1142 3619 1209 3654 gulis
1231 3618 1427 3654 magistratibus
1446 3618 1487 3644 bis
1505 3626 1554 3644 vos
1572 3618 1726 3645 sententiam
1746 3619 1819 3646 ferre
1836 3619 1987 3646 voluerunt.
2041 3619 2112 3646 Nam
2128 3628 2190 3646 cum

1142 3657 1289 3683 centuriata
1303 3655 1345 3681 lex
1358 3653 1510 3681 censoribus
1522 3653 1672 3687 ferebatur,
1688 3655 1771 3690 (quos
1783 3655 1888 3681 tributis
1901 3656 2014 3684 Comitiis
2024 3661 2081 3680 ante
2100 3653 2189 3682 eIeHos

1136 3692 1277 3727 putamus)
1298 3690 1397 3717 curiata
1404 3688 1514 3716 caeteris
1521 3689 1639 3724 patriciis
1651 3689 1864 3725 magistratibus,
1883 3689 1947 3725 (per
1960 3692 2102 3717 centuriata
2114 3693 2189 3720 cmii-

1141 3730 1180 3754 tia
1191 3735 1249 3754 ante
1262 3724 1368 3760 eleflis)
1387 3730 1445 3751 tum
1459 3724 1558 3752 iterum
1572 3725 1604 3752 de
1616 3725 1711 3752 iisdem
1726 3725 1911 3757 iudicabatur,
1930 3731 1959 3751 vt
1973 3725 2034 3752 esset
2046 3726 2187 3760 reprehen-

1970 3760 2049 3787 Nunc
2057 3761 2121 3795 quia
2135 3761 2188 3795 pri-

1141 3807 1184 3826 ma
1205 3799 1253 3826 illa
1276 3797 1371 3824 tenetis
1393 3796 1556 3829 (centuriata
1576 3804 1600 3823 et
1617 3798 1729 3827 tributa,
1747 3803 1777 3822 vt
1789 3798 1817 3821 ιἰι
1831 3798 1944 3830 utrisque
1951 3795 2102 3831 plebeiorum
2113 3799 2188 3823 etiam

1140 3838 1208 3861 ratio
1227 3833 1312 3861 haberi
1329 3831 1425 3867 pqffit)
1444 3832 1554 3859 Curiata
1566 3838 1669 3860 tantuin
1681 3831 1859 3866 auspiciorum
1873 3831 1948 3856 causa
1965 3831 2018 3865 (vt
2030 3840 2101 3858 vetus
2110 3833 2187 3857 caeri-

1139 3870 1245 3904 monia)
1270 3868 1459 3895 remanserunt.
1513 3868 1560 3895 Sed
1577 3868 1701 3894 interdum
1720 3869 1793 3892 etiam
1810 3866 1878 3891 binis
1895 3870 2044 3893 centuriatis
2062 3867 2090 3892 de
2107 3864 2185 3891 codem

1140 3905 1278 3932 candidato
1295 3902 1434 3929 iudicatum
1452 3901 1559 3936 ostendit
1579 3904 1634 3931 Cic.
1650 3912 1698 3938 pro
1711 3901 1816 3928 Plancio
1828 3909 1864 3933 49
1878 3909 1898 3926 c.
1912 3909 1948 3928 20
1967 3902 2015 3928 Sed
2031 3911 2074 3928 cur
2087 3908 2136 3933 ego
2150 3898 2184 3924 sic

2140 3968 2180 3994 liu.

1440 3975 1516 4009 ⁶0.
