2474 4182
36 186 106 228 377
430 164 671 208 ANT
1541 167 1784 208 ANT
2107 182 2176 224 373

41 259 166 288 Turnebus
173 266 229 285 vero
241 255 375 291 existimat,
396 266 449 284 cum
461 254 621 291 transfugam
625 251 749 290 simulet,
767 255 810 287 qui
821 256 870 278 iani
878 252 958 288 fidum
970 256 1077 280 mutarit
1126 253 1194 281 etin
1213 252 1330 288 antiquis
1352 251 1514 294 autfini-ibus
1528 255 1640 289 potitum
1662 257 1809 284 inuenitur·
1868 259 1900 285 Et
1910 268 1966 286 mox
1983 260 2005 285 3
2029 260 2178 295 Amefigma

20 320 21 325 ,
37 303 60 323 ct
68 299 179 332 patriani
195 295 261 320 velut
274 302 360 319 nonam
375 301 494 328 nouasque
500 291 571 327 fides
584 290 656 330 exilio
670 290 814 326 quaesterit,
833 298 884 330 eum
898 291 1020 331 ‹ifpcliure
1033 298 1075 330 pa·
1128 299 1188 315 cum
1209 288 1307 323 punem
1320 294 1429 328 ponitur
1450 298 1529 328 intus
1549 291 1641 332 locis,-
1651 294 1697 319 vbi
1713 294 1741 319 in
1752 293 1846 321 eodem
1866 295 1940 321 sensu
1958 295 2076 330 duplices
2089 299 2177 324 versus

20 345 22 363 1
38 329 285 364 triamAntiquaiu,
304 329 415 363 patriani
427 327 578 356 Pristimam,
596 324 752 359 cums-sotum
768 332 883 356 uerterit,
903 333 925 350 et
938 334 1075 351 ciuusanu-
1127 326 1202 356 sunt,
1223 331 1249 350 et
1262 324 1416 356 dubitatur,
1444 334 1491 358 qui
1507 332 1594 359 potius
1609 328 1744 362 eligendus
1759 330 1796 355 fit,

20 366 96 405 *sm-3
108 368 154 392 ius·
191 366 233 392 Sic
250 367 350 399 Tyrus,
372 363 452 391 Diffi),
465 362 572 394 antiqua
587 359 672 398 patria
685 358 779 400 dicitur
802 360 875 394 Virg.
890 362 954 386 Acn.
970 371 998 394 4,
1012 363 1074 401 670.
1166 368 1186 386 Λ
1196 367 1215 386 Ν
1225 367 1246 386 T
1256 368 1264 386 1
1274 367 1319 386 SM
1331 366 1349 386 O
1359 367 1388 391 S,
1410 360 1426 385 i.
1443 361 1490 386 huc
1501 362 1656 396 referebatur
1670 366 1727 390 olim
1735 375 1763 391 ex
1770 365 1845 402 salsa
1859 364 1963 392 leHione
1974 372 2025 401 pro
2039 367 2181 393 Asteismos

20 407 22 437 Ι
38 399 59 466 ἒ
75 409 92 436 7
110 399 155 427 Ad
170 401 246 426 locum
263 403 373 436 priorem
386 407 409 426 et
432 398 610 436 honoratiorem
622 395 816 437 Jlg'fflflsfflftlffljl
843 397 980 436 adhibetur.
1035 399 1075 421 Sic
1092 402 1105 428 5
1128 405 1158 422 ex
1171 396 1244 422 Seru.
1258 395 1290 421 ad
1306 397 1369 439 Aen.
1386 403 1412 428 2,
1428 403 1487 430 547·
1684 434 1687 437 .
1740 435 1744 439 .

4 457 5 460 ,
20 450 22 462 i
60 437 91 464 ic.
104 437 179 462 Verr.
195 444 217 469 5,
232 439 261 467 36
282 446 303 462 c.
320 445 350 469 14
377 434 562 467 Antiquiorem
583 431 725 456 sententiae
749 440 777 456 in
792 435 879 458 icnatu
898 431 1022 458 dicendae
1036 430 1074 455 lo·
1159 439 1187 465 ,A
1201 438 1252 457 NT
1263 439 1271 457 1
1281 439 1293 457 s
1306 439 1324 457 υ
1335 439 1348 457 r
1358 438 1377 457 Η
1391 438 1499 463 ISTA,
1516 440 1554 457 ae.
1573 441 1608 457 m.
1634 433 1766 465 Qiinchl.
1781 445 1812 467 11,
1828 446 1849 468 3,
1866 444 1912 471 127
1944 437 2107 473 Vrbaneque
2120 439 2181 465 Vir-

38 481 94 500 cum
107 471 182 498 dfxit,
239 471 306 498 Gen,
321 480 350 503 ς,
372 479 395 501 13
426 466 613 501 Antiquioreni
627 466 715 492 locum
736 465 834 501 hospiti
856 468 968 499 tribuit,
994 475 1073 501 quani
1129 468 1216 502 ginius
1232 467 1409 501 interrogauit
1423 467 1454 492 de
1468 467 1585 501 quodam
1598 468 1645 493 suo
1659 471 1853 504 Antisophista,
1877 475 1953 505 Qiot
1967 474 2052 501 millia
2065 475 2182 509 passuum

36 507 133 536 clienti.
172 509 237 533 Hinc
250 505 491 542 titlpraerogatiuam
504 511 595 528 omnem
610 502 772 528 denotandam
783 510 894 538 ponunt,
908 513 963 539 ug.
988 504 1075 536 Opor-
1129 503 1306 529 declamasset?
1344 502 1397 528 vid.
1411 503 1482 529 Suet.
1495 503 1594 529 Tiber.
1612 512 1634 529 ti
1670 505 1746 530 Moto
1762 506 1830 532 inter
1851 509 2040 543 Antisophistas
2060 511 2182 544 grauiori

36 549 73 571 tet
91 543 272 577 antiquiorem
291 547 402 571 mortem
420 537 585 572 turpitudine
612 537 705 564 haberi
734 540 763 564 A.
783 539 814 565 ad
830 541 945 565 Hercnn.
960 547 971 569 3
986 546 1038 569 c.3,
1057 539 1075 562 i.
1132 539 1230 573 iurgio.
1270 541 1299 564 Et
1313 538 1344 564 de
1360 538 1455 564 Illustr.
1470 539 1561 565 Grain.
1577 548 1593 571 9
1629 539 1657 564 de
1671 541 1785 573 orbino,
1814 543 1873 568 Fuit
1888 550 1974 570 autem
1990 553 2099 572 naturae
2111 555 2182 573 acer—

36 580 122 615 eligcre
142 586 199 605 ante
221 577 412 613 turpitudinem,
436 577 458 599 ei
477 580 631 608 anteponere.
687 574 743 600 Cic.
766 576 818 601 Att.
833 583 870 607 10,
884 580 897 604 8
921 575 1013 608 Itaque
1028 572 1075 607 qui
1089 581 1116 598 10
1131 574 1179 601 bae
1198 583 1252 600 non
1272 574 1354 600 modo
1374 574 1403 599 in
1422 574 1630 609 Antisophistas,
1658 584 1725 609 quos
1744 578 1819 602 omni
1839 578 1958 605 sermone
1974 581 2119 615 lacerauit,
2139 582 2182 609 sed

37 623 170 650 nunquam
184 614 211 640 id
225 614 288 648 egit,
306 617 334 638 vt
346 609 487 644 Hispaniae
501 618 547 643 pei·
558 610 582 635 se
595 615 757 642 tenerentur,
784 611 883 637 naualis
896 615 1031 643 apparatus
1050 608 1076 634 ei
1130 611 1210 637 etiam
1224 611 1252 636 in
1266 610 1416 644 discipulos.
2054 634 2058 639 ,

16 663 18 669 ·
36 651 138 686 semper
151 648 321 684 antiquiiliina
335 654 395 671 cura
410 645 471 671 fuit.
496 649 514 671 ι’.
530 645 655 680 Ροιζθῑηω
668 653 691 671 et
703 647 773 672 cordi
787 650 814 672 in
823 646 988 681 pri'nn'ssuit.
1026 645 1076 670 Ni·
1167 654 1188 673 Α
1202 653 1222 671 N
1233 654 1254 672 T
1265 654 1272 672 i
1283 654 1295 672 s
1304 654 1319 672 P
1328 653 1349 671 A
1358 653 1370 672 s
1380 653 1401 671 T
1410 652 1431 671 v
1443 652 1455 672 s
1465 665 1473 678 ‚
1495 645 1513 671 i.
1527 654 1562 671 m.
1587 645 1771 680 [οἷντίσπαςος]
1797 657 1820 683 q.
1835 647 1860 673 d.
1881 650 1910 674 ln
1926 655 2081 678 contrarium
2093 653 2120 678 di
2144 662 2184 680 ra-

17 691 19 697 ¹
35 686 74 713 hil
89 683 342 720 antiquiusiudicare
355 681 490 708 communi
504 680 585 707 salute
598 688 623 707 et
633 681 756 708 libertate
770 683 825 708 Cic.
841 683 910 707 Fam.
923 688 1002 713 10,35.
1028 681 1077 706 Ν1-
1132 682 1203 714 Hus,
1226 683 1270 708 Pes
1287 681 1405 708 constans
1420 682 1506 715 prima
1520 687 1546 707 et
1564 687 1657 715 quarta
1672 682 1814 715 breuibus,
1835 684 1945 710 secunda
1959 688 2069 714 ettcrtia
2084 689 2184 722 longis:

14 725 25 745 2¹
36 722 75 749 hil
87 722 135 749 sibi
158 719 289 754 antiquius
301 716 419 743 amicitia
438 716 525 743 nostra
540 717 615 743 fuiss‘e
635 718 691 743 Cic.
706 719 758 744 Att.
774 727 795 749 ε,
809 725 845 742 22.
881 716 918 742 Id.
934 717 1078 748 Faiu.11,33
1131 725 1160 744 vt
1174 716 1328 745 izi‘xander.
1367 718 1543 751 Autispallum
1554 716 1621 743 bene
1637 717 1665 743 in
1680 718 1795 745 clausula
1802 720 1941 753 ponidocet
1956 717 2184 760 Diomed.p..{67‚

7 764 21 780 ἰ
37 758 94 784 Nec
106 755 185 782 habui
199 754 338 789 quicquain
350 752 502 786 antiquius,
531 762 609 787 quain
629 760 656 779 vt
673 755 779 780 Pansam
795 752 880 778 statim
895 752 1076 778 couuenirciu.
1093 756 1117 781 ις
1170 762 1189 781 Α
1199 761 1219 780 Ν
1230 761 1251 780 T
1262 762 1270 780 1
1282 761 1294 780 s
1303 760 1318 780 Ρ
1331 760 1351 780 Α
1363 760 1376 779 s
1385 759 1406 779 T
1417 759 1451 779 ic
1462 760 1480 778 v
1492 760 1504 779 S
1513 773 1522 785 ,
1549 761 1580 785 a,
1610 762 1664 779 um.
1695 755 1754 780 Adi.
1768 762 1812 787 oe,
1843 756 2047 790 Autispasticum
2061 767 2184 793 metrum,

17 782 21 825 ζ,
35 791 112 819 Ν11111
133 790 265 824 antiquius
275 788 329 814 vita
347 788 507 821 existimare,
532 795 558 815 et
576 789 668 815 omnia
686 789 807 815 libertate
820 787 967 821 posteriora
981 788 1078 814 ducere
1133 790 1257 817 Diomed.
1272 799 1297 824 p.
1311 796 1365 822 505.
1387 795 1410 814 et
1423 787 1557 815 Vi&orin.
1579 798 1604 823 p.
1619 796 1675 821 2533
1691 796 1736 815 etc.

37 827 90 854 Cic.
111 825 220 859 Philipp.
243 833 266 857 13
282 834 303 850 c.
317 833 337 856 3.
379 825 470 859 Longe
490 825 697 859 antiquiss'uuuin
715 830 785 850 ratiis
798 824 867 849 sacra
892 825 997 858 publica
1011 824 1077 850 sace·
1170 834 1190 853 A
1202 834 1222 852 N
1231 832 1252 852 T
1262 833 1271 852 1
1281 833 1293 852 s
1303 833 1317 852 P
1327 832 1347 852 o
1356 832 1375 851 D
1384 831 1406 851 A
1415 844 1423 855 ‚
1438 823 1492 858 stuc
1512 832 1534 850 A
1546 831 1567 850 N
1577 831 1615 850 Ti
1626 831 1638 851 s
1648 832 1662 850 1³
1672 832 1690 851 ο
1703 832 1721 852 1)
1732 833 1740 851 1
1750 833 1788 858 A,
1817 824 1948 853 ἄντίσποδα
1969 828 2128 864 Diofioridi,
2148 831 2186 856 «η.

9 863 11 869 ’
36 871 64 890 re
76 861 134 889 Liu.
149 870 166 891 1,
174 869 212 892 32.
255 861 311 887 Cic.
327 860 379 886 Att.
395 869 429 892 12,
444 870 473 887 22
505 861 568 887 Non
583 862 682 895 possum
689 859 853 887 commodius
861 860 986 892 scribere,
997 869 1076 894 quain
1131 859 1243 888 τισπόδιω
1259 862 1367 893 Galerio,
1392 867 1514 887 vocantur
1533 870 1548 886 a
1562 860 1664 886 medicis
1685 864 1766 887 omnia
1779 871 1822 894 ea,
1854 872 1913 898 quae
1925 863 2023 889 eandem
2037 866 2187 901 cccrtijpodio

18 920 21 925 .
37 901 64 926 tii
77 895 172 924 scribis.
191 894 309 922 officium
324 895 354 922 lit
366 896 445 923 nobis
458 897 673 931 antiquissimum.
708 896 746 921 De
761 895 857 921 Tullia
870 905 927 922 inea
947 896 998 922 tibi
1012 896 1078 922 anti·
1130 898 1221 924 habent
1236 896 1406 932 facultatem,
1440 905 1545 932 quaeque
1563 899 1591 922 in
1604 896 1691 931 spodii
1718 901 1818 932 inopia,
1839 905 1888 932 pro
1907 908 1932 925 eo
1956 898 2054 934 poffimt
2069 901 2100 936 sii
2115 906 2187 936 poni.

41 931 178 970 quiffinium
192 933 240 958 ess'e
254 931 350 957 video:
372 931 452 966 idque
466 933 502 959 ita
516 939 544 958 vt
557 932 601 958 sit:
620 938 645 958 te
659 931 829 958 vehementer
844 940 919 965 rogo.
958 933 1014 958 Cic.
1024 933 1077 957 Att.
1087 939 1122 956 20
1132 934 1216 968 Diojc.
1233 940 1255 964 3,
1267 942 1307 966 43.
1344 932 1410 958 Plin.
1423 941 1464 965 34,
1480 941 1503 964 13
1524 932 1542 958 s.
1552 939 1580 964 35
1600 932 1767 967 Antispodon
1779 940 1874 960 vocant
1889 935 2008 962 cinerem
2020 935 2101 963 ficiat
2122 937 2188 970 oris,

41 978 76 1003 ιι,
87 976 108 1002 5.
141 969 173 994 Et
193 967 227 993 ad
238 968 331 1000 Qiint.
349 969 417 994 Frat.
429 977 455 1001 2,
470 977 479 995 1
506 970 583 1002 Isque
597 968 759 994 iudiciorum
771 967 873 992 causam
889 967 1014 1001 suscepit,
1035 975 1078 992 au-
1132 969 1175 995 vel
1188 968 1323 1002 caprifici,
1349 968 1393 994 vel
1408 968 1491 1000 Myrti
1508 968 1640 994 foliorum
1651 975 1697 994 etc.

40 1002 249 1041 tiquissimamquc
261 1005 286 1029 se
302 1003 455 1030 habiturum
471 1004 548 1030 dixit.
584 1003 638 1030 Cic.
655 1004 707 1029 Att.
723 1011 760 1034 12,
775 1011 803 1035 19
823 1009 887 1028 extr.
909 1003 953 1028 Me
969 1002 1078 1037 quidem
1170 1012 1190 1031 A
1200 1011 1251 1030 NT
1262 1011 1433 1036 18'1'ASIS,
1449 1003 1611 1037 [οἱντίςασις]
1633 1004 1749 1037 Schema,
1776 1014 1836 1030 cum
1850 1004 1921 1031 idem
1932 1005 2046 1033 verbum
2059 1008 2189 1042 repetitur

39 1040 64 1069 id
74 1039 155 1066 multo
170 1039 254 1074 magis
269 1046 377 1071 mouet,
403 1040 475 1075 quod
493 1039 563 1066 mihi
576 1039 612 1065 est
629 1037 741 1064 sanffius
756 1044 781 1064 et
793 1038 936 1072 antiquius.
975 1039 1030 1065 Cic.
1047 1038 1079 1063 de
1134 1040 1162 1066 in
1177 1039 1314 1066 contrario
1334 1040 1421 1065 sensu:
1448 1046 1493 1072 vt,
1515 1040 1644 1075 onajlzlus
1658 1037 1753 1072 vitiis,
1774 1043 1867 1066 'zallam
1875 1042 1980 1076 jperare
1995 1043 2111 1078 salutem.
2149 1045 2190 1076 Et,

35 1077 130 1105 Inuent.
146 1084 165 1107 1,
177 1077 211 1108 69
242 1075 316 1109 Qud
331 1075 400 1102 hunc
414 1082 485 1102 tauta
497 1075 692 1102 Thebanorum
705 1074 790 1108 gloria
801 1095 808 1106 ,
836 1080 889 1100 tam
912 1075 984 1101 claro
1001 1080 1079 1108 atque
1135 1077 1172 1102 Ex
1186 1078 1229 1102 illo
1246 1075 1360 1109 Csnydon
1374 1075 1488 1109 Corydon
1503 1074 1536 1108 est
1549 1083 1655 1110 tempore
1673 1076 1750 1102 nobis.
1791 1077 1863 1102 Haec
1882 1077 1977 1104 Latine
1991 1079 2091 1106 dicitur
2102 1081 2189 1106 Inten-

35 1117 155 1144 εισι-111110
169 1117 278 1145 tropaeo
292 1112 378 1138 carius
391 1118 470 1147 atque
484 1111 618 1145 antiquius
629 1109 727 1136 habere
741 1111 884 1136 conuenit?
1092 1118 1122 1143 23
1135 1112 1174 1138 tio
1211 1111 1260 1137 Iul.
1276 1111 1409 1137 Rufiniau.
1431 1120 1456 1145 p.
1470 1119 1506 1143 33.
1544 1111 1676 1144 Qiinetil.
1691 1120 1718 1146 7,
1732 1120 1760 1145 4,
1772 1120 1799 1138 12
1820 1114 1895 1139 aliter
1909 1116 2019 1148 accipit,
2042 1115 2072 1140 In
2084 1124 2190 1150 compa-

23 1170 25 1173 ,
67 1153 371 1186 ANTinARivs,
390 1157 420 1180 a,
442 1157 494 1174 11111.
522 1146 581 1172 Adi.
603 1147 682 1180 [Vet.
697 1146 777 1172 Gloss'.
791 1146 962 1181 φιλάρχαιος]
974 1145 1018 1171 hoc
1037 1154 1079 1171 no-
1133 1147 1238 1174 tatione
1259 1146 1393 1173 malorum
1412 1146 1478 1172 boni
1499 1146 1586 1172 locum
1606 1147 1711 1173 obtinet
1729 1147 1829 1175 leuius:
1854 1154 1883 1174 vt
1904 1149 1921 1174 fi
1936 1150 2076 1176 Mancinus
2094 1151 2190 1178 foedus

14 1208 17 1212 ,
34 1185 93 1211 mine
104 1182 211 1211 homines
224 1180 374 1219 dicii-sunt,
399 1186 442 1219 qui
460 1192 530 1209 voces
538 1181 639 1217 priscas
652 1189 675 1208 et
687 1185 736 1208 iiim
750 1181 792 1208 diu
807 1182 895 1216 desitas
910 1181 1004 1216 curiose
1023 1191 1079 1207 con-
1133 1183 1330 1210 Numantinum
1350 1182 1384 1209 fic
1406 1181 1545 1212 defendat,
1568 1184 1639 1218 quod
1655 1184 1806 1217 periturus,
1823 1184 1873 1210 nisi
1886 1184 1914 1210 id
1929 1185 2029 1211 fastum
2043 1187 2113 1219 esset,
2134 1188 2191 1213 fue.

45 1215 162 1246 eblantur.
199 1218 256 1245 Nec
269 1228 428 1254 quemquam
449 1219 514 1245 adeo
528 1218 710 1253 antiquarium
723 1224 788 1253 puto
797 1238 804 1251 ,
825 1225 853 1244 vt
866 1218 987 1244 Caelium
1002 1226 1032 1243 ex
1048 1226 1078 1243 ea
1134 1219 1170 1246 rit
1183 1219 1314 1245 exercitus
1328 1219 1472 1244 Romanus.
1509 1219 1568 1244 Hoc
1581 1228 1661 1253 genus
1676 1220 1799 1246 α’ντῐςασις
1811 1220 1912 1247 Graece
1923 1222 2094 1249 nominatur:
2119 1230 2192 1250 com·

76 1253 206 1287 telaudet,
226 1264 278 1289 qua
292 1255 417 1289 antiquus
424 1254 459 1281 est
474 1254 542 1281 Dial.
556 1253 588 1280 de
602 1255 676 1280 Caus.
685 1263 755 1280 corr.
771 1255 864 1289 Eloqu.
880 1262 916 1285 21,
926 1263 949 1286 9.
971 1253 1076 1279 Sueton.
1134 1256 1285 1290 paratiuum
1299 1255 1383 1281 nostri
1398 1260 1503 1280 vocant.

16 1309 19 1314 .
54 1299 94 1325 ug.
107 1292 139 1320 86
158 1291 299 1317 Cacozelos
314 1297 341 1317 et
353 1291 518 1325 antiquarios
528 1310 535 1323 ,
556 1296 585 1317 vt
596 1290 702 1316 diuerso
711 1299 806 1324 genere
822 1290 950 1321 vitiosos,
971 1289 1027 1323 pari
1041 1290 1079 1315 fa·
1093 1296 1123 1319 30
1172 1299 1193 1318 A
1205 1299 1225 1317 N
1236 1298 1257 1318 Τ
1267 1297 1354 1318 isTE
1364 1297 1394 1323 S,
1420 1290 1472 1316 itis.
1500 1299 1522 1316 c.
1551 1290 1709 1325 [προςηίτης]
1735 1291 1775 1317 Ab
1794 1294 1896 1327 antiquo
1912 1292 1984 1318 verbo
1997 1293 2120 1328 Antisto‚
2141 1301 2192 1330 pro

7 1348 10 1354 .
32 1325 108 1354 stidio
122 1326 228 1361 spreuit.
266 1327 357 1353 quen.
370 1327 420 1353 Sat.
434 1329 461 1359 6,
475 1336 536 1360 454.
574 1327 734 1361 Ignotosque
754 1325 824 1352 inilii
837 1332 908 1352 tenet
928 1325 1079 1359 antiquaria
1134 1327 1256 1357 Antest0‚
1284 1327 1349 1362 quod
1359 1330 1464 1353 cacteris
1477 1326 1595 1359 antestet,
1629 1327 1657 1352 id
1673 1330 1703 1358 cli
1721 1329 1869 1359 antecellat,
1881 1328 1921 1361 Jic
1934 1336 2056 1355 uocantur
2068 1334 2193 1365 primarii

0 1383 1 1387 .
48 1362 126 1389 ersus.
324 1360 343 1399 5
365 1371 381 1388 z
402 1364 515 1398 Sequiore
536 1369 616 1388 aetate
636 1362 808 1396 Antiquarius
828 1369 896 1393 erat,
921 1371 962 1397 qui
977 1361 1078 1387 Codices
1125 1363 1282 1399 singulorum
1301 1365 1445 1398 templorum
1451 1362 1604 1398 sacerdotes.
1638 1363 1699 1389 Liu.
1714 1372 1733 1395 1,
1748 1371 1764 1397 7
1792 1364 1886 1389 Potitii
1906 1363 1939 1390 ab
1952 1365 2075 1392 Euandro
2091 1366 2193 1399 011οἑ11,

0 1421 3 1426 .
28 1396 136 1431 vetigsior
149 1400 176 1423 in
189 1397 257 1434 vfitm
277 1398 484 1426 Bibliothecarum
503 1398 657 1434 dtjscriberct.
692 1398 788 1429 Auson.
803 1397 882 1432 Epist.
899 1400 926 1424 16
936 1405 980 1432 pr.
1022 1397 1077 1423 Ob·
1132 1398 1260 1425 antistites
1275 1399 1340 1424 sacri
1353 1399 1409 1424 eius
1424 1407 1470 1432 per
1485 1398 1580 1424 inultas
1592 1404 1687 1425 aetates
1701 1399 1818 1425 fuerunt.
1854 1402 1976 1435 Loquitur
1990 1401 2020 1426 de
2027 1405 2113 1436 Jacrls
2130 1404 2193 1428 Her-

0 1433 83 1473 sr‘llata
99 1441 144 1468 per
158 1434 329 1468 Antiquarios
343 1443 426 1461 uiora.
452 1435 505 1461 vid.
521 1443 581 1470 quae
594 1435 635 1461 hic
647 1436 700 1460 viri
711 1432 781 1460 doeh·
801 1443 825 1468 p.
839 1437 888 1465 630
930 1435 992 1459 1‘0ll.
1004 1440 1078 1468 prar-
1132 1437 1204 1461 culis.
1243 1435 1300 1460 Cic.
1317 1443 1365 1468 pro
1380 1435 1468 1460 Domo
1490 1435 1533 1460 sua
1549 1443 1564 1460 2
1586 1435 1722 1460 Antistites
1735 1436 1856 1460 deorum.
1895 1437 1967 1461 Iouis
1980 1437 2109 1464 antistites
2124 1439 2193 1472 Nep.

0 1475 24 1500 i*
42 1472 115 1496 ertim
133 1469 223 1496 Sidon.
237 1470 315 1504 Epist.
330 1479 346 1503 9
360 1470 407 1497 vlt.
426 1471 456 1498 L.
470 1479 498 1497 10
511 1472 540 1497 C.
556 1470 587 1496 de
609 1471 684 1496 Prox.
701 1470 801 1496 Sacror.
818 1470 900 1495 Sci-in.
923 1472 979 1502 (12,
990 1472 1034 1502 19)
1056 1476 1079 1494 et
1093 1477 1120 1503 35
1136 1474 1162 1503 6,
1177 1479 1200 1503 3,
1216 1479 1238 1503 3,
1255 1480 1314 1506 quos
1325 1478 1386 1505 pp.
1408 1470 1553 1496 sacerdotes
1561 1472 1678 1504 appellat.
1716 1472 1862 1505 Dejemtna
1882 1471 1971 1497 Valer.
1986 1481 2005 1503 1,
2016 1481 2053 1502 1‚1
2074 1474 2117 1500 Ne
2130 1474 2194 1499 deae

0 1492 19 1535 ΖΊ
55 1524 61 1532 ·
82 1514 94 1531 2
114 1506 144 1531 C·
162 1505 271 1532 ThQOd·
292 1506 324 1532 de
346 1506 417 1532 Stud.
438 1506 515 1533 liber·
542 1510 641 1540 (14,9)
677 1506 757 1541 ibique
780 1507 881 1532 Iacobus
902 1505 1079 1541 Gothoj1·1·tlzis.
1135 1506 1244 1533 vetustis
1258 1506 1356 1532 ritibus
1369 1507 1454 1540 perita
1467 1505 1561 1531 deciset
1574 1506 1688 1531 antistes.
1732 1507 1788 1532 Cic.
1805 1515 1853 1540 pro
1881 1507 1970 1532 Domo
1987 1508 2031 1533 sua
2051 1517 2099 1541 104
2117 1518 2140 1534 c.
2154 1517 2194 1541 39.

0 1530 21 1588 Σ
57 1540 98 1566 dd.
119 1540 252 1574 itidor.6,
266 1551 304 1574 14.
339 1543 397 1569 Vet.
418 1542 460 1569 Gi.
475 1542 685 1578 Ἀρχαωγροέφος,
713 1541 894 1577 καλλιγριέφος.
933 1543 1034 1567 Guthcr.
1050 1541 1079 1566 de
1136 1544 1176 1570 Sic
1197 1544 1332 1578 Ponit-'sices
1351 1544 1497 1577 alloquitur,
1517 1542 1656 1567 Hunccine
1670 1550 1729 1574 vos,
1743 1542 1791 1576 qui
1811 1541 1870 1567 estis
1889 1543 2018 1569 antistites
2035 1545 2194 1571 cerimonia-

0 1578 3 1587 .

0 1591 2 1602 ι
16 1599 19 1607 .
34 1574 112 1611 Officr
125 1577 197 1603 Dom·
219 1580 286 1613 Aug.
302 1586 324 1609 3,
338 1585 364 1611 7.
562 1576 582 1614 5
605 1586 616 1609 3
639 1579 692 1604 Hoc
699 1577 848 1614 significatu
861 1580 934 1603 ctiam
947 1575 1080 1603 Adsensu.
1134 1588 1195 1605 111111
1210 1585 1235 1604 et
1249 1579 1383 1604 sacrorum
1393 1598 1402 1610 ,
1429 1577 1565 1604 auctorem
1579 1577 1681 1603 habetis
1694 1584 1720 1603 et
1733 1577 1886 1611 magistrum
1901 1578 2024 1612 publicae
2043 1580 2194 1614 religionis.

3 1623 18 1646 χ
60 1612 141 1639 ieron.
160 1612 193 1638 ad
210 1613 327 1639 Florent.
346 1612 424 1647 Epist.
436 1613 461 1638 6.
518 1612 613 1639 Habeo
633 1613 764 1646 alumnos,
788 1614 835 1648 qui
849 1613 1016 1648 antiquariae
1028 1613 1081 1639 arti
1137 1616 1229 1641 quen.
1243 1623 1268 1647 2,
1281 1623 1316 1646 113
1327 1615 1410 1641 Crine
1418 1614 1495 1639 senex
1509 1613 1709 1639 fanaticusalbo
1718 1614 1857 1640 Sacrorum
1865 1614 1979 1641 antistes.
2137 1615 2157 1679 ἒ
2179 1625 2195 1643 2

0 1621 21 1691 Fi
44 1646 154 1675 eruiunt.
1091 1654 1128 1679 40
1137 1650 1251 1677 Antistes
1268 1651 1377 1683 dicitur,
1414 1653 1440 1675 ui
1453 1652 1480 1675 in
1496 1659 1523 1675 re
1537 1651 1622 1685 aliqua
1635 1652 1749 1681 excellit,
1768 1656 1840 1684 atque
1852 1653 2026 1685 principatum
2038 1658 2112 1678 tenet.
2148 1656 2196 1678 'er-

0 1693 6 1715 ;
65 1689 164 1723 ANTi
174 1689 224 1723 qv
234 1690 260 1709 E.
279 1682 345 1710 Adu.
360 1684 429 1711 Hor.
443 1683 580 1719 Epist.2,1,
593 1687 628 1711 66
646 1685 738 1712 Nimis
752 1685 861 1720 antique
875 1684 972 1711 dicere.
1014 1685 1082 1711 Com·
1136 1688 1196 1713 vius
1211 1687 1356 1721 Sulpicius,
1371 1659 1430 1719 tejqie
1445 1684 1577 1718 Qiin&il.
1594 1694 1628 1717 11,
1643 1688 1706 1718 1,69
1723 1685 1791 1711 Iuris
1805 1685 1910 1711 antistes
1923 1687 2067 1721 appellatus
2081 1688 2125 1714 est.
2165 1689 2196 1714 Et

2 1731 3 1734 ¹
23 1728 25 1730 ·
47 1728 84 1746 ar.
96 1719 186 1746 Tacit.
198 1718 230 1745 de
244 1719 333 1745 Germ.
346 1727 369 1752 5,
382 1722 400 1746 6
434 1720 594 1754 'Simplicius
608 1728 634 1747 et
654 1722 798 1757 antiquius.
846 1722 941 1757 Super!-
956 1721 1039 1748 Solin.
1060 1730 1081 1747 c.
1136 1723 1227 1755 Plato,
1247 1723 1396 1756 Sapientiae
1410 1722 1516 1748 antistes
1544 1721 1608 1747 Plin.
1623 1730 1649 1755 7,
1664 1730 1704 1754 30.
1741 1720 1929 1756 Philosophiae
1948 1722 2053 1749 antistes
2074 1724 2194 1751 Laciant.

13 1767 17 1772 ·
44 1762 61 1791 7
79 1755 193 1782 Titanas
207 1755 235 1781 in
249 1763 279 1781 ea
286 1754 462 1790 antiquissime
480 1757 602 1791 regnasse.
1136 1767 1157 1791 3,
1172 1767 1196 1785 2.
1234 1759 1348 1784 Antistes
1362 1758 1426 1784 artis
1440 1758 1497 1783 Cic.
1512 1757 1545 1783 de
1558 1758 1634 1784 Orat.
1647 1766 1674 1789 2,
1688 1765 1746 1783 202.
1783 1758 1891 1783 Artium
1905 1758 2034 1785 antistites
2047 1760 2153 1786 Colum.
2163 1769 2196 1792 11,

65 1798 118 1819 AN
127 1798 149 1818 ‘r
158 1799 167 1817 1
177 1797 226 1832 Qv
237 1789 307 1818 i‘TA
317 1799 339 1818 S.
358 1791 520 1826 [παλαιότης]
547 1791 674 1825 vetustas:
694 1802 735 1819 res
747 1795 873 1829 antiquae,
882 1792 914 1819 de
922 1792 1082 1828 antiquitate
1137 1804 1157 1827 1,
1172 1803 1199 1820 10
1225 1794 1361 1820 Antistites
1378 1793 1485 1827 singulis
1499 1792 1576 1824 dare,
1598 1793 1647 1826 qui
1665 1792 1807 1818 obseruent
1820 1799 1846 1818 et
1857 1794 2024 1828 praecipiant
2044 1795 2083 1820 Id.
2092 1804 2114 1827 3,
2124 1804 2160 1828 21,
2168 1798 2195 1821 6.

17 1826 23 1853 ἱ
47 1826 134 1862 liquid
146 1826 180 1853 ab
193 1827 284 1861 aliquo
300 1828 437 1862 requirere
456 1828 525 1862 Nep.
540 1837 581 1862 25,
596 1837 639 1861 20,
653 1837 687 1855 2..
711 1832 729 1855 ι’.
744 1829 773 1855 de
785 1830 856 1856 rebus
869 1832 982 1864 antiquis
1002 1832 1081 1855 inter·
1091 1836 1125 1862 45
1136 1830 1205 1858 Add.
1226 1839 1285 1865 quos
1298 1830 1383 1856 laudat
1397 1829 1486 1855 Barth.
1500 1828 1619 1859 Adu.34,
1630 1830 1646 1853 6
1658 1836 1686 1862 p.
1705 1835 1774 1860 1554.

13 1862 18 1890 7
47 1871 127 1899 ngare.
168 1862 268 1889 Multae
281 1863 446 1898 antiquitatis
466 1865 567 1899 peritus
586 1865 656 1891 Gell.
672 1874 694 1897 5,
710 1873 745 1891 12.
808 1867 932 1892 Varronis
946 1866 1080 1891 Humana·
1172 1871 1326 1892 ANTisT
1337 1871 1423 1895 1TA,
1440 1871 1478 1888 ae.
1500 1862 1583 1889 Ouid.
1599 1864 1663 1888 Met.
1680 1871 1714 1895 13,
1725 1870 1773 1895 410
1812 1878 1863 1882 —
1880 1863 2026 1899 trafflsque
2047 1865 2130 1891 comis
2149 1874 2195 1892 an-

14 1898 19 1915 '·
36 1906 90 1925 tum
110 1898 298 1933 antiquitatum
318 1900 379 1926 li'bri
398 1902 511 1926 citantur
528 1909 543 1927 a
563 1901 630 1926 Plin.
645 1909 685 1933 13,
701 1909 734 1932 13.
782 1901 823 1927 Sic
837 1900 1003 1933 Qiinct.10,
1017 1909 1038 1931 1,
1050 1907 1081 1932 95
1136 1901 1219 1927 tistita
1240 1899 1350 1925 Phoebi.
1408 1898 1477 1924 Geli.
1500 1906 1538 1929 13,
1554 1906 1588 1923 20
1612 1897 1766 1924 Sacerdotes
1786 1907 1894 1933 quoque
1912 1900 2024 1926 feminas
2045 1902 2082 1927 M.
2097 1902 2195 1928 Cicero

14 1939 16 1943 ’
36 1934 204 1969 Antiquitatis
221 1936 308 1961 omnis
323 1935 498 1970 peritiffiinus.
557 1938 588 1962 Et
607 1945 634 1967 2,
648 1945 671 1968 5,
685 1944 713 1962 21
733 1935 910 1969 Antiquitatis
925 1935 1080 1960 admirator.
1137 1936 1232 1967 (Verr.
1241 1945 1269 1968 4,
1283 1943 1318 1967 99
1336 1937 1421 1967 c.45)
1448 1932 1690 1972 Antiliitasqdiciss
1716 1943 1770 1959 non
1784 1935 1926 1960 secundum
1946 1937 2145 1968 grammaticam
2160 1937 2196 1963 le-

12 1970 206 2022 =¹Antiquitatis
218 1970 370 1998 auetoritas.
407 1970 604 2004 Qiin&il.1‚6‚
618 1979 657 2003 39.
695 1973 726 1996 Et
739 1976 762 2002 8,
778 1979 799 2003 3.
814 1980 850 2003 24
873 1971 1025 2004 Antiquitas
1038 1970 1081 1996 dat
1138 1981 1198 2006 gem
1216 1969 1360 2003 Autistites.
1405 1970 1475 1995 Nam
1491 1978 1575 2002 quum
1598 1968 1750 1994 insolentias
1765 1969 1911 1995 verborum
1930 1978 1944 1995 a
1960 1971 2095 1997 veteribus
2110 1972 2196 1998 dieto-

3 2007 18 2039 ’,
33 2006 188 2041 ,lignitatem
201 2006 300 2033 verbis.
323 2007 380 2034 Cic.
395 2006 427 2032 de
441 2007 499 2032 Fin.
516 2016 535 2038 1,
549 2009 580 2039 65
596 2016 616 2032 c.
632 2015 666 2032 20
692 2006 772 2040 Qiod
793 2015 873 2041 quain
893 2015 1016 2040 magnum
1042 2005 1081 2037 fit,
1091 2012 1125 2037 50
1135 2016 1196 2033 rum
1212 2007 1369 2039 plerumque
1379 2005 1530 2042 respueret:
1555 2003 1635 2028 huius
1651 2009 1739 2029 tamen
1752 2004 1829 2043 verbi
1846 2004 1874 2029 in
1888 2013 1918 2030 ea
1929 2013 2004 2038 parte
2017 2007 2106 2033 sonitu
2124 2007 2196 2034 dele-

33 2039 106 2069 licJtae
120 2048 241 2068 veterum
255 2042 360 2069 fabulae
375 2042 506 2068 declarant
521 2053 526 2068 ε
554 2043 582 2068 111
595 2042 691 2076 quibus
710 2049 763 2068 tam
778 2042 884 2074 inultis,
917 2049 1024 2074 tamque
1038 2050 1082 2066 va-
1136 2041 1236 2071 Status,
1259 2040 1401 2067 Sacerdotes
1415 2038 1629 2077 inquitCereris,
1646 2039 2015 2078 utque1'iliusjarziAtztcstitae.
2055 2044 2095 2070 Sic
2107 2043 2197 2070 IStaue

38 2079 79 2104 ·iis
95 2077 128 2104 ab
144 2078 238 2104 vltima
251 2079 409 2113 antiquitate
423 2078 560 2113 repetitis,
580 2079 632 2104 tria
640 2079 685 2104 vix
695 2078 843 2103 amicorum
857 2077 931 2110 paria
945 2076 1082 2108 reperiun-
1136 2075 1278 2101 barbarico
1293 2073 1405 2106 Cybeles
1425 2073 1541 2113 antistita
1556 2073 1628 2099 buxo
1644 2075 1718 2109 Virg.
1737 2083 1765 2100 in
1776 2075 1835 2101 Ciri
1848 2078 1903 2102 166.

28 2123 83 2144 „iir-
106 2114 256 2148 Antiquitas
277 2115 381 2148 generis
400 2114 470 2148 Nep.
484 2123 503 2146 1,
520 2123 539 2139 1.
593 2114 746 2146 Antiquitas
763 2112 867 2145 generis
887 2119 917 2135 ex
940 2109 1080 2135 clarissimo
1172 2117 1194 2136 A
1205 2117 1224 2135 N
1234 2117 1296 2136 TIS
1306 2116 1327 2136 T
1337 2117 1346 2136 Ι
1357 2116 1378 2136 Τ
1388 2117 1397 2135 1
1407 2116 1477 2141 VM,
1498 2118 1517 2135 1.
1537 2118 1564 2135 11.
1585 2109 1747 2144 [troarno-[oz]
1770 2112 1940 2145 Exi-elimina,
1960 2119 1983 2138 et
1998 2113 2067 2149 quast
2087 2114 2196 2142 Antisti-

41 2149 178 2183 nunicipio
190 2150 309 2184 profecta
330 2150 386 2176 Cic.
400 2159 449 2183 pro
463 2150 539 2175 Font.
553 2157 587 2179 31.
625 2147 793 2179 Antiquitas,
813 2154 861 2179 pro
875 2145 937 2178 lplis
952 2144 1079 2178 antiquis.
1135 2146 1169 2172 tis
1185 2145 1308 2182 dignitas.
1351 2146 1429 2172 Mart.
1451 2145 1551 2180 Capell.
1566 2154 1582 2171 2
1609 2146 1677 2172 Ante
1696 2145 1762 2172 hanc
1783 2146 1911 2181 quaedam
1931 2150 2091 2184 augustioris
2106 2152 2197 2178 vultus

32 2185 95 2211 ¹¹lin.
115 2185 162 2210 lib.
179 2192 205 2211 12
219 2194 272 2219 cap.
287 2194 315 2218 19
336 2185 542 2210 Cinnaniomum
557 2188 583 2206 et
600 2181 676 2206 casias
690 2180 809 2206 fabulose
829 2180 949 2206 narrauit
963 2180 1080 2215 antiqui·
1094 2188 1121 2214 55
1136 2182 1237 2208 femina
1258 2191 1286 2208 ac
1301 2182 1374 2208 sacro
1392 2182 1494 2208 lumine
1508 2181 1682 2217 aetherioque
1701 2182 1867 2219 resplendens
1888 2185 2039 2212 venerabili
2064 2187 2196 2215 antistitio

30 2228 76 2249 ias.
129 2219 201 2254 ,Adde
219 2221 292 2246 Curt.
301 2226 327 2254 7,
341 2227 363 2250 3,
377 2227 419 2243 22.
457 2217 512 2243 Cic.
526 2217 557 2242 de
572 2216 664 2242 Diuin.
680 2225 692 2242 2
707 2226 728 2242 c.
743 2225 779 2248 33.
808 2223 832 2242 et
843 2217 926 2242 Tusc.
943 2226 949 2242 1
975 2225 1029 2251 cap.
1043 2225 1079 2243 12.
1138 2219 1329 2253 praeminebat.
1367 2233 1411 2238 -—
1431 2218 1503 2244 Huic
1515 2217 1670 2244 Athanasiae
1684 2227 1782 2244 nomen
1795 2219 1857 2245 suit.

32 2252 34 2260 '
69 2254 90 2284 z‘
105 2255 269 2288 Antiquitas,
294 2257 311 2279 i.
331 2256 416 2279 virtus
435 2255 540 2288 antiqua
561 2252 663 2279 Sallust.
677 2252 744 2287 apud
756 2253 879 2279 Seruium
898 2252 931 2278 ad
942 2253 1040 2287 Georg.
1056 2262 1081 2285 2,
1172 2261 1255 2281 ANT
1266 2261 1355 2281 tsTA
1365 2261 1456 2287 Tvs,
1475 2252 1513 2280 sis.
1533 2263 1568 2279 m.
1586 2254 1661 2280 Idem
1677 2255 1796 2281 Tertull.
1810 2254 1878 2282 Adu.
1891 2256 1995 2283 Valent.
2016 2266 2038 2283 c.
2054 2265 2079 2290 13
2109 2259 2196 2293 Ange-

41 2286 84 2325 ᾗ
101 2291 227 2323 ,Tantum
246 2289 413 2324 antiquitatis
434 2297 565 2323 curaeque
584 2288 733 2315 maioribus
752 2298 801 2323 pro
817 2288 906 2315 Italica
922 2295 998 2322 gente
1019 2289 1082 2321 fuit,
1137 2290 1227 2317 lorum
1242 2289 1446 2324 comparaticius
1460 2289 1603 2316 antistatus.

26 2328 33 2337 “
44 2343 47 2348 1
82 2312 99 2335 '4
111 2325 236 2354 iestionem
251 2336 265 2352 a
279 2323 462 2352 comestoribus
475 2331 566 2351 tuetur.
594 2324 646 2350 vid.
664 2326 685 2351 Ι.
702 2325 729 2351 F.
739 2326 846 2351 Gronou.
863 2325 962 2350 adLiu.
972 2333 991 2356 1,
1000 2333 1030 2357 32
1041 2333 1082 2360 pr.
1174 2334 1196 2353 A
1205 2333 1257 2353 NT
1267 2334 1275 2352 1
1285 2333 1297 2352 s
1307 2333 1328 2352 T
1339 2332 1374 2358 0,
1401 2325 1456 2352 vid.
1472 2348 1473 2351 ,
1497 2333 1519 2352 Α
1528 2333 1550 2352 Ν
1559 2333 1580 2352 Τ
1589 2333 1605 2352 Ε
1614 2332 1694 2352 STO.

54 2335 220 2398 Ἓῇᾞᾳν
231 2361 331 2388 ΪΤνε-
367 2360 433 2387 Αεὶιι.
459 2360 500 2387 Ab
518 2363 622 2396 antiquo
636 2367 751 2396 tempore.
794 2361 864 2387 Caes.
885 2361 913 2387 Β.
927 2360 994 2386 Gall.
1010 2368 1036 2395 7,
1051 2369 1081 2393 32
1095 2367 1130 2391 60
1173 2369 1195 2389 A
1205 2369 1295 2388 Nris
1305 2368 1380 2388 TOE
1391 2368 1464 2388 cuo
1474 2369 1504 2388 N.
1532 2370 1557 2387 n.
1579 2360 1755 2396 [α’ντὶςωχον]
1778 2363 1872 2399 figura
1884 2360 1933 2395 est,
1953 2372 2025 2399 quum
2037 2365 2113 2391 litera
2133 2368 2194 2397 (501-

45 2390 206 2432 ciim‘finguli
225 2397 389 2432 magistratus
402 2396 549 2431 antiquitus
569 2397 655 2423 creari
668 2411 712 2416 ——
727 2397 895 2423 consuessent.
934 2396 996 2422 Bell.
1012 2397 1080 2423 Gall.
1136 2401 1218 2430 χεῖον)
1242 2401 1348 2432 ponitur
1361 2404 1411 2432 pro
1423 2398 1506 2423 litera.
1527 2404 1571 2432 vt,
1588 2397 1701 2431 Magalia
1712 2404 1761 2432 pro
1776 2398 1911 2432 Magaria3
1931 2399 1999 2426 Sella
2008 2407 2058 2436 pro
2072 2400 2153 2433 Seda3
2172 2408 2197 2428 ec

45 2441 70 2466 2,
80 2441 98 2466 4
113 2432 226 2460 Rhenum
242 2433 395 2468 Antiquitus
408 2432 564 2459 transduc'ii.
601 2434 633 2459 E!
648 2434 675 2465 6,
691 2441 709 2466 4
729 2434 853 2467 Qiorum
867 2433 1015 2467 antiquitus
1027 2438 1083 2458 erat
1136 2433 1247 2460 Melitor
1259 2442 1306 2468 pro
1319 2432 1447 2459 Meditor.
1475 2432 1528 2459 vid.
1543 2433 1616 2459 Seru.
1632 2433 1664 2459 ad
1678 2435 1744 2459 Aen.
1759 2442 1779 2464 1,
1793 2442 1851 2468 425.

43 2465 128 2496 ''uffle
139 2469 240 2496 ciuitas.
276 2469 395 2495 Pondera
408 2469 511 2504 fulgent
524 2468 672 2503 antiquitus
686 2469 745 2495 aui-i
764 2469 808 2495 Sil.
819 2478 850 2501 u,
865 2474 920 2499 280.
957 2469 1081 2502 Antiqui·
1174 2476 1195 2495 A
1205 2476 1226 2495 N
1235 2476 1256 2495 T
1267 2476 1295 2494 is
1305 2475 1326 2494 T
1336 2475 1355 2494 R
1365 2467 1382 2494 i}
1392 2476 1406 2494 Ρ
1416 2475 1436 2495 H
1446 2475 1465 2495 o
1474 2476 1496 2495 N
1505 2488 1514 2501 ,
1539 2469 1619 2495 ontis.
1644 2478 1670 2495 n.
1696 2469 1875 2504 [α’ντιςρέφον]
1902 2471 2138 2507 Argumentationss
2155 2482 2197 2509 ge-

55 2498 235 2542 uiffiffitatum
248 2505 313 2531 Plin.
328 2510 362 2535 18,
377 2510 411 2535 18.
470 2504 602 2538 Qinffli.
619 2513 640 2537 1,
653 2513 690 2537 10,
707 2513 733 2531 12
761 2506 853 2538 Quun
865 2503 1024 2538 Pythagoras
1038 2518 1083 2523 --·
1137 2515 1192 2535 nus,
1205 2504 1269 2540 quod
1283 2505 1461 2538 Reciprocuin
1469 2506 1558 2531 Latine
1569 2505 1664 2531 dicitur
1675 2503 1776 2531 auciore
1796 2506 1886 2532 Gellio
1896 2517 1916 2538 ς,
1927 2515 1954 2532 10
1968 2513 1991 2532 et
2001 2518 2005 2532 .·
2014 2522 2029 2539 1,
2050 2512 2093 2543 qui
2106 2512 2144 2534 ita
2156 2509 2196 2535 de-

22 2536 161 2581 Ϊεσςρξὶιηι
183 2541 235 2568 fine
248 2540 332 2572 dubio
357 2541 504 2576 antiquitus
523 2541 680 2575 opinionem
694 2540 853 2575 vulgauerit.
912 2542 943 2566 Et
958 2541 976 2566 s.
992 2545 1016 2570 18
1042 2540 1083 2565 Sic
1097 2543 1128 2574 65
1130 2541 1241 2577 scribit,
1262 2549 1345 2574 quum
1365 2548 1550 2574 argumentum
1566 2541 1729 2576 propositum
1745 2541 1843 2568 referri
1862 2548 1954 2568 contra
1972 2544 2151 2579 ,conuertique
2165 2545 2195 2571 in

41 2584 49 2598 n
85 2577 134 2603 itui
147 2585 243 2611 pueros
263 2577 408 2611 antiquitus
425 2577 517 2603 solitos
531 2578 579 2603 effe
598 2576 768 2603 demonstrat.
806 2579 836 2603 Et
851 2577 868 2602 s.
884 2584 914 2608 30
935 2575 1002 2602 Cum
1016 2584 1082 2601 vero
1137 2586 1199 2602 euni
1217 2575 1317 2610 potest,
1334 2585 1349 2602 a
1363 2585 1418 2611 quo
1430 2577 1532 2603 dietum
1552 2577 1602 2608 est3
1635 2583 1661 2603 et
1676 2583 1820 2612 Vtrumque
1841 2579 1940 2612 pariter
1954 2579 2037 2605 valet:
2065 2581 2144 2614 quale
2157 2581 2195 2607 est

21 2626 25 2635 1
50 2611 178 2647 ntiquitus
196 2622 279 2647 vsque
299 2622 314 2639 a
325 2612 444 2639 Chirone
464 2619 489 2638 et
502 2608 608 2639 ‘Achille
628 2613 661 2639 ad
674 2613 762 2639 nostra
775 2619 895 2647 tempora
909 2612 976 2647 apud
991 2620 1082 2638 omnes
1137 2612 1321 2647 peruulgatum
1336 2611 1402 2638 illud
1411 2633 1419 2645 ,
1439 2621 1493 2647 quo
1505 2614 1675 2647 Protagoram
1687 2614 1869 2648 Sophistarum
1882 2614 2042 2641 acerrimum
2055 2616 2131 2642 vsuin
2146 2618 2196 2644 effe

46 2662 76 2667 —
90 2648 229 2674 durauerit
248 2650 296 2673 int.
315 2647 365 2673 hoc
386 2647 511 2673 studium.
565 2649 722 2683 Antiquitus
745 2649 895 2675 institutum
911 2648 1036 2674 Aurelius
1051 2648 1079 2673 in
1136 2649 1226 2675 ferunt
1240 2648 1363 2674 aduersus
1376 2649 1519 2675 Euathlum
1548 2649 1715 2683 Discipulum
1729 2649 1804 2675 suum
1818 2657 1862 2675 etc.
1906 2650 2002 2676 Deinde
2022 2660 2044 2677 c.
2065 2660 2087 2678 11
2113 2652 2196 2688 refert

45 2683 146 2717 irincip.
165 2683 198 2708 D.
225 2682 256 2709 de
268 2681 344 2708 offic.
365 2683 449 2709 Praef.
469 2683 585 2710 Praetor.
610 2684 797 2711 Percrebuerat
811 2685 957 2719 antiquitus
972 2684 1037 2710 Plin,
1055 2684 1082 2709 in
1137 2684 1201 2711 illud
1221 2686 1351 2711 Bianteum
1369 2684 1399 2710 de
1418 2694 1495 2711 more
1516 2688 1587 2720 turpi
1605 2686 1686 2720 κοινῇ,
1712 2692 1756 2711 aut
1765 2685 1873 2720 pulchra
1885 2687 1951 2719 1111νῇ
1964 2697 1979 2712 a
1992 2687 2137 2722 quibusdam
2144 2695 2196 2724 pro

2 2723 5 2725 ’
46 2721 127 2752 ’aneg.
141 2726 197 2753 cap.
210 2726 245 2750 31.
282 2719 314 2744 Et
328 2717 394 2744 ibid.
408 2723 447 2751 82,
462 2725 479 2753 7
503 2718 590 2745 Video
603 2720 675 2746 enim
689 2720 742 2747 iam
757 2721 819 2747 inde
837 2721 984 2755 antiquitus
1003 2720 1082 2746 mari-
1091 2727 1128 2754 70
1137 2720 1355 2754 Antistrephonte
1374 2720 1501 2753 habitum,
1521 2720 1570 2756 scd
1587 2722 1658 2747 male.
1711 2722 1851 2756 Exemplum
1869 2724 1987 2757 optimum
2002 2725 2058 2757 peti
2070 2724 2152 2758 potest
2165 2734 2195 2751 ex

8 2752 10 2758 '
46 2763 74 2780 os
100 2753 222 2785 dearum,
250 2762 279 2780 ac
299 2753 411 2781 deorum
435 2754 534 2781 liberos
553 2761 614 2781 etc..
653 2756 718 2783 Non
736 2757 804 2784 adeo
817 2757 965 2791 antiquitus
986 2756 1084 2791 placuit
1138 2757 1194 2783 Cic.
1210 2757 1286 2783 Verr.
1302 2765 1320 2789 4
1342 2765 1363 2782 c.
1378 2761 1410 2789 98
1448 2758 1559 2783 Annona
1579 2757 1696 2791 pretium
1715 2756 1764 2782 nili
1778 2758 1806 2783 in
1825 2757 1974 2784 calamitate
1987 2758 2126 2785 fruc'iuum
2139 2769 2194 2786 non

0 2802 22 2822 κ,
47 2790 99 2817 lin.
111 2798 140 2821 2,
161 2797 186 2816 2.
1137 2792 1225 2819 habet.
1267 2792 1294 2818 Si
1308 2798 1397 2818 autem
1415 2791 1520 2819 vbertas
1535 2793 1564 2818 in
1582 2792 1763 2827 percipiendis
1777 2792 1910 2820 frutffibus
1926 2794 1995 2827 fuit,
2021 2796 2194 2831 consequitur
2210 2824 2213 2826 ,

19 2824 25 2836 ”
70 2826 276 2869 ANquvo,
295 2828 348 2851 are.
368 2824 547 2862 [oe'noepxom'm‚
567 2828 721 2863 καταργέω,]
739 2828 879 2866 Abrogare,
899 2828 1007 2860 abolere,
1019 2826 1083 2862 siue,
1137 2829 1227 2855 vilitas
1242 2828 1270 2854 in
1285 2827 1440 2854 vendendis.
1493 2827 1574 2861 Potest
1589 2831 1653 2854 enim
1667 2832 1795 2862 conuerti,
1823 2830 1849 2856 Si
1861 2832 1993 2856 calamitas
2000 2829 2136 2866 fruHuum
2147 2829 2194 2865 est,

47 2868 63 2888 =t
75 2861 182 2888 Nonius
199 2868 380 2896 interpretatur
392 2870 419 2894 2,
434 2864 468 2897 67
488 2862 684 2897 Obsolefacere,
699 2870 725 2890 et
746 2873 760 2890 e
773 2864 902 2891 memoria
916 2863 1023 2890 tollere:
1044 2865 1085 2890 vel
1136 2874 1161 2892 eo
1175 2868 1260 2891 carius
1273 2864 1431 2890 venduntur:
1458 2864 1487 2891 Si
1497 2863 1532 2898 est
1546 2866 1638 2891 vilitas
1650 2874 1781 2897 annonae,
1806 2874 1831 2891 eo
1843 2869 1922 2892 maior
1935 2870 1965 2898 est
1985 2869 2065 2901 copia.

47 2904 63 2923 τ
79 2896 184 2930 Festus,
202 2898 233 2924 In
248 2897 387 2932 antiquum
400 2906 504 2925 morem
517 2898 652 2926 reducere.
700 2901 751 2926 Vix
770 2903 846 2927 aliter
864 2903 990 2932 inuenies,
1010 2909 1081 2935 quam
1095 2903 1127 2931 75
1172 2908 1194 2927 A
1204 2907 1355 2927 NTisTR
1365 2898 1437 2927 ὁΡΗ
1447 2907 1481 2933 Ε,
1510 2909 1545 2927 es.
1571 2900 1591 2926 f.
1610 2899 1778 2935 [ἐντιςροφὴ]
1805 2902 1895 2927 Latine
1914 2901 2075 2928 Conuersio:
2095 2901 2194 2938 species

33 2951 35 2953 >
47 2949 48 2953 1
68 2933 199 2970 formula,
233 2933 378 2968 Antiquare
393 2933 487 2968 legem.
530 2935 628 2970 Legem
642 2945 694 2962 vna
707 2936 795 2970 plures
809 2936 895 2962 tribus
909 2936 1081 2970 antiquarunt
1135 2935 1342 2972 §strepetitioniss
1363 2937 1540 2971 Epanaphorar
1552 2939 1693 2969 contraria,
1707 2946 1779 2972 quum
1795 2937 1822 2962 in
1835 2936 1944 2963 eandem
1953 2943 2055 2971 partem
2068 2941 2192 2964 orationis

57 2969 126 3002 111.5,
139 2977 178 3001 30.
214 2968 282 2995 Add.
296 2974 318 3000 8,
331 2976 371 3004 37.
397 2971 428 2996 Et
440 2978 475 3003 31,
489 2972 506 2997 6
531 2971 646 3006 Rogatio
660 2971 692 2998 de
707 2972 778 2998 bello
796 2972 970 2998 Macedonico
988 2971 1082 3006 primis
1129 2973 1231 3009 saepius
1244 2971 1380 2998 desinitur.
1415 2972 1576 2998 Cuiusmodi
1590 2971 1626 2998 est
1640 2972 1691 2999 hoc
1709 2981 1758 3007 pro
1779 2973 1910 3005 Fonteio,
1950 2974 2089 3000 Frumenti
2107 2974 2192 3000 maxi-

64 3004 177 3043 ·mitiis,
197 3003 231 3031 ab
244 3004 370 3031 omnibus
383 3005 440 3033 fere
460 3007 587 3036 centuriis
605 3008 741 3043 antiquata
756 3008 799 3034 est.
838 3008 894 3034 Cic.
909 3008 940 3034 de
955 3008 1047 3043 Legib.
1059 3017 1082 3040 3,
1135 3018 1194 3035 mus
1208 3017 1333 3034 numerus
1347 3016 1362 3033 e
1377 3007 1480 3040 Gallia,
1496 3008 1628 3043 peditatus
1642 3008 1811 3043 amplissimae
1825 3009 1916 3043 copiae
1928 3017 1943 3034 e
1960 3008 2061 3041 Gallia,
2086 3009 2191 3044 equites

3 3051 6 3056 ¹
51 3045 64 3070 8
76 3049 98 3067 c.
113 3047 142 3074 17
168 3041 224 3066 Vos
243 3040 324 3073 item,
349 3046 378 3068 vt
390 3041 487 3075 video,
514 3042 600 3078 legem
612 3044 768 3079 antiquastis
781 3044 832 3070 sine
846 3043 951 3070 tabella.
1007 3044 1080 3070 Idem
1135 3053 1247 3071 numero
1261 3044 1392 3079 plurimie
1402 3044 1500 3070 Gallia.
1537 3045 1636 3080 Aquila
1653 3045 1790 3072 Romanus
1809 3044 1954 3080 defiguris
1962 3045 2025 3070 sent.
2034 3051 2064 3079 p.
2073 3053 2108 3071 20
2121 3046 2190 3073 Pith-

48 3081 91 3101 tt.
107 3084 127 3107 ι.
139 3083 173 3107 13-
208 3075 267 3102 Piso
280 3090 323 3094 -—
336 3085 444 3112 operam
457 3078 516 3110 dat,
534 3085 564 3106 vt
578 3088 608 3106 ea
615 3081 738 3114 rogatio,
759 3089 837 3115 quani
852 3080 919 3112 fert,
941 3085 966 3105 et
979 3079 1032 3106 fert
1048 3088 1079 3106 ex
1093 3083 1124 3109 80
1136 3081 1211 3116 Conj.
1227 3081 1306 3106 Mart.
1323 3079 1422 3115 Capell.
1437 3089 1462 3114 p.
1479 3088 1529 3115 175.

53 3111 113 3142 Cto‚
132 3117 159 3136 et
179 3110 211 3136 de
223 3111 354 3145 religione
363 3132 372 3145 ,
395 3113 558 3149 antiquetur.
596 3117 627 3142 Et
641 3124 661 3149 1,
679 3125 709 3149 14
734 3116 803 3142 Curii
819 3116 874 3141 dies
887 3116 993 3144 venisset
1004 3124 1081 3151 roga·
1172 3124 1192 3143 A
1204 3124 1225 3143 N
1235 3123 1256 3142 T
1266 3124 1275 3142 1
1284 3123 1305 3142 Τ
1314 3123 1359 3142 HE
1370 3123 1394 3143 1.
1426 3114 1583 3151 [Ἄντίθεαι]
1617 3115 1725 3152 ,Qiidam
1738 3116 1799 3143 mali
1810 3115 1866 3147 dei,
1884 3124 1943 3152 quos
1955 3115 2066 3152 aMagi's
2079 3115 2192 3154 confingi

49 3147 106 3174 ¹oni
127 3155 159 3172 ex
180 3146 248 3173 SCto
260 3147 399 3181 ferendae,
423 3150 612 3178 concursabant
627 3151 761 3178 barbatuli
782 3152 891 3178 iuuenes
905 3166 947 3171 -—
961 3157 986 3178 et
1000 3161 1081 3187 popu·
1134 3155 1173 3179 ait
1181 3151 1282 3178 Arnob.
1296 3160 1315 3185 4
1328 3161 1353 3186 p.
1364 3160 1408 3185 134
1418 3151 1446 3178 Si
1459 3153 1538 3186 magi,
1547 3152 1716 3186 haruspicum
1729 3152 1824 3179 fratres
1832 3152 1884 3178 suis
1899 3152 1927 3177 in
1939 3150 2116 3178 accitionibus
2134 3161 2190 3179 me-

64 3193 67 3205 ·
83 3192 107 3215 1,
128 3188 158 3209 vt
170 3182 329 3218 antiquaret,
343 3184 479 3218 rogabant.
534 3188 576 3214 Sic
593 3187 649 3214 Cic.
665 3188 717 3215 Off.
732 3196 758 3220 2,
767 3195 797 3222 73
813 3197 833 3213 c.
846 3196 874 3214 21
890 3189 980 3222 Quini
995 3189 1081 3223 legem
1135 3194 1242 3215 morant
1251 3188 1390 3214 Antitbeos
1398 3188 1498 3222 saepius
1511 3188 1642 3222 obrepere
1649 3196 1699 3223 pro
1707 3188 1805 3214 accitis.
1842 3188 1895 3214 Esse
1908 3193 1995 3214 autem
2005 3187 2052 3214 hos
2061 3188 2190 3222 quosdam

59 3218 174 3254 grai-iam
187 3218 286 3250 ferret,
318 3227 397 3253 quam
410 3226 497 3248 tamen
509 3223 643 3258 antiquari
656 3224 735 3250 facile
749 3224 828 3258 passus
839 3223 884 3249 est.
921 3224 1083 3259 Antiquatur
1134 3225 1254 3252 materiis
1268 3232 1300 3250 ex
1314 3223 1479 3250 crassioribus
1500 3224 1622 3258 spiritus,
1643 3224 1691 3259 qui
1704 3223 1766 3250 deos
1780 3224 1804 3249 se
1816 3223 1928 3257 fingant,
1946 3223 2102 3258 nesciosque
2116 3233 2189 3251 men-

2 3265 9 3275 »
43 3268 45 3275 ·
59 3263 93 3318 ξο
106 3254 165 3287 lex,
189 3263 263 3290 quum
275 3255 383 3290 populus
400 3265 451 3282 eam
459 3258 576 3294 perferri
590 3268 637 3285 non
647 3263 766 3295 patitur,
779 3259 920 3296 Juffragiis
931 3261 1080 3296 improbans.
1094 3262 1122 3291 85
1135 3260 1217 3287 daciis
1229 3266 1254 3286 et
1269 3259 1584 3286 fimulationibusludant
1595 3266 1641 3286 etc.
1678 3259 1795 3287 Laetam.
1811 3267 1836 3291 2,
1851 3267 1878 3291 9,
1894 3266 1922 3292 19
1942 3259 2101 3287 Antitheuin
2113 3260 2189 3294 dicit,

0 3299 11 3330 s
40 3298 43 3303 ¹
62 3296 187 3327 „rogatur
204 3297 284 3330 autem
304 3296 380 3316 vetus
389 3290 448 3324 lex,
478 3302 550 3328 quam
567 3303 640 3321 antea
653 3297 730 3322 latam
740 3297 846 3330 populus
853 3295 992 3332 suffragiis
1004 3298 1080 3323 tollit.
1134 3306 1202 3334 quem
1217 3297 1234 3322 s.
1252 3304 1274 3322 11
1295 3295 1438 3322 Aemulum
1451 3296 1502 3322 Dei
1514 3303 1655 3326 vomuerat,
1669 3298 1825 3331 principium
1839 3294 1902 3321 illud
1919 3297 1988 3322 mali.

27 3328 37 3345 ’1
62 3339 98 3353 »s
151 3326 287 3355 Minucius
309 3326 377 3361 apud
394 3327 454 3354 Liu.
468 3336 509 3361 22,
521 3337 546 3361 31
574 3331 665 3366 Itaque
681 3331 864 3366 plebiscitum,
889 3340 942 3366 quo
956 3339 1080 3359 oneratus
1171 3340 1224 3359 AN
1235 3339 1334 3359 TITH
1345 3330 1437 3364 ἕεις,
1462 3332 1520 3358 is.f.
1541 3331 1694 3366 [ἐπίθεσις]
1713 3331 1884 3364 Ifidor01,34
1896 3329 2188 3366 finienteestcontraria

54 3376 67 3395 t.
97 3361 104 3367 ”
135 3371 216 3398 quam
233 3361 380 3388 honoratus
394 3363 467 3395 sum,
485 3365 587 3398 primus
604 3367 715 3402 antiquo
734 3366 820 3404 (quali
833 3377 860 3393 re
873 3368 953 3394 adhuc
963 3371 1081 3405 integra)
1134 3368 1232 3403 positio
1260 3367 1353 3394 literae
1389 3376 1439 3403 pro
1463 3368 1516 3394 alia
1537 3368 1629 3394 litera:
1668 3370 1756 3402 impete
1774 3375 1824 3401 pro
1836 3369 1943 3401 impetu,
1974 3372 2001 3394 et
2020 3366 2062 3393 oili
2076 3376 2125 3402 pro
2139 3367 2187 3394 illi.

4 3398 6 3406 '
41 3406 204 3438 mii-toque,
222 3399 300 3430 (licet
307 3399 433 3433 perlatum
432 3398 488 3433 fit)
511 3402 744 3439 Notaantiquantis
756 3407 783 3429 in
791 3403 880 3430 tabella
887 3402 1012 3440 fieffragii
1027 3411 1081 3431 erat
1135 3402 1155 3443 5
1178 3413 1194 3431 2
1214 3403 1285 3430 Iulio
1297 3403 1441 3430 Rufiniano
1455 3403 1487 3430 de
1500 3403 1643 3430 Schematis
1656 3403 1756 3429 Lexeos
1768 3411 1793 3437 p.
1807 3411 1833 3435 31
1845 3403 1891 3435 est,
1904 3411 1965 3429 cum
1978 3402 2091 3430 verbum
2101 3402 2187 3429 verbo

25 3460 44 3471 ,Δ
54 3458 66 3462 a
80 3437 108 3480 ’ψ
119 3431 168 3473 'suo
180 3435 231 3461 1⁰⁶⁰
250 3432 305 3460 ‘11⁹3
307 3444 355 3461 “m-
613 3444 615 3450 '
1092 3443 1128 3468 90
1137 3441 1195 3476 pari
1209 3440 1335 3475 potestate
1347 3448 1395 3474 per
1407 3440 1571 3466 contrarium
1585 3438 1715 3470 redditur,
1729 3444 1767 3470 vt,
1788 3439 1860 3474 Seque
1872 3446 2049 3466 uouoveterum
2061 3438 2187 3473 deceptum

94 3470 117 3493 5¹³
131 3476 153 3497 Τ
162 3477 173 3497 1
183 3477 232 3510 qv
246 3476 297 3497 AT
307 3478 316 3496 1
327 3477 346 3497 o
354 3490 363 3503 ,
378 3469 447 3496 onis.
467 3470 488 3497 f.
508 3470 636 3505 Abolitio,
656 3473 794 3512 abrogatio.
837 3473 966 3501 Laudatur
978 3484 1008 3502 ex
1021 3477 1083 3503 GeIl.
1136 3486 1220 3503 errore
1232 3477 1340 3502 Iocorum
1361 3476 1445 3507 (Aen.
1458 3484 1481 3508 3,
1491 3479 1547 3507 181)
1569 3476 1609 3507 Et,
1636 3475 1751 3500 Voluitur
1764 3474 1805 3500 ille
1819 3483 1917 3500 uomens
1930 3474 2037 3501 calidum
2051 3472 2186 3509 depectore

76 3518 77 3522 ¹
97 3524 107 3527 ..
125 3513 187 3536 mox
200 3505 393 3541 estantiquatio
405 3505 480 3540 legis.
523 3507 590 3541 Cod.
602 3507 659 3537 Th.
673 3512 692 3536 6
703 3516 722 3537 t.
735 3513 767 3544 56
779 3510 796 3536 l.
810 3520 837 3545 4.
873 3510 1001 3538 infamiae
1021 3512 1083 3539 abo·
1129 3513 1226 3550 flumen
1237 3511 1357 3548 Frigidus
1376 3514 1388 3544 (
1397 3520 1424 3545 9,
1443 3514 1506 3546 414)
1528 3509 1622 3538 Latine
1635 3509 1810 3538 Contrarium
1823 3510 1866 3537 vel
1874 3510 2007 3546 oppositio
2021 3510 2105 3546 potest
2122 3509 2186 3537 dici.

3 3555 5 3564 ι
18 3540 20 3545 ’
54 3545 97 3570 iffi}
104 3546 136 3568 fet
152 3550 297 3578 poenarum
308 3543 468 3577 antiquatio.
1136 3548 1204 3576 Mem
1222 3555 1326 3575 vocatu,-

0 3589 4 3609 's
28 3584 30 3588 ¹
44 3614 47 3617 ,
89 3570 116 3600 Μ
135 3584 156 3605 Τ
164 3585 174 3604 ¹
185 3585 235 3618 QV
243 3585 266 3606 Α
274 3585 324 3606 TV
333 3586 346 3606 S
355 3598 363 3611 s
383 3587 414 3611 a,
431 3587 489 3618 um.
506 3577 567 3605 Adi·
584 3586 624 3611 υἷ’
644 3580 789 3616 Antiquata
801 3581 859 3616 lege
873 3581 932 3608 Liu.
942 3589 964 3615 ς,
973 3589 1009 3617 53.
1029 3584 1082 3611 An·
1173 3591 1195 3611 A
1204 3591 1226 3610 N
1235 3591 1256 3610 T
1265 3591 1275 3610 1
1284 3590 1306 3610 T
1315 3590 1336 3610 H
1346 3581 1364 3610 ἓ
1373 3590 1394 3610 T
1406 3589 1425 3610 O
1433 3590 1473 3615 N,
1492 3582 1512 3608 i.
1530 3590 1556 3608 n.
1577 3579 1736 3615 [ἐπίθετον]
1755 3580 1907 3617 Oppositum,
1918 3580 1973 3615 stuc
1985 3579 2117 3616 exprqfflus
2123 3580 2186 3607 Con-

4 3628 7 3635 .
189 3615 324 3649 antiquata
337 3614 449 3641 dileetio
465 3614 554 3641 Sidon.
569 3622 592 3648 5,
603 3623 628 3647 9.
1093 3620 1125 3648 95
1136 3619 1297 3655 trapoJitum,>
1311 3626 1341 3646 vt
1353 3618 1436 3646 Ouid.
1449 3619 1515 3645 Met.
1532 3626 1553 3649 1,
1572 3624 1601 3649 19
1629 3616 1738 3651 Frigida
1751 3617 1902 3654 pugnabant
1916 3616 2024 3648 calidis,
2048 3614 2187 3643 humentia

135 3652 200 3677 :rin
210 3657 230 3677 R
239 3657 261 3677 11
271 3657 313 3677 in
322 3657 394 3684 VM,
423 3650 476 3686 uid.
496 3658 518 3677 A
527 3658 547 3677 N
557 3658 577 3677 Α
586 3658 606 3677 R
615 3658 633 3677 R
642 3658 661 3677 u
670 3658 680 3676 1
690 3658 712 3677 N
721 3658 785 3678 VM.
1135 3656 1216 3682 flecis,
1254 3655 1322 3682 Pers,
1339 3655 1389 3681 sat,
1404 3663 1425 3686 1,
1439 3656 1471 3684 86
1489 3667 1534 3672 -
1547 3651 1661 3684 crimina
1672 3651 1734 3679 ralis
1784 3653 1879 3680 Librat
1893 3654 1922 3683 in
1934 3651 2079 3678 antithetis.
2126 3653 2185 3679 Cic.

81 3676 217 3727 ἁᾰῆξῖῧῖῧῦ
226 3693 236 3713 1
245 3694 272 3718 1,
297 3686 467 3722 [Ἀντίσκιοι]
495 3687 599 3722 Populi.
637 3686 712 3721 Apud
732 3688 844 3714 Mero'e’n
852 3687 1008 3724 Aethiopiae
1023 3699 1081 3725 par-
1134 3692 1164 3718 in
1176 3692 1251 3718 Orat.
1264 3693 1311 3717 166
1325 3700 1346 3717 c.
1355 3698 1387 3724 50
1408 3690 1514 3723 Semper
1523 3687 1596 3720 haec,
1605 3696 1673 3723 quae
1684 3688 1782 3717 Graeci
1795 3689 1924 3716 antitheta
1931 3688 2079 3719 nominant,
2101 3697 2185 3724 quum

57 3718 314 3758 {¹2¹3*!gq1dno&iali
326 3722 426 3749 circulo
438 3723 603 3758 proximam,
624 3732 670 3757 per
684 3723 828 3757 nonaginta
843 3723 899 3750 dies
913 3724 1020 3752 vmbrae
1033 3736 1082 3753 no·
1133 3727 1276 3754 contrariis
1291 3732 1465 3762 opponuntur
1485 3724 1635 3757 contraria,
1654 3731 1798 3751 numerum
1815 3731 1954 3752 oratorum
1972 3722 2116 3749 necessitate
2130 3724 2185 3759 ipsa

35 3758 40 3785 .'
57 3750 109 3793 ¹¹¹¹!
116 3753 322 3794 intona-arium
337 3758 447 3792 cadunt,
484 3759 555 3786 vnde
569 3759 701 3785 Antiscios
722 3759 779 3785 eiua
800 3759 900 3786 incolas
911 3768 1007 3790 vocant
1019 3764 1081 3789 Am·
1135 3762 1263 3790 efficiunt.
1304 3761 1364 3790 Vid.
1383 3760 1466 3788 Rutil.
1481 3760 1548 3793 Lup.
1562 3759 1594 3785 de
1601 3755 1658 3794 Fig.
1672 3761 1736 3788 sent.
1747 3770 1764 3788 2
1776 3770 1801 3796 p.
1816 3769 1837 3787 11
1854 3760 1980 3793 vbiplura
1995 3758 2128 3786 Antitheti
2141 3769 2185 3794 ge-

0 3795 1 3798 ’
57 3792 175 3824 'lffldsss
187 3801 220 3826 15·
424 3818 429 3821 -
442 3819 443 3825 ,
514 3813 515 3817 1
1084 3803 1199 3826 100nera
1211 3804 1323 3825 enarrat.
1373 3798 1435 3824 Item
1448 3795 1547 3830 Aquila
1560 3795 1639 3823 Rom.
1654 3805 1679 3831 p.
1694 3801 1729 3827 18.
1783 3795 1851 3824 Add.
1879 3794 1970 3821 Isidor.
1985 3803 2005 3828 1,
2020 3803 2051 3828 25
2067 3802 2091 3821 et
2103 3796 2184 3822 Mart.

45 3834 48 3838 '
81 3828 406 3858 ARTISCORODON.
426 3828 624 3866 [ἐντισκόρσδον]
647 3830 731 3857 Herba
748 3839 776 3857 ex
791 3830 920 3866 generibus
933 3833 1007 3865 Attii,
1021 3843 1081 3871 quae
1135 3835 1235 3870 Capell.
1251 3843 1263 3868 5
1278 3844 1303 3869 p.
1323 3841 1376 3868 175.

32 3871 33 3874 ¹
61 3864 72 3886 k
81 3854 201 3900 {Upi-num*
211 3870 236 3890 et
248 3858 350 3894 Alliurri
368 3866 496 3901 Cyprium
509 3869 649 3904 appellatur
673 3867 738 3893 Plin.
748 3875 785 3900 19,
799 3869 824 3892 6.
1171 3879 1223 3898 AN
1232 3878 1296 3897 'riv
1305 3877 1339 3896 Μ.
1374 3866 1497 3903 Oppidum
1515 3873 1586 3894 vetus
1599 3871 1628 3894 in
1641 3868 1715 3894 Latio
1731 3870 1803 3894 iuxta
1816 3874 1891 3892 mare.
1943 3866 2006 3892 Erat
2017 3864 2055 3892 ibi
2067 3867 2182 3901 tenplum

37 3930 40 3935 .
80 3898 308 3933 AN‘TJSIGMA
318 3920 327 3933 2
344 3903 412 3928 ‘'²²12'‘
428 3909 500 3928 notas
507 3905 613 3930 criticas
626 3901 676 3936 est,
695 3902 835 3938 conuerjicm
850 3903 950 3939 Signia,
969 3904 1033 3939 quod
1043 3905 1084 3931 illi
1136 3908 1268 3934 Fortunae.
1289 3906 1357 3932 Hor.
1365 3905 1454 3930 Carni.
1470 3911 1490 3935 1,
1502 3909 1540 3935 35,
1555 3911 1566 3930 1
1585 3904 1610 3930 O
1622 3903 1696 3936 diua,
1707 3909 1811 3938 gratum
1824 3910 1891 3936 quae
1905 3901 1974 3935 regis
1988 3902 2107 3928 Antium.
2127 3902 2180 3927 Hu-

57 3936 118 3960 lm
132 3933 154 3961 C
165 3934 345 3970 affimilabant,
373 3943 446 3973 atque
456 3936 516 3964 adeo
535 3938 630 3975 Figura
649 3940 698 3965 tali
719 3939 737 3964 3
757 3938 865 3973 Isidorus
886 3940 960 3974 Orig.
977 3947 1001 3970 i,
1013 3948 1047 3966 20
1061 3941 1080 3966 ἶ)
1134 3945 1174 3969 ius
1181 3942 1268 3978 oppidi
1277 3943 1377 3967 nauium
1387 3937 1478 3971 rostris
1485 3937 1617 3975 suggestus
1627 3942 1655 3966 in
1664 3939 1729 3975 foro
1738 3940 1847 3965 Romano
1864 3936 2010 3969 adornatus,
2023 3939 2181 3972 templumque

59 3966 303 4033 fflflfiffizonitpr
316 3970 349 3999 ad
361 3980 405 3999 eos
417 3974 523 4004 versus,
541 3983 658 4009 quorum
672 3973 740 4002 ordo
752 3973 940 4010 permutandus
953 3974 1000 4007 est,
1017 3974 1228 4012 sicut105Rostra
1241 3976 1389 4038 αρρὲϋαέιιζι
1409 3974 1468 4001 Liu-
1482 3979 1505 4006 8,
1519 3983 1558 4008 14·
2047 4013 2151 4034 ANTiA
2157 4012 2180 4038 ς,
