2474 4182
692 89 907 129 ACE

270 190 332 209 cret.
348 192 376 215 5,
396 186 441 217 46.
497 181 607 208 Curatio
622 179 687 205 acris
710 174 830 201 Scribon.
845 175 939 207 Comp.
957 178 1006 203 183.
1029 174 1046 199 i.
1061 183 1083 199 e.
1104 174 1244 208 purgatio,
1265 173 1313 199 sec.

273 219 359 246 Rhod.
423 218 519 244 Cursu>
540 218 602 242 Stat.
623 215 684 239 suu.
700 220 733 242 ΔΓ,
756 219 783 238 3,
901 209 1025 235 Custodia
1054 210 1144 235 Tacit.
1160 211 1227 235 Ann.
1244 218 1270 240 1,
1293 216 1314 240 5.

275 255 402 282 Defensor
416 254 557 279 acerrimus
579 252 632 276 (ic.
649 249 718 272 isam.
735 254 760 275 1,
785 254 802 270 1.
842 245 926 271 Dolor
941 254 999 271 acer
1020 245 1094 279 Virg.
1111 247 1175 271 Aen.
1193 254 1231 277 ιι,
1253 252 1315 278 709.

274 290 417 317 Acerriinis
433 288 569 314 dolorum.
585 290 693 316 corpore
708 288 765 306 toto
778 281 894 315 opprimi
916 281 1062 308 Cicssuse.
1073 291 1083 311 5
1094 301 1100 312 ,
1119 283 1160 307 26.
1223 280 1316 306 Domi-

275 335 322 351 nus
346 327 448 351 Lucret.
467 333 494 355 ς,
515 330 551 351 ab·
589 317 688 351 ¹5¹&ssstss
711 317 814 356 Luci-et.
830 326 856 349 Ξ,
878 320 917 349 65·

275 362 358 387 locem
379 369 475 394 equum
494 354 628 389 (latificat,
650 360 678 378 vt
697 352 801 379 Nonius
821 363 857 387 4,
878 361 905 387 17
927 360 1020 388 accipit
1034 363 1040 376 :
1073 352 1120 387 Jinl
1132 355 1205 377 etiam
1217 350 1315 378 Arden-

274 404 322 422 tcm
336 404 359 422 et
371 388 560 421 concitatiirn'ad
574 389 651 424 ipsimi
665 388 769 423 cursum.
807 388 874 416 Acer
888 390 963 414 cursu
979 398 1060 422 equus
1074 389 1148 421 Virg.
1164 388 1211 414 Ge.
1226 395 1254 419 3,
1267 394 1316 418 119.

274 433 316 459 Si.-
329 433 392 457 Aen.
408 440 424 461 4
435 449 442 461 ,
465 429 506 458 156
547 425 581 450 At
600 433 665 458 puer
678 425 801 450 Ascanius
824 424 918 450 mediis
935 425 962 449 in
975 423 1089 450 vallibus
1104 423 1158 448 acri
1215 421 1318 448 Gaudet

274 476 353 502 equo.
411 466 489 492 Acer,
510 466 535 486 et
549 460 579 486 ad
594 460 694 494 palmae
708 470 753 494 pei·
766 462 790 486 se
802 462 923 487 cui-surus
938 460 1051 485 honores
1061 479 1068 489 ‚
1090 458 1115 484 Si
1131 465 1219 484 tamen
1230 457 1318 483 horte-

274 504 310 530 ris
322 523 328 533 ‚
351 500 445 526 fortius
460 496 510 522 ibit
523 505 605 530 equus
622 497 673 522 Ou.
689 497 763 522 Pont.
779 505 810 527 2,
834 505 871 526 11,
892 504 929 521 21.

275 535 437 565 Domitium,
457 533 517 558 loco
530 533 658 568 praesagii
671 538 789 566 acceptus
804 532 839 557 est
861 531 951 556 Tacit.
965 531 1032 555 Ann.
1049 538 1087 560 11,
1107 539 1133 562 4.
1182 530 1235 554 Fax
1249 537 1318 554 acer-

273 574 339 599 rima
357 570 424 595 Tac.
441 568 509 595 Hist.
525 577 557 600 2,
579 588 585 593 .
609 589 614 594 .
653 569 732 594 Ferae
746 576 814 593 acres
832 568 889 593 Sen.
907 567 934 592 in
949 566 1042 591 Ochu.
1058 573 1082 598 7.
1121 565 1176 590 Cic.
1194 565 1221 589 in
1236 565 1318 590 Bruto

274 613 298 636 13
326 606 402 631 Hunc
417 604 498 630 video
519 605 709 638 flagitatorem,
730 613 784 629 non
805 603 880 629 illum
903 601 1010 636 quidem
1033 599 1083 626 tibi
1098 600 1253 631 molestum,
1276 599 1319 625 sed

270 641 395 668 alliduuni
411 646 498 667 tamen
511 647 536 667 et
551 649 636 666 acrem
651 640 718 665 sore.
762 640 876 665 Flamma
896 638 999 664 Lucret.
1015 645 1043 669 5,
1064 645 1127 670 904.
1186 635 1319 662 Fremitus

272 678 375 703 Lucret.
391 684 481 711 1,277
523 677 615 710 Frigus
637 677 740 701 Lueret.
758 684 792 707 4,
813 677 870 700 261.

271 712 352 739 Plaut.
366 713 496 739 Tritium.
511 721 540 745 3,
556 721 570 738 2
581 732 588 743 ‚
604 720 638 745 97
666 710 753 736 Credo
773 710 805 736 ad
828 710 943 735 summos
959 708 1097 741 bellatores
1111 716 1197 733 acrem
1212 708 1319 740 fugito-

272 758 329 775 rem
343 749 410 776 fore.
470 750 558 774 Genus
571 748 677 773 leonum
698 746 778 772 Ouid.
794 745 859 772 fast.
873 756 905 779 4,
920 753 972 776 2¹3·
1028 744 1116 779 Genus
1131 742 1222 769 virum
1242 742 1318 775 Virg.

271 786 369 819 Georg.
384 794 415 816 2,
429 787 485 818 167.
523 784 604 809 Gustu
619 783 674 808 acri
688 782 791 808 mordet
809 782 874 807 Plin.
891 789 923 815 27
933 801 940 812 ,
954 789 986 811 13.
1038 779 1159 806 Gr.uiitas
1173 777 1319 805 verborum

269 821 359 847 acrior
379 821 435 847 Cic.
452 819 503 846 Off.
523 828 547 851 1,
562 822 603 851 136
619 818 686 852 apud
702 819 773 844 Non.
788 828 823 851 4,
839 824 874 851 17.
922 816 1012 842 Hostis
1026 817 1093 841 Hor.
1109 814 1190 848 Epod.
1206 817 1237 846 6,
1256 822 1286 847 14
1300 816 1318 839 i.

268 101 314 146 63

954 319 1040 351 Equus
1053 326 1112 343 acer
1126 326 1172 342 >ion
1185 315 1253 342 modo
1266 316 1316 340 Ve-
1338 318 1348 325 ¹

990 496 1075 520 Fauor
1087 493 1171 527 plebis
1186 494 1274 519 acrior
1291 493 1318 518 in
1333 500 1360 518 10
1372 502 1450 529 atque
1464 494 1557 520 acerba
1571 493 1704 518 eueniunt.

1770 83 1989 124 ACE
2360 90 2412 139 64

1366 172 1408 198 vel
1430 172 1597 200 inueniendis
1617 174 1659 201 vel
1677 173 1826 200 iudicandis
1843 173 1931 199 acrior
1944 172 2085 199 Aristotele
2098 171 2154 201 fuit
2167 176 2177 201 3
2203 176 2279 210 Virg.
2294 176 2359 202 Aen.
2374 185 2413 210 12,

1369 213 1414 241 938
1436 208 1503 234 Acer
1521 210 1549 235 in
1567 211 1656 236 armis.
1774 212 1794 246 Ἴ
1816 218 1827 242 3
1849 210 1931 241 Aere,
1946 217 1994 244 pro
2009 208 2112 235 Acriter
2132 211 2199 237 Pers.
2215 212 2264 237 Sat.
2280 221 2308 244 4,
2322 220 2354 245 34
2381 213 2413 239 Et

1368 252 1450 278 prope
1463 250 1489 282 te
1503 243 1607 277 ignotus
1620 246 1712 272 cubito
1729 246 1776 280 qui
1793 251 1897 279 tangat,
1918 251 1943 270 et
1964 252 2022 270 acre
2059 244 2171 279 Despuat
2191 248 2219 272 in
2237 256 2333 273 mores.
2382 246 2414 274 [d

1369 280 1416 313 clf,
1436 279 1587 314 exspuendo,
1608 290 1685 307 mores
1703 285 1796 307 acriter
1816 289 1839 307 et
1859 281 1943 307 acerbe
1961 286 2094 306 execretur.
2137 282 2178 307 Sic
2197 290 2219 308 et
2234 282 2332 309 Sallust.
2346 284 2414 310 Acre

1370 315 1497 342 inuadunt
1512 314 1581 348 apud
1594 315 1715 343 Nonium
1729 326 1754 349 z,
1767 325 1829 350 492.
1846 323 1871 342 et
1886 316 2073 351 Apul.Met.1o
2092 324 2116 349 p.
2125 324 2183 349 594.
2307 327 2325 352 4
2347 319 2415 345 Acer

1369 360 1391 378 ct
1403 353 1466 377 Ater
1480 362 1493 377 11
1507 350 1634 376 Librariis
1646 353 1768 379 interdum
1783 353 1979 388 confunduntur.
2024 351 2082 378 l'z'd.
2091 352 2216 378 Drakenb.
2229 353 2262 379 ad
2281 354 2319 380 Ἡ.
2328 363 2351 387 5,
2360 362 2413 388 [54.

1370 394 1395 414 et
1410 397 1418 414 1
1441 408 1448 419 ,
1466 396 1522 419 250.

1408 396 1548 453 A7t3Rvs,
1567 429 1597 453 a,
1617 430 1671 448 um.
1710 424 1776 450 Idem
1797 423 1861 459 quod
1877 425 1951 449 Acer.
1990 422 2137 449 Laudabant
2155 421 2236 448 Plaut.
2250 423 2370 451 Bacchid.
2384 434 2414 458 4,

1370 468 1393 491 3,
1410 467 1433 491 15
1456 458 1503 486 Sed
1514 458 1549 483 ibi
1564 454 1629 483 reae
1645 458 1726 486 Gron.
1741 460 1827 491 Perii,
1841 459 1923 485 multa
1933 458 2001 485 mala
2014 458 2083 485 mihi
2097 459 2126 484 in
2139 457 2246 492 pectore
2259 459 2337 486 Nunc
2344 461 2415 488 acria

1741 495 1852 521 Certiora
1867 500 1944 530 juvit,
1957 495 2004 530 ,μά
2015 497 2196 530 strumas-bara.
2220 494 2387 529 Ρ311311.9,5,
2401 505 2414 529 3

1371 531 1397 557 Si
1412 539 1442 556 ex
1456 531 1536 556 nimis
1551 537 1608 555 acra
1628 528 1730 554 dulcem
1742 530 1800 556 fieri
1815 531 1881 557 velis
1894 531 2045 562 (radicem)
2060 530 2159 556 semina
2178 544 2222 549 —
2241 530 2319 557 melle
2331 540 2414 558 mace·
2451 557 2457 561 .

1372 566 1452 593 rabis.
1490 567 1554 599 Veg.
1564 567 1650 590 Veter.
1665 572 1742 598 2,7,1
1761 567 1829 592 Cum
1843 575 1917 592 aceto
1930 575 1984 592 non
1998 574 2067 592 acro.
2106 567 2146 592 Sic
2164 565 2238 592 Faber
2252 565 2339 592 edidit.
2371 567 2417 593 Sed

1370 603 1404 628 al.
1420 602 1483 628 acri.
1521 601 1559 627 ld.
1574 610 1602 633 4,
1616 606 1655 631 28,
1672 603 1698 625 16
1725 600 1799 627 Aceti
1818 603 1872 628 acri
1891 603 2043 635 sextarium.
2081 600 2147 627 Plin.
2163 602 2220 627 Val.
2235 611 2267 634 2,
2285 609 2317 635 45
2338 602 2415 636 Piper-

1371 643 1466 670 tercre,
1480 638 1518 663 ita
1528 643 1557 663 vt
1571 645 1659 662 acrum
1674 635 1711 661 sit.
1750 637 1816 662 Hinc
1824 639 1917 672 Sapei-1.
1937 639 2019 665 Error
2032 636 2182 669 acriffimus,
2191 642 2240 672 pro
2254 639 2417 673 Acerrimus,

928 675 997 706 Fuga
1020 673 1094 706 Virg.
1109 672 1207 705 Georg.
1222 680 1250 703 3,
1267 679 1318 710 141-
1332 679 1358 704 15
1370 672 1418 699 lib.
1432 682 1450 706 4
1472 682 1525 707 cap.
1541 672 1573 698 de
1588 672 1677 698 Incest.
1692 679 1717 697 et
1732 671 1799 698 Inut.
1813 672 1898 708 Nupt.

1410 716 1456 734 Ac
1467 716 1484 734 R
1496 717 1503 734 1
1514 716 1558 735 cv
1569 716 1584 734 L
1596 715 1652 739 vs,
1666 716 1695 739 a,
1713 717 1766 733 uni.
1789 708 1889 735 Dimin.
1910 709 1977 746 apud
1991 709 2048 735 Cic.
2057 708 2140 734 Tusc.
2154 717 2167 740 3
2189 718 2210 735 c.
2226 717 2263 744 17.
2286 709 2416 744 quiAcri·

1372 744 1460 770 culum
1478 745 1566 769 senem
1580 745 1712 769 Zenonem
1734 743 1814 774 dixit,
1833 745 1983 780 vtfeltritci·
2001 745 2146 776 Turnebus,
2168 745 2311 771 Gebhardus
2331 753 2354 772 et
2370 747 2417 773 alii

1372 779 1532 814 deprauatum
1545 782 1622 805 locum
1636 777 1802 811 rqliitnerwit.

1411 822 1432 841 A
1442 821 1458 841 C
1467 821 1486 841 R
1496 813 1504 840 ἰ
1515 822 1536 841 Τ
1547 822 1562 841 E
1573 822 1590 841 R
1600 834 1608 846 ,
1637 815 1722 841 acrius
1730 835 1738 847 ,
1770 815 1905 841 acerrime.
1933 815 2000 843 Adu-

263 857 364 893 fortis,
384 864 413 882 vt
444 856 556 881 Turnus
585 855 658 888 Virg.
691 855 755 880 Aen.
787 859 815 885 8,
847 857 905 885 614.
943 853 1040 878 Lucan.
1057 860 1077 883 1,
1099 853 1146 883 146
1167 850 1195 876 de
1207 851 1362 885 CaeJar1320
1374 850 1561 877 Vehementer.
1582 850 1762 877 Plaut.Pseud.
1777 860 1795 882 i,
1811 860 1832 882 3,
1847 859 1878 882 39
1899 851 1971 883 Quid
1985 852 2072 886 agitur
2087 852 2240 878 Callidore?
2261 852 2291 878 C.
2305 860 2418 885 amatur,
2433 855 2442 879 ’.
2460 875 2463 880 ,

270 894 338 919 Acer
377 899 402 918 et
442 891 588 917 indomitus
626 898 671 916 etc.
744 889 824 915 Plaut.
861 888 990 914 Tritium.
1031 896 1046 913 2
1059 906 1067 918 ,
1102 895 1113 918 3
1128 906 1135 917 ,
1179 893 1196 920 7
1256 885 1320 911 Suae

269 928 397 954 seneeiuti
412 928 433 954 is
448 928 579 954 acriorem
593 927 716 952 Hiemem
732 932 821 959 parat,
842 933 902 950 cum
923 923 999 949 illanc
1021 923 1201 956 importunam
1223 926 1320 954 tempe-

270 964 360 990 statem
374 964 485 990 conciet.
544 964 611 988 Hor.
625 961 676 988 Od.
693 970 717 993 1,
738 971 755 994 4
765 981 772 992 ,
796 970 803 986 1
836 960 954 985 Soluitur
968 959 1033 985 acris
1048 958 1148 984 Hiems.
1187 958 1321 984 Humores

270 1001 349 1026 nimis
363 1009 433 1026 acres
447 1006 490 1025 aut
503 999 582 1024 nimis
597 1004 732 1023 concretos
746 996 870 1029 colligere
893 996 948 1020 Cic.
963 994 994 1020 dc
1003 995 1037 1020 N.
1054 994 1085 1020 D.
1100 1002 1131 1025 z,
1154 1001 1194 1026 59.
1239 991 1320 1019 13613·

1374 894 1453 921 atque
1471 892 1569 925 egetur·
1582 886 1686 912 acriter.
1724 888 1828 913 Acriter
1847 892 1872 912 et
1891 886 2011 913 ardenter
2031 889 2116 914 causas
2134 897 2220 922 agere.
2257 887 2322 914 Plin.
2337 888 2417 924 Epist.
2459 887 2462 899 ³

1375 932 1395 955 1,
1411 924 1447 949 16.
1486 921 1589 956 aliquid
1599 922 1700 948 Cauere
1714 923 1838 948 Hor.Sat.
1854 931 1879 954 2,
1892 931 1914 953 3,
1927 930 1969 954 92.
2007 923 2138 955 Elatrare,
2153 927 2170 949 i.
2184 924 2328 959 lfociferari
2348 925 2416 952 Hor.

1375 958 1455 993 Epist.
1464 967 1483 990 1,
1492 963 1526 990 18,
1536 962 1569 987 18.
1607 957 1708 992 aliquid
1717 958 1859 992 Expthare
1868 978 1875 989 ‚
1903 960 1955 983 vul.
1971 964 1986 984 E
1997 966 2014 984 ,λ
2023 966 2038 985 P
2048 967 2063 985 1.
2073 966 2150 986 CTO.
2188 960 2244 986 Cic.
2254 960 2281 985 in
2291 960 2376 986 Pison.
2385 962 2418 992 68

1375 994 1522 1021 Lubricum
1540 1001 1619 1027 genus
1641 994 1785 1025 orationis,
1806 993 1963 1020 adolescenti
1983 1002 2037 1020 non
2058 995 2153 1021 acriter
2167 995 2330 1030 Intelligenti
2344 997 2418 1031 saepe

270 1042 313 1062 tor
327 1045 385 1062 acer
407 1035 498 1062 Claud.
514 1035 540 1060 in
555 1035 661 1067 Euri-op.
678 1041 691 1058 2
702 1051 710 1063 ,
722 1037 775 1063 330.
813 1030 894 1056 Ouid.
905 1031 967 1056 Met.
980 1039 1012 1062 13,
1024 1032 1073 1064 867
1096 1031 1166 1055 Vror
1179 1028 1320 1061 euim,lae-
1329 1040 1361 1065 23
1374 1039 1504 1066 praeceps
1542 1030 1646 1055 Acriter
1661 1030 1779 1055 animum
1794 1029 1929 1055 intendere
1951 1029 2010 1055 Liu.
2026 1029 2054 1055 in
2066 1030 2187 1058 Prooem.
2214 1032 2340 1065 eogitare
2361 1033 2417 1060 Cic.

270 1073 363 1106 susque
378 1071 507 1097 exaestuat
522 1070 609 1095 acrior
625 1069 700 1102 ignis.
737 1068 793 1093 Cic.
808 1067 840 1092 de
854 1068 928 1093 Orat.
944 1075 969 1098 2,
990 1071 1032 1098 358
1054 1064 1218 1100 Imaginibus
1233 1070 1321 1091 autem
1347 1078 1350 1080 -

269 1109 305 1134 est
319 1107 444 1133 vtendum
458 1106 611 1139 agentibus,
632 1103 752 1134 acribus,
775 1103 915 1136 inlignitis.
954 1104 991 1128 Dc
1005 1105 1121 1128 memoria
1136 1103 1246 1136 loquitur
1258 1103 1321 1126 arti-

264 1142 357 1178 fictili.
396 1144 509 1176 Impetus
531 1142 633 1167 Lucrct.
650 1143 682 1171 6,
705 1145 755 1168 128.
814 1139 972 1164 incitatione
994 1138 1048 1164 acri
1068 1144 1094 1164 et
1113 1137 1266 1163 vehementi
1281 1137 1321 1162 in-

270 1179 400 1205 tlanunari
422 1179 476 1204 Cic.
493 1177 524 1203 de
539 1180 612 1203 Orat.
630 1185 642 1201 2
654 1196 661 1206 ,
683 1181 730 1207 183.
770 1174 900 1201 incusatio
914 1175 1045 1200 vitiorum
1068 1174 1124 1200 Cic.
1134 1173 1319 1205 deOr.3,104.

270 1215 318 1240 Vir
334 1214 464 1240 acerrimo
478 1215 588 1246 Ingenio
610 1212 666 1238 Cic.
681 1212 755 1237 Orat.
771 1220 791 1236 c.
808 1220 828 1243 5.
868 1212 901 1237 It.
914 1210 945 1236 de
954 1210 1030 1236 N.D.
1040 1212 1110 1241 2,16.

269 1251 324 1276 Cic.
342 1250 465 1275 Hortens.
481 1258 521 1283 ap.
538 1249 610 1274 Non.
627 1257 659 1280 4,
682 1255 710 1281 17
752 1246 833 1280 (Qiod
853 1247 961 1272 alterius
978 1246 1115 1279 ingenium
1129 1244 1161 1271 fic
1175 1251 1203 1270 vt
1218 1251 1320 1270 acetum

270 1286 443 1319 Aeg3.'ptiiiiii,
465 1284 573 1310 alterius
588 1284 620 1309 iic
636 1292 694 1309 acre
709 1289 736 1308 vt
752 1282 803 1308 mel
824 1282 992 1314 Hymettium
1014 1281 1135 1307 dicimus.
1193 1280 1321 1306 Inimicus

266 1323 410 1347 acerrimus
424 1320 608 1354 Acerbiffimus.
631 1320 687 1345 Cic.
703 1319 731 1345 in
746 1318 846 1344 Laelio.
869 1338 875 1343 .
900 1338 906 1345 .
951 1318 1102 1352 instigatrix
1117 1317 1245 1343 acerrima
1263 1316 1320 1342 Tn-

267 1357 388 1384 cirum.
405 1366 425 1388 1,
440 1365 473 1389 51.
512 1356 628 1382 Intentio
637 1355 702 1381 acris
722 1354 883 1386 Plin.18,26.
920 1354 1096 1387 Inucstigator
1109 1352 1321 1386 aceretdiligens

268 1402 367 1424 rerum,
376 1399 564 1427 quaeanatura
572 1392 709 1418 inuolutae
718 1391 843 1417 videntur
850 1390 906 1416 Cic.
915 1389 947 1415 de
956 1390 1099 1416 Vniuersa.
1137 1388 1242 1415 Inuidia
1251 1389 1319 1414 Hor.
1334 1399 1362 1425 33
1376 1397 1481 1425 quaeque
1494 1387 1630 1420 editiones,
1644 1388 1680 1414 Ac
1696 1388 1771 1422 prior
1785 1387 1839 1413 ille.
1877 1386 1958 1413 Plaut.
1974 1388 2055 1414 Merc.

268 1429 318 1455 Sat.
330 1438 349 1460 1,
365 1437 387 1461 3,
396 1431 439 1455 60.
477 1429 519 1455 Ira
533 1429 630 1454 Lucan.
645 1435 731 1459 3‚142.
770 1427 824 1452 Iras
838 1425 955 1452 decurrit
970 1425 1001 1451 ad
1016 1432 1086 1451 acres
1109 1425 1212 1451 Lucret.
1226 1433 1254 1457 3,
1270 1432 1321 1456 312.

267 1465 324 1491 Cic.
340 1464 392 1491 Off.
409 1473 418 1490 1
440 1463 521 1490 Suum
537 1464 620 1497 igitur
634 1463 746 1498 quisque
760 1463 847 1488 noscat
862 1462 1017 1496 ingenium,
1039 1470 1179 1495 acremque
1193 1462 1218 1487 se
1233 1466 1259 1486 et
1274 1459 1321 1486 bo-

267 1509 365 1527 norum
389 1505 414 1526 et
437 1499 569 1526 malorum
594 1500 701 1525 suorum
726 1498 841 1524 iudicem
856 1498 987 1532 praebeat.
1012 1501 1030 1523 i.
1046 1504 1075 1523 vt
1090 1497 1195 1523 Nonius
1210 1498 1322 1532 exponit,

267 1546 301 1569 4,
325 1544 352 1570 17
389 1536 524 1561 Seuerum.
562 1535 694 1561 Iudicium
710 1534 794 1560 acrius
807 1542 835 1558 ac
851 1534 948 1559 certius
966 1533 1023 1558 Cic.
1038 1532 1070 1558 de
1086 1533 1132 1559 Or.
1148 1541 1172 1564 3,
1189 1537 1235 1562 181.
1279 1533 1321 1558 Iu-

267 1571 336 1598 dicia
350 1572 421 1598 acria
436 1580 463 1597 ac
478 1572 566 1596 seuera
583 1571 639 1596 Cic.
655 1578 703 1603 pro
719 1570 793 1595 Rosc.
804 1570 862 1594 Am.
872 1578 893 1594 c.
908 1576 927 1601 5.

267 1607 372 1633 vidium
388 1613 413 1633 et
427 1607 536 1641 Eprium
551 1606 642 1632 Tacit.
658 1605 725 1631 Η111.
741 1614 774 1637 4,
797 1607 830 1637 6,
848 1614 874 1637 4.
914 1604 1002 1632 Labor
1016 1604 1062 1630 Sil.
1076 1603 1134 1630 Ital.
1149 1612 1178 1636 3,
1201 1623 1207 1630 .

267 1643 354 1670 bertas
374 1643 465 1669 Tacit.
480 1644 547 1668 Ann.
565 1651 605 1674 13,
628 1662 634 1667 .
657 1661 663 1667 .
723 1641 811 1674 Lupus
839 1642 907 1666 Hor.
923 1640 1004 1674 Epod.
1020 1649 1063 1672 12,
1085 1641 1127 1666 26.
1185 1640 1320 1673 Lycurgus

269 1680 342 1714 Virg.
360 1679 424 1705 Aen.
438 1687 466 1711 3,
482 1687 512 1711 14
532 1681 549 1704 i.
566 1678 661 1704 Saeuus
674 1682 699 1702 et
714 1683 846 1707 01110111115,
861 1676 933 1702 Seru.
981 1675 1102 1701 Maiestas
1115 1675 1207 1701 Claud.
1224 1676 1317 1709 Paneg.

267 1722 296 1747 5,
319 1735 325 1741 .
348 1735 355 1741 .
413 1714 514 1740 Malum
537 1715 640 1740 Lucret.
656 1721 683 1744 3,
699 1720 751 1744 253.
810 1711 863 1737 Mel
885 1711 938 1737 vid.
957 1717 1055 1737 Cissvs.
1094 1710 1320 1737 Medicamentum

267 1759 326 1776 acre
341 1749 462 1776 Scribon.
477 1758 531 1782 240
558 1763 602 1768 —
623 1748 783 1773 acerrimum
803 1746 841 1772 Id.
858 1752 894 1777 38.

268 1787 322 1819 Ego
347 1785 433 1811 multo
455 1785 587 1810 acriorem
617 1782 804 1816 improborum
829 1780 963 1806 interdum
987 1781 1145 1808 memoriam
1165 1783 1213 1808 esse
1234 1783 1319 1809 sentio

268 1829 347 1856 quain
362 1820 506 1846 bonorum.
564 1818 698 1845 Memoria
724 1817 780 1843 Cic.
795 1816 827 1842 de
842 1817 916 1842 Orat.
931 1825 946 1842 2
956 1836 964 1848 ,
986 1835 993 1843 .
1015 1836 1022 1841 .
1059 1816 1129 1841 Tac.
1142 1818 1209 1843 Arm.
1223 1827 1256 1849 2,
1278 1823 1318 1852 87.

268 1858 354 1883 Metus
368 1856 443 1891 Virg.
468 1855 532 1882 Aen.
548 1864 576 1887 3,
589 1857 644 1886 633.
681 1853 783 1880 Milites
799 1852 855 1879 Cic.
872 1853 928 1878 Cat.
943 1861 975 1884 2,
990 1860 1026 1878 21.
1064 1851 1166 1878 Militia
1185 1853 1252 1878 Hor.
1267 1853 1319 1878 Od.

268 1901 277 1918 1
287 1912 295 1924 ,
311 1900 360 1924 29,
374 1900 399 1917 2.
437 1889 718 1917 Ministerium'racit.
733 1897 762 1919 3,
784 1907 790 1913 .
813 1907 819 1913 .
842 1908 848 1913 .
877 1887 1231 1914 Acerrimumministerium
1247 1887 1316 1914 Tac.

270 1928 338 1954 Ann.
353 1935 386 1957 2,
402 1934 442 1959 43.
500 1925 626 1952 Molossus
641 1924 716 1957 Virg.
735 1923 832 1956 Georg.
848 1931 945 1955 3,405.

269 1963 351 1990 Plaut.
366 1963 438 1988 Men.
455 1970 467 1994 5
477 1981 484 1993 ,
499 1970 531 1993 2,
546 1969 595 1993 119.
642 1959 747 1985 Morsus
765 1958 866 1984 doloris
881 1958 937 1984 Cic.
952 1958 1035 1983 Tusc.
1050 1967 1084 1990 2,

270 1999 381 2025 incitare
395 1998 500 2024 Morsus
512 1996 596 2031 paster
612 1995 711 2022 Catulli
727 2002 741 2020 2
751 2014 759 2026 ,
775 2003 801 2026 4.
840 1994 942 2020 Natura
955 1992 1003 2019 vbi
1016 2001 1058 2018 me
1074 1993 1191 2018 incendit
1211 1996 1228 2018 i.
1243 1992 1320 2018 libido

269 2036 339 2062 Hor.
354 2034 404 2060 Sat.
421 2041 453 2065 2,
469 2040 501 2067 7,
515 2040 560 2067 47.
600 2031 646 2059 Sul
662 2033 726 2056 Acer
740 2036 766 2055 et
781 2028 901 2055 sublimis
916 2036 1009 2055 natura
1025 2030 1172 2060 Romanus,
1188 2027 1216 2053 dc
1229 2030 1320 2061 προϋ-

268 2073 320 2097 tica
347 2069 385 2096 Id.
398 2069 443 2103 Ep.
455 2077 485 2100 2,
502 2077 527 2100 1,
541 2070 592 2100 165.
630 2067 686 2093 Cic.
702 2075 750 2100 pro
766 2065 849 2098 Sylla,
864 2074 893 2098 52
924 2067 999 2098 Qiae
1014 2073 1067 2090 nox
1081 2064 1202 2090 omnium
1218 2069 1319 2096 tempo-

1231 1623 1237 1629 .
1276 1603 1321 1630 Li-

1103 1967 1127 1990 3.
1163 1959 1239 1984 Acris
1252 1958 1319 1984 solet

268 2115 328 2133 rum
342 2105 534 2132 coniurationis
548 2111 676 2129 acerrima
689 2102 741 2128 fuit
756 2110 833 2136 atque
842 2100 1011 2127 acerbissima.
1047 2100 1146 2127 Oculus
1160 2108 1218 2126 acer
1226 2105 1251 2124 et
1263 2107 1321 2125 acu·
1335 2104 1362 2130 35

402 2149 450 2175 pro
466 2139 550 2166 Plane.
566 2141 609 2165 66.
663 2138 756 2165 Oculis
770 2137 851 2163 micat
864 2137 968 2163 acribus
982 2135 1079 2169 ardor,
1100 2136 1128 2162 de
1150 2138 1190 2162 ι’να
1205 2136 1282 2161 Lucr.
1298 2142 1321 2166 3,

269 2143 434 2210 ἑιὲἒῗκρᾕη.
457 2176 535 2210 Epist.
555 2183 587 2209 7,
602 2183 646 2207 21,
662 2183 680 2207 4
707 2173 840 2201 Gallinam
859 2179 888 2199 vt
900 2181 914 2198 a
929 2179 954 2199 te
976 2173 1077 2198 missam
1090 2171 1206 2198 libenter
1221 2170 1321 2204 accepi,

268 2222 348 2248 quam
366 2213 424 2238 satis
437 2211 541 2238 acribus
555 2211 654 2243 oculis,
668 2218 829 2245 quamquam
842 2208 927 2235 adhuc
939 2209 1035 2243 lippus,
1049 2208 1241 2243 pinguissimam
1253 2206 1322 2233 Vidi.

270 2249 346 2277 Odor
361 2257 420 2275 acer
433 2248 499 2283 apud
512 2247 577 2273 Plin.
593 2247 667 2281 saepe
682 2255 700 2272 e.
714 2256 739 2282 g.
753 2254 797 2278 12,
813 2253 849 2280 17.
887 2246 1056 2276 Accrrimus,
1080 2253 1121 2277 15,
1137 2249 1167 2274 28
1190 2244 1215 2269 <Sc
1237 2251 1281 2274 21,
1297 2249 1322 2276 7.

967 1568 1087 1602 Iurgium
1099 1577 1158 1594 acre
1172 1568 1243 1594 inter
1258 1567 1362 1604 Hel-40
1375 1569 1419 1594 cit.
1434 1577 1468 1600 4,
1490 1587 1496 1593 .
1520 1587 1526 1593 .

1003 1923 1114 1950 Morbus
1127 1932 1185 1949 acer
1199 1930 1224 1949 et
1238 1922 1318 1959 durus
1330 1932 1361 1957 50
1373 1922 1422 1958 pro
1437 1923 1530 1949 Flacco
1544 1926 1587 1949 26.

1375 1066 1408 1093 de
1422 1066 1479 1093 Fin.
1495 1073 1517 1097 5,
1538 1085 1543 1091 .
1567 1085 1573 1090 .
1597 1085 1603 1090 .
1641 1064 1739 1090 Videre
1754 1065 1811 1091 Cic.
1827 1065 1940 1097 1103114,
1962 1085 1968 1091 .
1992 1085 1997 1091 .
2021 1085 2027 1091 .
2065 1066 2173 1093 Acutius
2188 1073 2267 1102 atque
2280 1068 2366 1094 acrius
2377 1068 2430 1095 via>

1374 1102 1436 1129 dere
1450 1102 1506 1128 Cic.
1514 1101 1547 1127 de
1555 1101 1629 1127 Orat.
1638 1103 1715 1132 1,116.
1752 1101 1857 1126 Acriter
1871 1101 1978 1127 infestus
1992 1101 2195 1136 Lucret.6,7532.
2231 1103 2322 1130 Oculis
2336 1103 2419 1132 solem

1373 1138 1473 1164 intueri
1492 1138 1548 1163 Cic.
1562 1137 1645 1162 Tusc.
1661 1144 1681 1168 1,
1695 1144 1726 1170 73
1747 1145 1768 1162 c.
1784 1145 1823 1168 30.
1860 1136 1963 1163 Offerre
1977 1138 2002 1163 se
2019 1137 2102 1162 morti
2122 1138 2178 1164 Cic.
2192 1147 2241 1172 pro
2254 1140 2350 1166 Milon.
2363 1148 2418 1173 192.

1374 1175 1492 1208 Pugnare
1511 1172 1606 1199 acriter
1620 1172 1691 1198 Hirr.
1706 1173 1734 1198 B.
1750 1172 1825 1206 Hisp.
1840 1180 1876 1204 12,
1890 1181 1911 1205 5.
1934 1195 1937 1200 ,
1981 1173 2115 1207 Speculari
2152 1174 2243 1200 Tacit.
2252 1176 2358 1209 Η111.3,
2379 1196 2386 1202 .
2407 1195 2416 1204 .
2443 1175 2445 1177 ’

1154 1208 1361 1245 11'1d.ixciis.30
1374 1210 1479 1236 Acriter
1493 1215 1518 1235 et
1526 1207 1705 1235 Vehementer
1721 1207 1824 1234 dixerat
1843 1209 1974 1234 accusator
1988 1210 2043 1235 Cic.
2057 1218 2107 1243 pro
2120 1209 2202 1236 Flacc.
2215 1218 2252 1237 21.
2359 1210 2380 1250 Ἴ
2399 1220 2418 1241 2

1375 1246 1514 1282 Comparat.
1536 1245 1603 1272 Hor.
1619 1244 1669 1270 Sat.
1682 1252 1708 1276 2,
1721 1251 1747 1278 7,
1763 1252 1791 1276 19
1810 1245 1894 1279 legunt
1910 1244 2009 1279 quidam

1608 1296 1618 1301 -
1762 1287 1861 1314 quanto
1881 1280 2041 1306 constantior
2061 1280 2132 1307 idem

1571 1317 1602 1343 In
1614 1316 1705 1347 vitiis,
1725 1322 1799 1342 tanto
1819 1315 1903 1341 leuius
1917 1316 2008 1342 miser:
2028 1317 2112 1343 acrius
2126 1317 2189 1350 ille,

1572 1352 1628 1385 Qii
1646 1352 1699 1378 iam
1713 1358 1853 1384 contento,
1874 1351 1927 1377 iam
1946 1351 2006 1377 laxo
2024 1352 2088 1378 fune
2099 1353 2211 1379 laborat.
2251 1353 2297 1380 Sed
2315 1356 2442 1390 oprimu‘·

2086 1404 2096 1410 -
2116 1404 2126 1410 -
2148 1406 2157 1410 -
2178 1388 2266 1416 Multo
2287 1390 2418 1418 insaniunt

1376 1434 1470 1451 acrius.
1509 1424 1625 1451 Martial.
1640 1429 1663 1456 8,
1678 1429 1702 1453 81
1724 1425 1781 1450 Hos
1800 1423 1867 1449 natis
1887 1430 1956 1449 amat
1976 1424 2060 1449 acrius
2083 1424 2195 1452 duobus.
2233 1425 2316 1452 Ardet
2333 1426 2419 1454 atriu!

1375 1461 1467 1487 Tacit.
1481 1468 1509 1492 4,
1531 1476 1540 1481 -
1561 1476 1570 1481 -
1591 1477 1600 1481 -
1622 1460 1801 1486 Commonent
1817 1468 1858 1485 me
1873 1460 1912 1485 tui
1925 1458 1983 1485 loca
1997 1459 2063 1485 Plin.
2072 1460 2116 1494 Ep.
2125 1462 2151 1492 6,
2161 1469 2186 1487 2.
2220 1462 2314 1488 Aetius
2333 1461 2432 1490 doluitxi

1376 1496 1488 1531 populus
1503 1495 1595 1522 Tacit.
1609 1497 1678 1522 Ann.
1691 1505 1717 1528 2,
1740 1516 1746 1522 .
1770 1516 1776 1522 .
1799 1515 1805 1522 .
1845 1495 1939 1521 Acrius
1955 1502 1980 1521 et
1994 1495 2131 1522 instantius
2144 1496 2233 1531 inquit
2252 1497 2317 1524 Plin.
2332 1498 2376 1533 Ep.
2390 1492 2418 1532 6,

1375 1542 1420 1565 20,
1434 1541 1470 1558 10.
1509 1532 1603 1557 Acrius
1617 1531 1710 1558 exarsit
1721 1531 1803 1558 Ouid.
1818 1531 1849 1558 de
1862 1531 1926 1558 Arte
1937 1531 2093 1564 Am.2,334.
2129 1532 2252 1567 Experiri
2265 1534 2350 1560 acrius
2361 1533 2423 1561 Ta-

1564 1567 1683 1594 Gratiam
1697 1568 1815 1594 Caesaris
1828 1568 1913 1594 acrius
1926 1567 2020 1595 fouere
2040 1567 2131 1594 Tacit.
2145 1576 2172 1600 5,
2193 1588 2200 1594 .
2223 1588 2229 1595 .
2267 1569 2361 1596 Acrius·
2379 1570 2420 1597 1113
2435 1567 2437 1570 ’

1375 1603 1500 1631 cumbere
1516 1603 1591 1637 Virg.
1606 1604 1704 1638 Georg.
1718 1613 1753 1637 4,
1774 1609 1833 1637 248.
1871 1604 1965 1630 Acrius
1979 1603 2118 1630 infremuit
2131 1603 2230 1630 bellum
2251 1604 2296 1631 Sil.
2309 1614 2337 1638 3,
2357 1613 2418 1638 230.

1375 1641 1514 1667 Incurrere
1528 1644 1554 1665 et
1567 1648 1661 1674 vrgere
1675 1639 1720 1666 Sil.
1734 1640 1791 1665 1131.
1817 1647 1845 1672 ς,
1864 1660 1869 1665 .
1893 1659 1899 1665 .
1955 1639 2048 1665 Αο11115
2060 1647 2134 1674 pater
2148 1639 2224 1666 instat
2237 1640 2304 1667 Ter.
2318 1642 2383 1667 Hec.
2397 1650 2420 1674 1,
2458 1639 2459 1643 ¹

1374 1685 1390 1703 2
1399 1696 1407 1708 ‚
1424 1683 1465 1709 45.
1503 1675 1642 1701 Intendere
1655 1676 1758 1710 scriptis
1772 1676 1824 1702 suis
1838 1675 1904 1701 Plin.
1913 1675 1958 1710 Ep.
1967 1684 1989 1708 5,
1998 1680 2051 1707 3,8.
2086 1674 2206 1701 Iudicare
2213 1675 2278 1702 Plin.
2287 1677 2332 1711 Ep.
2341 1679 2367 1710 6,
2374 1684 2418 1712 27.

1375 1713 1430 1739 Cic.
1447 1711 1478 1738 de
1491 1712 1565 1738 Orat.
1582 1719 1591 1736 1
1600 1731 1608 1743 ,
1629 1714 1669 1737 116
1691 1711 1768 1737 Adest
1782 1711 1839 1737 fere
1852 1720 1931 1737 nemo
1941 1732 1948 1743 ,
1975 1712 2040 1746 quin
2053 1711 2153 1737 acutius
2166 1717 2243 1746 atque
2256 1713 2340 1738 acrius
2353 1713 2420 1740 vitia

953 1747 1010 1771 Cic.
1031 1755 1079 1779 pro
1094 1746 1187 1772 Flacco
1202 1755 1243 1778 103
1259 1756 1280 1772 c.
1295 1755 1319 1779 51
1329 1755 1363 1781 45
1375 1747 1490 1779 iudicet,
1510 1756 1589 1781 quam
1602 1755 1632 1772 ea
1644 1747 1733 1773 landet
1746 1755 1812 1781 quae
1825 1747 1897 1773 reeta
1909 1746 2007 1773 videat.
2045 1747 2138 1773 Acrius
2151 1756 2249 1774 micare
2269 1750 2354 1774 uolunt
2365 1750 2418 1785 qui-

1373 1783 1429 1809 dam
1444 1783 1548 1809 Lucret.
1562 1791 1652 1815 3‚29o.
1692 1782 1739 1810 Sed
1752 1786 1783 1815 css!
1793 1782 1884 1808 Oculis
1896 1783 1976 1808 micat
1991 1782 2094 1808 acribus
2106 1782 2195 1810 ardor.
2230 1784 2333 1816 Acrius,
2340 1792 2418 1819 quam

1373 1818 1560 1845 con‘fideratius
1573 1819 1681 1844 initium
1702 1818 1830 1844 tumultus
1850 1819 1977 1845 excitauit
2001 1819 2093 1845 Tacit.
2108 1819 2175 1845 Hist.
2193 1827 2220 1851 1,
2241 1839 2247 1847 .
2267 1839 2274 1846 .
2325 1820 2417 1849 Acrius

1372 1862 1448 1888 vrget
1470 1854 1551 1880 Ouid.
1565 1855 1657 1880 Amor.
1673 1863 1692 1886 1,
1702 1863 1726 1886 2,
1736 1862 1773 1888 17.
1812 1855 1879 1880 Hor.
1889 1854 1938 1880 Sat.
1948 1862 1999 1886 1,2,
2009 1863 2042 1886 15.
2079 1855 2140 1880 Vrit
2155 1855 2235 1881 Ouid.
2244 1856 2336 1882 Amor.
2351 1859 2416 1889 19,3’,

1373 1890 1393 1922 ἢ
1417 1897 1428 1920 3
1452 1890 1572 1923 Sapei-lat.
1595 1890 1729 1915 Acerrime
1745 1898 1823 1923 quam
1837 1891 1951 1916 maxime
1965 1891 2073 1916 intentis
2085 1890 2169 1916 oculis
2177 1891 2349 1926 contemplari
2362 1891 2416 1922 Cia
2454 1889 2455 1893 ¹

1641 1925 1709 1950 Cum
1723 1924 1835 1951 Arderet
1848 1927 1975 1951 acerrime
1988 1926 2138 1952 coniuratio
2171 1926 2208 1952 ld.
2232 1935 2281 1961 pro
2300 1927 2370 1954 Sulla

1372 1959 1519 1985 Emendare
1531 1959 1597 1985 Plin.
1612 1959 1690 1994 Epist.
1704 1968 1738 1994 7,
1760 1967 1803 1994 17,
1825 1968 1850 1995 7.
1908 1962 2047 1987 Decertare
2061 1962 2116 1987 Cic.
2130 1962 2212 1988 Tusc.
2227 1971 2259 1995 2,
2281 1983 2287 1989 .
2310 1983 2316 1989 .
2359 1957 2425 1998 Cidi¹

1372 1992 1404 2041 de
1418 1993 1493 2017 Orat.
1507 2001 1540 2022 2,
1561 2002 1605 2030 139.-
1631 1997 1707 2027 Qae
1720 1998 1842 2029 Aguntur
1854 1997 1990 2023 acerrime.
2046 1998 2136 2031 Virgis
2150 1998 2256 2024 caedere
2270 1998 2326 2025 Cic.
2340 1999 2364 2026 V
2376 1997 2382 2031 J
2435 1999 2451 2034 411

1372 2034 1479 2096 ,sttui-j,
1501 2026 1651 2093 5Acerrime
1665 2036 1804 2062 occupatus
1819 2032 1888 2075 Nep.
1896 2041 1945 2065 23,
1965 2040 1998 2067 7,
2020 2041 2038 2059 ι.
2076 2033 2188 2068 Aliquid
2201 1994 2419 2095 vituium-areg?

1411 2105 1433 2125 A
1441 2104 1458 2124 C
1467 2104 1485 2123 R
1495 2104 1504 2123 1
1514 2103 1539 2123 M
1548 2102 1567 2123 Ο
1576 2102 1616 2123 NT
1629 2102 1648 2122 A
1659 2116 1667 2129 ,
1695 2105 1733 2122 ae.
1762 2097 1782 2123 f.
1816 2095 1982 2131 [σφαδρᾶτης,
2001 2096 2132 2133 δριμύτης,
2151 2101 2270 2137 δεηότης]
2296 2106 2343 2132 Ws
2377 2101 2416 2133 ves.

1374 2134 1495 2161 hemerztt'a
1505 2153 1511 2163 ‚
1534 2141 1583 2158 nou
1602 2134 1629 2158 in
1642 2132 1775 2169 japoribias
1794 2132 1864 2158 modo
1884 2140 1955 2168 atque
1969 2133 2096 2163 odoribus,
2112 2134 2161 2168 sd
2172 2140 2245 2161 ctiam
2258 2142 2284 2162 in
2297 2125 2380 2165 unitim
2392 2145 2419 2167 ρο

1375 2167 1523 2196 actionibus,
1563 2169 1630 2195 Cato
1643 2168 1674 2194 de
1688 2168 1719 2194 R.
1734 2169 1764 2194 R.
1780 2176 1838 2203 157,
1855 2176 1868 2201 5
1889 2168 1917 2194 ἆυ
1931 2168 2048 2203 braffim,
2067 2168 2129 2195 Etsi
2144 2169 2216 2196 vlcus
2230 2171 2412 2204 acrimoniam,

1375 2206 1431 2231 eius
1445 2205 1516 2231 ferre
1530 2213 1585 2230 non
1596 2205 1709 2238 poterit,
1729 2204 1843 2230 farinam
1856 2204 2028 2230 hordeaceam
2039 2205 2156 2231 misceto.
2193 2205 2257 2232 Plin.
2273 2215 2309 2239 12,
2317 2208 2416 2241 191242.

1376 2242 1463 2276 Ipsum
1478 2240 1640 2267 cinnamomi
1651 2240 1753 2274 lignum
1767 2240 1794 2266 in
1802 2239 1909 2266 fastidio
1917 2239 1968 2272 est,
1991 2247 2098 2275 propter
2112 2241 2215 2276 origani
2227 2242 2412 2277 acrimoniam,

272 2286 376 2312 Patrem
392 2284 480 2310 lenem
495 2282 570 2309 illum
586 2283 685 2308 factum
701 2291 743 2308 nie
761 2282 809 2307 ess'e
829 2281 991 2307 acerrimum
1008 2281 1078 2306 Ter.
1094 2280 1172 2305 Phor.
1188 2288 1203 2305 2
1214 2299 1222 2311 ,
1237 2287 1263 2310 1,
1285 2280 1364 2310 32.60
1377 2288 1394 2303 ι.
1405 2280 1463 2313 quia
1475 2285 1530 2302 acre
1538 2274 1571 2308 est
1583 2274 1662 2309 instar
1669 2279 1777 2312 origani.
1815 2276 1852 2301 ld.
1868 2284 1911 2307 19,
1925 2280 1938 2305 8
1952 2277 1968 2301 s.
1978 2284 2010 2308 54
2030 2276 2058 2301 de
2073 2277 2171 2312 sinapi,
2192 2278 2256 2304 Vsus
2269 2279 2325 2305 eius
2333 2279 2414 2306 etiam

270 2320 392 2347 Potamia
412 2319 474 2346 solis
495 2320 583 2345 acrior
606 2319 682 2352 Virg.
701 2319 800 2352 Georg.
822 2325 848 2349 1,
864 2325 911 2349 93,
961 2317 1008 2343 Vbi
1030 2316 1155 2347 Seruius,
1191 2313 1325 2341 Validior-

271 2358 352 2383 Potor
365 2364 426 2382 acer
441 2357 507 2382 Hor.
523 2355 573 2381 Sat.
589 2363 603 2381 2
613 2374 621 2387 ,
637 2359 666 2386 8,
680 2361 718 2388 37.
757 2353 889 2380 Praeliuin
902 2361 961 2379 acre
980 2351 1072 2378 Tacit.
1088 2353 1155 2377 Ann.
1171 2358 1198 2377 12
1208 2369 1215 2382 ,
1229 2358 1283 2382 40,
1299 2349 1324 2374 6.

271 2393 328 2418 Cic.
343 2391 375 2418 dc
389 2392 463 2418 Orat.
478 2399 493 2417 2
503 2411 511 2423 ‚
526 2396 568 2421 182
581 2400 603 2416 c.
620 2399 651 2423 43
673 2390 761 2424 anue
775 2390 876 2420 omnia,
890 2397 957 2423 quae
972 2386 1309 2422 proborum,demifforum
1319 2404 1327 2417 ,

270 2437 324 2454 non
339 2428 440 2454 acrium
450 2448 457 2460 ,
478 2435 533 2453 non
553 2425 745 2461 pertinacium,
767 2434 821 2450 non
836 2425 1017 2459 litigiosorum
1032 2425 1107 2456 sunt,
1121 2421 1198 2449 valde
1213 2421 1327 2448 beniuo-

272 2464 381 2490 lentiam
395 2463 547 2490 conciliant.
585 2462 681 2488 Pruiua
694 2461 749 2487 acri
763 2467 885 2487 concreta
898 2461 944 2486 nix
967 2461 1072 2486 Lucret.
1083 2468 1110 2492 3,
1126 2467 1169 2485 20.

272 2508 332 2526 accr
346 2499 420 2532 Virg.
435 2499 501 2524 Aen.
516 2507 544 2531 5,
562 2500 610 2524 116.
658 2497 743 2523 Catul.
759 2502 807 2530 84,
822 2505 834 2528 5
856 2497 920 2523 Non
934 2496 1019 2522 solum
1034 2495 1175 2527 meminit,
1194 2493 1239 2521 sed
1255 2501 1323 2527 quae

273 2534 360 2561 multo
376 2534 463 2560 acrior
475 2534 511 2560 est
524 2543 580 2565 res,
602 2535 670 2560 Irata
685 2533 729 2559 cst.
788 2532 898 2564 Rubor,
925 2535 942 2558 i.
964 2534 973 2558 l.
987 2535 1057 2564 iiius,
1087 2538 1130 2557 aut
1143 2530 1242 2557 iii-dens.
1264 2529 1322 2555 Seri.

273 2570 395 2599 Natural.
413 2568 522 2603 Quaest.
536 2577 564 2600 3,
587 2588 592 2593 .
615 2589 621 2594 .
670 2570 774 2595 Rumor
794 2568 884 2594 Tacit.
908 2569 938 2594 A.
961 2577 989 2600 5,
1012 2588 1018 2593 .
1041 2588 1047 2593 .
1094 2567 1169 2601 Virg.
1185 2566 1284 2599 Georg.
1298 2573 1324 2596 2,

274 2615 324 2640 405
366 2607 420 2632 13111
446 2611 503 2630 tuni
521 2612 580 2630 acer
602 2613 675 2629 curas
690 2605 843 2630 venientem
858 2603 976 2630 extendit
991 2604 1019 2630 in
1034 2612 1132 2629 annum
1195 2602 1324 2628 Rusticus.

273 2642 366 2668 Sensus
381 2640 492 2668 videndi
508 2639 652 2666 acerriiims
673 2640 728 2665 Cic.
743 2639 775 2665 de
791 2642 865 2665 Orat.
881 2649 911 2671 2,
926 2648 979 2674 357.

273 2677 402 2704 Videmus
411 2697 418 2708 ,
435 2677 462 2702 in
476 2675 594 2710 partibus
607 2674 701 2700 mundi
715 2675 792 2700 iness'e
809 2675 910 2700 sensum
926 2682 951 2701 et
965 2676 1108 2701 rationem.
1160 2675 1190 2700 111
1203 2682 1234 2700 03
1248 2678 1322 2707 parte

274 2713 375 2747 igitur,
397 2712 425 2738 in
447 2720 499 2747 qua
521 2710 615 2737 mundi
638 2710 704 2737 inest
727 2709 903 2745 principatus,
925 2710 988 2736 haec
1012 2711 1092 2737 ineffe
1111 2711 1210 2736 neceffe
1224 2709 1275 2741 est,
1297 2713 1324 2734 et

275 2749 379 2775 acriora
393 2747 503 2782 quidem
517 2752 596 2781 atque
611 2747 722 2772 maiora.
759 2745 905 2771 Seruitjuni
918 2746 1002 2771 acrius
1016 2746 1108 2772 Tacit.
1122 2747 1191 2772 Arm.
1206 2746 1238 2776 6,
1253 2748 1324 2776 48‚4

273 2788 292 2811 i.
310 2785 422 2811 Sci-uitus
435 2783 522 2809 durior
536 2790 559 2808 et
566 2782 675 2818 saeuior.
711 2781 852 2807 Silentium
866 2789 923 2806 acre
939 2786 964 2806 et
979 2781 1111 2807 intentum
1127 2781 1193 2807 Plin.
1209 2778 1321 2813 Epist.2,

278 2829 315 2848 10.
365 2819 430 2845 Plin.
446 2823 502 2852 4,8
532 2819 607 2843 Vuae
621 2817 728 2851 paulum
744 2823 803 2843 ante
817 2816 998 2843 maturixatem
1020 2815 1174 2850 decerptae,
1197 2815 1324 2842 siccantur
1332 2824 1364 2852 75
1377 2815 1466 2855 esse,.1'.
1474 2815 1639 2851 seueritatem.

275 2856 330 2882 acri
343 2855 402 2882 Sole
412 2875 420 2888 ,
442 2862 482 2881 ter
496 2853 540 2880 die
554 2854 671 2880 versatae
686 2861 732 2886 per
747 2852 877 2879 triduum.
926 2853 965 2879 Sic
980 2852 1084 2877 Lucret.
1098 2854 1130 2883 6,
1143 2857 1198 2884 850.
1254 2849 1322 2877 Ρ1111.

279 2899 323 2926 17,
345 2899 389 2923 24.
435 2890 545 2924 Sonipes
564 2889 626 2915 Stat.
642 2888 734 2915 Theb.
750 2896 777 2921 5,
798 2908 804 2914 .
827 2908 833 2914 .
889 2888 996 2914 Sonitus
1009 2887 1083 2921 Virg.
1099 2887 1197 2920 Georg.
1211 2894 1245 2919 4,
1257 2894 1321 2919 409.

277 2927 390 2962 Spiritus
404 2927 471 2952 Hor.
488 2926 539 2952 Sat.
554 2934 580 2957 1,
599 2935 632 2959 4,
647 2926 692 2958 46.
730 2923 837 2950 Stimuli
851 2923 917 2950 Hor.
935 2923 985 2949 Sat.
1001 2931 1031 2953 2,
1045 2930 1061 2957 7
1071 2943 1078 2955 ,
1094 2930 1138 2956 94.
1182 2922 1259 2948 Acres
1271 2921 1323 2947 ira-

276 2972 336 2990 rum
350 2962 437 2989 mouit
451 2961 570 2988 stimulos
585 2961 681 2987 Lucan.
696 2969 723 2992 3,
739 2968 792 2992 333.
828 2959 894 2986 Ρ1111.
910 2967 953 2992 19,
974 2964 987 2989 8
1003 2959 1021 2984 s.
1040 2967 1072 2992 54
1105 2957 1273 2984 Acerrimum
1287 2957 1322 2982 sa-

277 3008 359 3033 pore,
378 2998 451 3032 ignei
466 2996 591 3028 effeetus,
610 3005 638 3022 ac
654 2995 858 3022 saluberrimum
881 2995 988 3029 corpori
1002 2993 1100 3029 Sinapi.

279 3034 334 3067 post
349 3034 460 3066 vinum,
481 3036 497 3059 i.
512 3032 609 3059 Acidus
631 3033 699 3058 Hor.
719 3032 769 3058 Sat.
786 3040 819 3064 2,
840 3041 873 3065 4,
896 3039 935 3064 59.
993 3030 1048 3056 Cic.
1073 3029 1105 3056 de
1125 3029 1199 3056 Orat.
1222 3037 1231 3055 1
1253 3038 1274 3054 c.
1295 3036 1323 3055 21

280 3070 344 3095 Non
364 3069 475 3105 despero
496 3069 556 3095 sore
578 3067 695 3103 aliquem
719 3067 878 3102 aliquando,
900 3067 947 3102 qui
962 3065 1088 3092 0111111110
1103 3065 1223 3097 acriore,
1245 3073 1324 3099 quam

281 3113 329 3130 nos
343 3106 428 3131 sumus
443 3111 522 3140 atque
537 3104 637 3130 fuimus
647 3123 653 3134 ‚
673 3109 700 3130 et
719 3104 777 3129 otio
787 3123 794 3135 ,
815 3109 863 3130 ete.
884 3102 975 3129 existat
990 3102 1048 3128 talis
1062 3108 1161 3127 orator.
1202 3102 1325 3135 Vnguen-

281 3140 315 3166 tis
331 3141 418 3166 minus
432 3141 478 3166 diu
492 3149 539 3166 nos
554 3139 691 3166 delectari.
727 3140 821 3165 Succus
838 3139 908 3165 Vitr.
931 3144 960 3171 8,
982 3146 1002 3170 3.
1038 3137 1142 3164 Summa
1157 3143 1182 3163 et
1194 3136 1325 3163 acerrima

281 3175 415 3202 Suauitate
447 3176 561 3202 conditis
601 3175 657 3202 Cic.
679 3174 711 3201 de
734 3175 808 3201 Orat.
824 3183 851 3207 3,
866 3183 909 3207 99.

281 3211 339 3237 Cat.
374 3219 400 3242 1,
430 3219 451 3243 3.
509 3211 604 3238 Testes
635 3211 759 3238 acerrimi
791 3210 872 3236 Plaut.
905 3211 978 3236 Men.
1011 3218 1044 3242 4,
1069 3218 1102 3242 2,
1139 3217 1178 3241 30.
1233 3207 1322 3235 Tibia

281 3247 350 3272 Hor.
365 3245 451 3278 Otii,
476 3254 518 3278 12,
541 3247 553 3272 ι’
570 3257 596 3272 m
608 3257 653 3283 quo
669 3247 754 3273 laudat
773 3246 869 3273 Fabius
885 3251 955 3278 8,2,
971 3254 987 3278 9
1004 3245 1113 3280 proprie
1127 3243 1228 3271 dietum
1239 3264 1246 3277 ,
1266 3252 1321 3279 quo

281 3281 350 3308 nihil
364 3281 482 3307 inueniri
499 3281 570 3315 possit
585 3282 778 3316 tignificantius.
816 3284 907 3317 Nempe
923 3281 957 3307 ad
970 3281 1058 3317 fimum
1071 3281 1139 3307 illum
1152 3287 1263 3310 acutum,
1279 3287 1323 3316 pe-

280 3317 424 3360 netrabilem
444 3323 468 3342 et
487 3318 613 3352 clamostml
635 3319 746 3354 refertur
761 3328 768 3343 :
798 3317 872 3354 forte
890 3320 964 3343 etiam
978 3324 1024 3352 per
1044 3317 1090 3343 hoc
1107 3315 1184 3352 spsitm
1195 3315 1230 3342 ad
1233 3315 1323 3352 famae

281 3363 399 3390 vigorem.

282 3399 317 3423 4,
336 3391 390 3423 641.
437 3388 536 3414 Vinum
552 3388 677 3422 vapidum
692 3396 720 3416 vt
734 3399 791 3416 acre
807 3389 851 3416 fiat
865 3388 923 3416 Col.
938 3396 982 3421 12,
1002 3397 1029 3422 5,
1053 3397 1073 3416 1.

282 3433 345 3451 1111111
360 3425 463 3451 Lucret.
478 3432 489 3454 3
500 3443 508 3456 ,
528 3431 590 3458 742.
627 3425 675 3451 Vir
688 3426 743 3452 Cic.
757 3426 809 3452 Att.
824 3435 858 3460 4,
871 3433 891 3457 3.
930 3426 1021 3450 Virtus
1034 3425 1139 3451 Lucret.
1156 3432 1182 3456 1,
1197 3429 1235 3457 71.

282 3461 349 3486 Hor.
364 3459 446 3494 Epod.
461 3466 493 3494 7,
511 3467 543 3491 13.
581 3459 646 3485 Pliu.
661 3465 689 3491 8,
711 3469 741 3493 25
763 3461 977 3488 AcerrimiVisus
991 3461 1049 3486 ess'e.

283 3498 343 3528 966.
381 3496 476 3522 Vultus
490 3495 593 3521 Lucret.
609 3497 641 3528 6,
655 3501 719 3525 1182..
755 3497 837 3523 Ouid.
853 3498 916 3524 Met.
933 3504 965 3530 9,
980 3500 1036 3530 788.

1117 3387 1254 3414 Violentia
1267 3387 1322 3413 leo-

1272 3423 1320 3450 Vis

1105 3460 1164 3486 Vox
1178 3460 1282 3486 Lucret.
1297 3467 1320 3492 3,

1163 3493 1183 3531 q
1204 3503 1220 3522 2.
1242 3495 1319 3527 Acer,

1222 2458 1324 2483 Remex
1335 2460 1366 2492 65
1379 2456 1471 2483 triculi
1486 2463 1583 2482 uocant.

966 3173 1078 3200 Acriora
1104 3172 1236 3208 Supplicia
1265 3172 1321 3199 Cic.
1336 3182 1365 3212 83

1379 2322 1428 2348 pro
1440 2311 1618 2347 pulmentario
1632 2312 1659 2338 in
1673 2311 1773 2347 patellis
1786 2310 1898 2337 11000610
1912 2311 1977 2337 citra
1990 2311 2150 2339 intellectum
2164 2313 2335 2347 acrimoniae,
2355 2317 2373 2341 i.
2387 2324 2415 2342 eo

1379 2358 1455 2384 ‘usquc
1468 2346 1580 2379 decocto,
1600 2347 1673 2374 donec
1687 2357 1733 2374 non
1746 2349 1852 2382 amplius
1860 2347 1988 2383 sentiatur
1999 2351 2140 2374 acrimonia.
2196 2349 2233 2375 Id.
2246 2358 2275 2381 23
2284 2370 2292 2382 ,
2312 2355 2326 2380 8
2344 2351 2363 2376 s.
2376 2358 2414 2386 74

1381 2384 1479 2411 Nuclei
1492 2383 1567 2410 nucis
1579 2384 1670 2418 pineae
1685 2384 1753 2410 sitim
1768 2383 1866 2415 sedant,
1882 2388 1907 2408 et
1920 2383 2092 2410 acrimoniam
2104 2384 2412 2421 stomachirofionesque.

1380 2420 1535 2447 Acrimonia
1548 2419 1675 2446 stomachi
1690 2419 1790 2446 videtur
1804 2418 1847 2452 est}
1860 2418 2001 2454 ὄξυερεγμία
2010 2439 2018 2452 ,
2040 2429 2106 2455 quem
2118 2423 2190 2446 etiam
2209 2421 2337 2448 Ardorem
2350 2430 2412 2448 ven-

1620 2456 1715 2490 ld.27,
1735 2464 1760 2487 13
1774 2455 1790 2481 s.
1805 2463 1851 2487 109
1869 2454 1897 2480 de
1909 2456 2038 2489 Smyrnio,
2057 2454 2139 2482 odore
2154 2456 2298 2490 medicato,
2313 2464 2338 2483 et
2351 2467 2410 2485 cum

1379 2492 1492 2528 quadam
1506 2492 1651 2518 acrimonia
1664 2491 1785 2518 iucundo.
1829 2492 1862 2516 Vt
1869 2499 1919 2524 24,
1934 2499 1963 2523 14
1975 2492 1992 2517 s.
2001 2496 2032 2525 78
2049 2491 2220 2518 Sareocollam
2227 2501 2285 2518 cum
2298 2493 2410 2527 quadam

1378 2529 1526 2556 acrimonia
1539 2527 1639 2554 dulcem
1654 2527 1725 2554 dicit.
1771 2526 1819 2552 Vis
1827 2532 1866 2558 „et
1888 2526 2034 2553 acrimonia
2053 2526 2085 2554 ad
2110 2527 2276 2554 resistendum
2294 2527 2409 2555 homini·
2444 2549 2445 2556 ,

1379 2565 1427 2592 bus
1442 2563 1610 2591 audacissimis
1631 2563 1686 2589 Cic.
1701 2561 1759 2588 Αὸἲ.
1775 2562 1803 2588 111
1816 2563 1892 2588 Verr.
1907 2571 1936 2595 52
1949 2571 1975 2589 c..
1985 2570 2013 2598 17
2026 2569 2090 2589 extr.
2110 2565 2128 2589 i.
2144 2561 2250 2593 δεινότης.
2306 2564 2363 2590 Cic.
2377 2563 2410 2590 de

1379 2603 1482 2628 Inuent.
1496 2609 1527 2632 2,
1547 2607 1590 2632 143
1615 2598 1678 2625 Ideo
1691 2597 1777 2638 quod,
1799 2597 1816 2624 ii
1831 2598 1858 2624 id
1874 2607 1927 2634 quo
1940 2599 2035 2625 nititur
2047 2598 2257 2626 aduersariorum
2268 2599 2341 2625 causa
2353 2598 2411 2625 sub-

1051 2639 1090 2665 id.
1109 2638 1141 2665 de
1155 2638 1189 2665 N.
1200 2638 1232 2664 D.
1247 2645 1279 2669 2,
1294 2645 1364 2673 3070
1378 2637 1499 2668 duxerit,
1520 2643 1624 2662 omnem
1644 2634 1716 2661 illam
1735 2643 1791 2660 eius
1813 2635 1869 2660 vim
1890 2640 1915 2660 et
1935 2635 2107 2661 acrimoniam
2125 2634 2232 2661 lenierit
2249 2642 2277 2660 ac
2295 2633 2412 2661 diluerit.

1377 2673 1496 2699 Naeuius
1511 2671 1645 2706 Lycurgo,
1666 2670 1708 2697 Ne
1722 2669 1766 2695 ille
1780 2671 1833 2696 mei
1846 2671 1897 2696 feri
1913 2671 2014 2705 ingenii
2026 2677 2104 2705 atque
2117 2670 2200 2696 animi
2211 2670 2414 2698 30101113οιῑίωο-

1377 2708 1449 2733 1113111
1465 2707 1571 2733 Nonius
1584 2716 1617 2740 2,
1635 2708 1667 2739 36
1700 2706 1783 2732 animi
1803 2707 1974 2733 viuacitatein
1992 2709 2172 2741 interpretratur
2182 2724 2190 2736 ,
2218 2712 2242 2730 et
2253 2704 2326 2731 addit
2337 2705 2413 2732 Accii

1377 2744 1457 2775 Vim,
1473 2743 1616 2775 ferociam,
1634 2742 1768 2774 animum,
1786 2743 1967 2774 atrocitatem,
1987 2742 2071 2774 iram,
2091 2740 2273 2767 acrimoniam.
2310 2740 2414 2767 Auctor
2440 2767 2441 2770 ,

1377 2778 1410 2805 311
1424 2779 1521 2805 Heren.
1537 2788 1564 2812 3,
1578 2781 1612 2806 26
1623 2787 1643 2805 c.
1652 2786 1676 2811 15
1691 2779 1825 2805 Conuenit
1838 2778 1921 2813 igitur
1933 2778 1962 2803 in
1973 2776 2048 2803 vultu
2061 2775 2188 2811 pudorem
2201 2782 2226 2802 et
2238 2775 2415 2808 acrimoniam

1691 2813 1765 2839 Idem
1785 2824 1819 2847 4,
1838 2822 1874 2847 49
1904 2813 2021 2840 Licentia
2039 2811 2058 2838 fi
2070 2810 2208 2838 videbitur
2220 2812 2334 2838 nimium
2346 2812 2413 2839 acri—

1376 2859 1482 2877 moniae
1496 2850 1608 2884 habere,
1626 2848 1715 2882 multis
1729 2849 1942 2884 initigationibus
1955 2848 2075 2875 lenietur.
2123 2847 2161 2873 Id.
2175 2854 2207 2882 7,
2221 2856 2247 2880 19
2259 2856 2281 2874 c.
2297 2848 2412 2885 1311300
2438 2867 2439 2870 ¹

1376 2887 1515 2913 exornatio
1530 2886 1739 2920 (interrogatio)
1759 2895 1820 2912 cum
1832 2885 1944 2912 multum
1957 2883 2095 2911 venustatis
2109 2882 2204 2916 habet,
2223 2889 2279 2910 tum
2299 2884 2412 2918 grauita-

1375 2923 1409 2949 tis
1423 2928 1448 2948 et
1460 2923 1621 2949 acrimoniae
1631 2921 1783 2957 plurimum.
1821 2921 2001 2948 Acrimoniam
2014 2927 2104 2954 capere
2117 2918 2170 2946 vid.
2184 2925 2308 2947 CAPIO.

1413 2957 1605 2992 ACRTTAS,
1629 2958 1685 2985 atis.
1708 2955 1880 2992 [σφοδρότης]
1911 2957 2078 2997 Ιζώεηιεηιῐα,
2103 2956 2258 2982 Acrimonia.
2319 2955 2412 2983 Accius
2445 2949 2448 2952 ¹

1170 2991 1323 3019 Stomachus
1332 3002 1364 3028 80
1377 2994 1575 3028 Neoptolemo,
1595 2995 1640 3021 Vis
1653 2993 1771 3021 veritatis
1785 2998 1863 3028 atque
1876 2998 1977 3019 acritas.
2012 2992 2050 3018 De
2062 3000 2108 3027 quo
2120 2990 2198 3017 eodem
2211 2992 2262 3017 Ioco
2274 2991 2341 3018 Gell.
2366 2999 2412 3026 3,2
2435 2996 2438 3005 ’

1378 3029 1449 3056 Sicut
1472 3037 1559 3057 autem
1581 3029 1649 3056 nihil
1664 3028 1808 3065 quidquam
1831 3028 1938 3055 interest
1965 3026 2098 3055 Suauicudo
2119 3026 2203 3058 dicas,
2229 3035 2261 3052 an
2280 3027 2412 3057 suauitas,-
2434 3021 2459 3053 '.

1376 3065 1544 3096 Acci-biturio,
1569 3075 1602 3093 an
1614 3065 1761 3094 Acen-bitum
1797 3064 1935 3095 Acritudo‚
1958 3072 1992 3090 an
2011 3062 2101 3097 (quod
2121 3063 2213 3089 Accius
2227 3062 2255 3088 in
2268 3062 2412 3097 Neoptole-

1378 3109 1424 3128 mo
1439 3101 1554 3136 scripsit)
1568 3104 1692 3129 Acritas:
1728 3101 1765 3127 ita
1783 3099 1851 3126 nihil
1871 3099 1982 3126 rationis
2001 3098 2055 3125 dici
2073 3098 2172 3134 potest,
2192 3098 2240 3133 qui
2258 3096 2412 3134 Neceffieudo
2433 3097 2436 3108 ⁴
2460 3102 2466 3110 ⁵

1378 3143 1404 3164 et
1419 3137 1554 3172 Aeceffitas
1566 3139 1739 3173 separentur.x
1757 3135 1830 3172 Conf.
1847 3135 1919 3163 Non.
1933 3141 1962 3168 8,
1982 3139 2024 3168 48.
2432 3131 2436 3171 l
2450 3157 2453 3162 .

1415 3180 1489 3200 Aen
1501 3173 1585 3206 171DO,
1605 3174 1665 3201 i'nis.
1688 3170 1839 3207 [δριμύτης]
1863 3173 2026 3203 Acrimonia,
2052 3179 2077 3196 v.
2091 3177 2117 3206 g.
2138 3168 2297 3196 acredinem
2314 3167 2410 3196 habu-e
2431 3169 2451 3198 {³

1376 3208 1443 3235 Plin.
1456 3209 1542 3236 Valer.
1560 3218 1586 3242 1,
1599 3217 1638 3243 25.
1679 3208 1764 3236 Nuces
1776 3207 1914 3234 seruantur
1925 3206 1994 3241 cepis
2006 3205 2111 3237 mistae,
2131 3205 2229 3241 quibus
2242 3204 2306 3232 hanc
2318 3203 2410 3231 viciffi-
2426 3202 2434 3235 '¹,

1375 3244 1495 3271 tudinem
1511 3280 1518 3306 1
1533 3245 1668 3278 reddunt,
1705 3248 1735 3270 vt
1770 3243 1808 3270 eis
1846 3242 1995 3270 acredinem
2030 3241 2126 3269 tollant
2175 3239 2269 3268 Pallad.
2306 3240 2413 3269 Ianuar.
2424 3249 2432 3268 i

1374 3289 1397 3308 c.
1411 3288 1436 3307 1·
1495 3289 1527 3307 a.
1546 3284 1569 3307 =6
1615 3290 1623 3308 1
1645 3301 1651 3308 .
2397 3287 2399 3290 ·
2430 3278 2432 3304 l

1412 3283 1706 3350 ei'ciii‘rviioffinis
1726 3313 1849 3350 [ὅξότης]
1864 3320 1913 3350 pro
1930 3314 2023 3340 Acore.
2072 3311 2179 3340 Viti-uu.
2192 3315 2221 3343 8,
2241 3318 2254 3343 3
2280 3311 2353 3338 Fieri
2366 3315 2409 3338 au·
2428 3307 2431 3344 ‚¹
2452 3315 2453 3320 ¹

442 3352 540 3378 'rurba
553 3353 715 3387 praedonum
733 3355 799 3381 Hor.
813 3353 863 3381 Sat.
879 3361 905 3386 1,
927 3362 957 3385 z,
979 3361 1022 3387 42.
1059 3353 1198 3380 Venenum
1214 3352 1320 3378 Lueret.
1325 3363 1361 3390 90
1374 3356 1428 3378 tem
1441 3352 1597 3380 naturaliter
1609 3352 1658 3379 hoc
1673 3351 1733 3378 ideo
1746 3349 1870 3382 videtur,
1890 3349 1961 3384 quod
1975 3353 2071 3376 acer-et
2083 3346 2172 3374 acidus
2185 3346 2273 3372 succus
2285 3346 2410 3374 subest-in
2428 3350 2431 3365 ¹

1375 3395 1405 3413 ea
1418 3392 1503 3420 terra,
1516 3397 1562 3422 per
1574 3397 1653 3424 quam
1665 3386 1828 3422 egredientes
1840 3394 1922 3412 venae
1935 3385 2102 3420 intinguntur
2112 3381 2271 3409 acritudine.
2308 3381 2408 3415 Ibidem,
2427 3378 2430 3405 l

1374 3423 1574 3450 Ratiocineiuur
1595 3423 1688 3452 iisdem
1706 3421 1857 3449 rationibus
1876 3430 1906 3448 ex
1926 3420 2008 3448 aridis
2018 3423 2127 3454 propter
2141 3417 2315 3444 acritudinem
2329 3417 2409 3451 succi,
2427 3424 2429 3437 ¹
2445 3434 2449 3439 -

1373 3459 1454 3486 etiam
1473 3459 1612 3487 calculosos
1629 3460 1658 3487 in
1676 3464 1769 3485 natura
1787 3467 1877 3484 rerum
1897 3457 2015 3484 similiter
2032 3453 2100 3488 poss’e
2113 3453 2210 3480 curari.
2246 3453 2315 3480 Actd.
2328 3462 2360 3487 2,
2381 3460 2411 3487 9.
2426 3459 2429 3466 ⁸

1376 3495 1424 3521 Pro
1431 3494 1589 3530 fortitudine
1601 3507 1609 3522 ;
1644 3496 1691 3522 Par
1712 3494 1764 3521 fuit
1801 3493 1916 3520 nondam
1933 3492 2011 3526 vigor
2030 3495 2057 3516 et
2076 3488 2196 3516 acritudo
2209 3489 2407 3525 amplitudoque
2425 3486 2428 3497 ’

281 3539 334 3556 cum
348 3532 483 3566 ivisiviltiiio.
521 3531 617 3557 Lucan.
634 3539 659 3562 1,
675 3534 721 3563 146
742 3531 770 3557 de
785 3533 900 3569 Caesare,
914 3532 981 3559 Acer
994 3537 1020 3558 ct
1032 3529 1188 3562 indomitus,
1196 3539 1251 3565 quo
1265 3531 1319 3565 spes
1331 3543 1363 3569 95
1376 3530 1490 3557 Romani
1505 3532 1596 3566 populi
1609 3537 1634 3558 et
1646 3530 1727 3561 Poeni
1742 3530 1789 3557 Gel
1803 3550 1809 3556 .
1824 3538 1867 3562 10,
1885 3535 1928 3562 27-
2424 3533 2427 3545 ¹

283 3575 389 3600 quoque
407 3567 445 3593 ira
467 3567 593 3598 vorasset,
614 3567 693 3593 Ferre
712 3575 832 3601 manum,
853 3576 879 3595 et
897 3576 1030 3603 nunquam
1045 3565 1199 3593 temerando
1213 3575 1320 3601 parcere

283 3601 357 3641 ferro
373 3613 393 3641 ι.
414 3602 541 3628 Successus
562 3610 677 3636 vrguere
696 3602 770 3635 suos,
792 3604 886 3631 instare
905 3603 994 3631 fauori
1008 3602 1151 3635 Numinis,
1171 3602 1319 3637 impellens,

282 3636 414 3670 quidquid
429 3637 476 3663 libi
489 3639 588 3664 summa
603 3638 702 3672 petenti
713 3637 849 3671 Obstaret,
869 3640 1037 3675 gaudensque
1049 3639 1120 3665 viam
1133 3638 1220 3664 secuse
1229 3638 1316 3665 ruina.

237 3686 244 3693 ·
282 3671 328 3712 sil.
342 3671 397 3697 Ital.
412 3680 439 3704 3,
454 3678 494 3704 338
533 3673 640 3706 Cydnus
658 3674 727 3708 agit,
748 3673 808 3708 iuga
826 3676 937 3707 Pyrenes
956 3674 1097 3702 venatibus
1118 3681 1178 3700 acer
1212 3673 1316 3706 Metiri,

282 3706 404 3734 iaculoue
418 3708 557 3735 extendere
570 3709 667 3744 praelia
681 3710 785 3735 Mauro.

283 3743 330 3769 huc
341 3743 483 3778 rescrrmus.
520 3745 587 3771 Acer
599 3744 670 3771 bello
683 3744 849 3772 accendendo
861 3746 969 3774 TamH.
979 3756 1006 3781 4,
1017 3756 1035 3774 1.
1071 3745 1158 3772 Armis
1166 3745 1241 3780 Virg.
1249 3745 1315 3772 Aen.

283 3786 317 3810 9,
337 3779 391 3812 176.
435 3778 518 3804 Cursu
535 3789 618 3815 equus
642 3780 717 3815 Virg.
731 3780 779 3807 Ge.
795 3789 823 3813 3,
837 3789 886 3812 119.
941 3783 1009 3810 Acer
1021 3781 1134 3809 militiae
1148 3780 1316 3816 Vcspafianus

282 3813 402 3853 Tatn'H.
418 3820 449 3844 2,
467 3821 496 3845 5,
519 3822 537 3840 ι.
607 3816 663 3843 Cic.
677 3816 769 3843 Diuin.
785 3825 811 3848 1,
824 3818 852 3842 61
893 3818 927 3842 Vt
946 3818 989 3844 illa
1008 3818 1086 3846 tertia
1099 3825 1157 3853 pars
1168 3816 1279 3843 rationis
1290 3821 1318 3843 et

282 3854 379 3888 inentis
398 3847 512 3887 eluceat,
532 3855 558 3875 et
580 3851 605 3876 se
624 3858 742 3886 vegetam
763 3851 795 3877 ad
818 3852 1002 3881 somniandum
1023 3861 1161 3889 acremque
1182 3851 1314 3887 praebeat.

282 3884 387 3911 Caelius
399 3883 430 3909 ad
442 3883 498 3910 Cic.
512 3884 582 3911 Fam.
595 3890 624 3918 8,
641 3895 665 3919 15

281 3918 360 3947 rebus
372 3918 494 3953 gerendis
505 3925 549 3945 aut
561 3919 663 3953 legisti,
683 3930 727 3950 aut
739 3922 852 3949 vidisti?
894 3923 925 3948 Et
939 3924 1012 3951 Orat.
1027 3932 1075 3960 172
1115 3925 1182 3958 Qiis
1197 3923 1225 3950 in
1235 3922 1316 3951 rebus

696 3888 808 3922 Ecquem
820 3894 908 3914 autern
922 3888 990 3915 Caes
994 3898 1030 3916 ire
1042 3889 1132 3916 nostro
1144 3887 1274 3914 acriorem
1286 3887 1315 3914 in
1324 3887 1460 3928 105aceris.

1409 3573 1431 3593 A
1440 3572 1457 3593 c
1466 3573 1484 3593 R
1493 3574 1511 3593 0
1521 3574 1538 3594 n
1546 3587 1555 3600 ‚
1575 3567 1638 3594 oris.
1673 3566 1820 3593 Ram-fidula
1832 3569 1922 3591 acrore
1934 3559 2076 3596 postposito
2094 3559 2222 3586 Laudatur
2237 3559 2355 3594 Fulgent.
2424 3586 2426 3591 ‚

1410 3608 1597 3637 timesco,
1616 3605 1669 3630 cre.
1707 3601 1834 3629 Laudatur
1850 3599 1940 3632 veget.
1958 3595 1990 3622 de
2009 3603 2037 3621 re
2056 3595 2178 3635 veterin..
2189 3604 2224 3628 4,
2243 3600 2256 3625 8
2289 3595 2320 3622 de
2332 3594 2406 3622 vino.
2424 3611 2425 3621 1

1372 3636 1420 3665 Sed
1439 3637 1518 3664 adhuc
1539 3639 1629 3666 editum
1644 3637 1700 3673 fine
1719 3639 1854 3666 varietate,
1878 3639 1908 3659 vt
1924 3640 1971 3667 per
1988 3631 2036 3657 oui
2054 3630 2228 3666 refrigerium
2247 3630 2305 3657 vini
2323 3630 2406 3657 virtu:
2423 3630 2426 3664 ᾗ

1370 3674 1504 3700 accrescat.

839 3713 914 3738 Alias
933 3710 1089 3744 construendi·
1104 3712 1213 3736 rationes
1227 3719 1394 3772 quoque100G
1406 3715 1453 3771 Alci
1461 3715 1479 3735 R
1488 3717 1496 3736 1
1506 3715 1530 3736 M
1539 3717 1558 3737 o
1568 3717 1589 3737 N
1597 3717 1608 3737 1
1617 3716 1638 3737 V
1646 3717 1688 3742 M,

1395 3753 1417 3772 Γ.
1454 3751 1488 3771 at.

2363 3666 2381 3686 ,1

1711 3707 1730 3735 i.
1749 3702 1922 3741 [Ἂποτ-ομιά]
1942 3701 2079 3728 Aceruitas
2093 3720 2102 3734 ‚
2122 3700 2306 3728 Acrimonium
2327 3698 2403 3727 Gloffi
2422 3694 2423 3698 ¹

1406 3787 1430 3808 Α
1437 3787 1454 3807 C
1463 3787 1480 3807 R
1492 3788 1500 3807 1
1510 3787 1533 3807 M
1541 3786 1561 3808 0
1570 3787 1592 3808 N
1599 3787 1610 3808 1
1618 3787 1638 3809 0
1645 3786 1659 3807 s
1667 3785 1688 3806 v
1695 3784 1725 3810 s,
1741 3783 1756 3802 a
1763 3795 1772 3808 ,
1792 3783 1846 3802 um.
1883 3773 1970 3800 Fortis
1978 3792 1986 3805 ,
2005 3771 2122 3799 constans
2130 3791 2139 3804 ,
2158 3771 2239 3807 asper.
2267 3769 2384 3812 Cadmi.-¹

1405 3821 1686 3844 ACREMENTVM
1704 3810 1758 3838 vid.
1777 3809 1827 3836 s.l.
2422 3844 2424 3846 v

1405 3855 1674 3882 nerana-vs,
1691 3850 1955 3882 Acrnossvs,
1975 3848 2184 3871 AGERARE.
2225 3841 2404 3873 Vid.Acvs‚

2296 3900 2302 3905 ¹
2311 3914 2406 3942 Δ110311·

2028 814 2173 851 [σφοδρᾶς,
2194 814 2281 846 δεινῶς,
2299 816 2418 852 ἐντόνως]
2435 837 2439 850 x
2459 821 2464 843 l
