<?xml version="1.0" encoding="UTF-8"?>
<!DOCTYPE html PUBLIC "-//W3C//DTD XHTML 1.0 Transitional//EN"
    "http://www.w3.org/TR/xhtml1/DTD/xhtml1-transitional.dtd">
<html xmlns="http://www.w3.org/1999/xhtml" xml:lang="en" lang="en">
 <head>
  <title>
</title>
<meta http-equiv="Content-Type" content="text/html;charset=utf-8" />
  <meta name='ocr-system' content='tesseract 3.04.00' />
  <meta name='ocr-capabilities' content='ocr_page ocr_carea ocr_par ocr_line ocrx_word'/>
</head>
<body>
  <div class='ocr_page' id='page_1' title='image "./lta-11000/novuslinguaeeter01gesn/novuslinguaeeter01gesn_0655.png"; bbox 0 0 2474 4182; ppageno 0'>
   <div class='ocr_carea' id='block_1_1' title="bbox 22 317 629 386">
    <p class='ocr_par' dir='ltr' id='par_1_1' title="bbox 22 317 629 386">
     <span class='ocr_line' id='line_1_1' title="bbox 23 317 629 352; baseline -0.013 -5"><span class='ocrx_word' id='word_1_1' title='bbox 23 324 24 327; x_wconf 78' lang='grc'>’</span> <span class='ocrx_word' id='word_1_2' title='bbox 68 320 184 351; x_wconf 84' lang='lat' dir='ltr'>animus,</span> <span class='ocrx_word' id='word_1_3' title='bbox 203 321 221 344; x_wconf 85' lang='lat' dir='ltr'>i.</span> <span class='ocrx_word' id='word_1_4' title='bbox 247 320 319 344; x_wconf 72' lang='lat' dir='ltr'>Vitae</span> <span class='ocrx_word' id='word_1_5' title='bbox 345 319 419 352; x_wconf 81' lang='lat' dir='ltr'>Virg.</span> <span class='ocrx_word' id='word_1_6' title='bbox 441 317 504 343; x_wconf 83' lang='lat' dir='ltr'>Aen.</span> <span class='ocrx_word' id='word_1_7' title='bbox 523 325 553 349; x_wconf 87' lang='lat'>9,</span> <span class='ocrx_word' id='word_1_8' title='bbox 574 321 629 347; x_wconf 78' lang='lat'>205.</span> 
     </span>
     <span class='ocr_line' id='line_1_2' title="bbox 22 355 270 386; baseline -0.016 -2"><span class='ocrx_word' id='word_1_9' title='bbox 22 365 24 373; x_wconf 57' lang='lat'>.</span> <span class='ocrx_word' id='word_1_10' title='bbox 67 358 134 383; x_wconf 78' lang='lat' dir='ltr'>Suet.</span> <span class='ocrx_word' id='word_1_11' title='bbox 150 355 214 380; x_wconf 87' lang='lat' dir='ltr'>Ner.</span> <span class='ocrx_word' id='word_1_12' title='bbox 232 355 270 386; x_wconf 79' lang='lat'>56.</span> 
     </span>
    </p>
   </div>
   <div class='ocr_carea' id='block_1_2' title="bbox 11 1545 23 2702">
    <p class='ocr_par' dir='ltr' id='par_1_2' title="bbox 11 1545 23 2702">
     <span class='ocr_line' id='line_1_3' title="bbox 11 1545 23 2702; baseline 0 0"><span class='ocrx_word' id='word_1_13' title='bbox 11 1545 23 2702; x_wconf 95' lang='lat' dir='ltr'> </span> 
     </span>
    </p>
   </div>
   <div class='ocr_carea' id='block_1_3' title="bbox 0 3413 845 3453">
    <p class='ocr_par' dir='ltr' id='par_1_3' title="bbox 0 3413 845 3453">
     <span class='ocr_line' id='line_1_4' title="bbox 0 3413 845 3453; baseline 0.002 -11"><span class='ocrx_word' id='word_1_14' title='bbox 0 3423 5 3433; x_wconf 68' lang='lat'>*</span> <span class='ocrx_word' id='word_1_15' title='bbox 44 3415 97 3443; x_wconf 76' lang='lat' dir='ltr'>Pro</span> <span class='ocrx_word' id='word_1_16' title='bbox 111 3414 290 3449; x_wconf 81' lang='lat' dir='ltr'>contemplatu</span> <span class='ocrx_word' id='word_1_17' title='bbox 304 3413 384 3449; x_wconf 87' lang='lat' dir='ltr'>probi</span> <span class='ocrx_word' id='word_1_18' title='bbox 396 3414 548 3450; x_wconf 79' lang='lat' dir='ltr'>improbiue</span> <span class='ocrx_word' id='word_1_19' title='bbox 559 3415 667 3451; x_wconf 84' lang='lat' dir='ltr'>meriti,</span> <span class='ocrx_word' id='word_1_20' title='bbox 687 3419 706 3444; x_wconf 78' lang='lat' dir='ltr'>i.</span> <span class='ocrx_word' id='word_1_21' title='bbox 725 3416 845 3453; x_wconf 66' lang='lat' dir='ltr'>respefl’u.</span> 
     </span>
    </p>
   </div>
   <div class='ocr_carea' id='block_1_4' title="bbox 44 3769 580 3806">
    <p class='ocr_par' dir='ltr' id='par_1_4' title="bbox 44 3769 580 3806">
     <span class='ocr_line' id='line_1_5' title="bbox 44 3769 580 3806; baseline 0.004 -8"><span class='ocrx_word' id='word_1_22' title='bbox 44 3771 116 3798; x_wconf 82' lang='lat' dir='ltr'>Inter</span> <span class='ocrx_word' id='word_1_23' title='bbox 135 3769 342 3806; x_wconf 70' lang='lat' dir='ltr'>contemporales</span> <span class='ocrx_word' id='word_1_24' title='bbox 358 3771 427 3800; x_wconf 87' lang='lat' dir='ltr'>ordo</span> <span class='ocrx_word' id='word_1_25' title='bbox 440 3781 495 3800; x_wconf 81' lang='lat' dir='ltr'>nou</span> <span class='ocrx_word' id='word_1_26' title='bbox 508 3772 552 3799; x_wconf 76' lang='lat' dir='ltr'>est.</span> <span class='ocrx_word' id='word_1_27' title='bbox 573 3772 580 3781; x_wconf 89' lang='lat'>&#39;</span> 
     </span>
    </p>
   </div>
   <div class='ocr_carea' id='block_1_5' title="bbox 572 155 740 196">
    <p class='ocr_par' dir='ltr' id='par_1_5' title="bbox 572 155 740 196">
     <span class='ocr_line' id='line_1_6' title="bbox 572 155 740 196; baseline -0.006 0"><span class='ocrx_word' id='word_1_28' title='bbox 572 155 608 196; x_wconf 91' lang='lat' dir='ltr'>O</span> <span class='ocrx_word' id='word_1_29' title='bbox 696 155 740 195; x_wconf 90' lang='lat' dir='ltr'>N</span> 
     </span>
    </p>
   </div>
   <div class='ocr_carea' id='block_1_6' title="bbox 479 239 1104 281">
    <p class='ocr_par' dir='ltr' id='par_1_6' title="bbox 479 239 1104 281">
     <span class='ocr_line' id='line_1_7' title="bbox 479 239 1104 281; baseline -0.006 -9"><span class='ocrx_word' id='word_1_30' title='bbox 479 245 566 281; x_wconf 82' lang='lat' dir='ltr'>Aequi</span> <span class='ocrx_word' id='word_1_31' title='bbox 580 243 661 271; x_wconf 81' lang='lat' dir='ltr'>Ouid.</span> <span class='ocrx_word' id='word_1_32' title='bbox 675 241 739 269; x_wconf 74' lang='lat' dir='ltr'>Fan.</span> <span class='ocrx_word' id='word_1_33' title='bbox 755 250 776 272; x_wconf 78' lang='grc'>3,</span> <span class='ocrx_word' id='word_1_34' title='bbox 793 249 837 275; x_wconf 67' lang='lat'>41).</span> <span class='ocrx_word' id='word_1_35' title='bbox 897 239 984 268; x_wconf 71' lang='lat' dir='ltr'>Deum</span> <span class='ocrx_word' id='word_1_36' title='bbox 998 242 1104 268; x_wconf 87' lang='lat' dir='ltr'>Mezen-</span> 
     </span>
    </p>
   </div>
   <div class='ocr_carea' id='block_1_7' title="bbox 469 276 1102 347">
    <p class='ocr_par' dir='ltr' id='par_1_7' title="bbox 469 276 1102 347">
     <span class='ocr_line' id='line_1_8' title="bbox 469 276 1102 311; baseline -0.008 -3"><span class='ocrx_word' id='word_1_37' title='bbox 469 282 564 308; x_wconf 81' lang='lat' dir='ltr'>Famae</span> <span class='ocrx_word' id='word_1_38' title='bbox 585 278 676 306; x_wconf 83' lang='lat' dir='ltr'>Claud.</span> <span class='ocrx_word' id='word_1_39' title='bbox 692 277 720 303; x_wconf 84' lang='lat' dir='ltr'>in</span> <span class='ocrx_word' id='word_1_40' title='bbox 734 276 840 311; x_wconf 71' lang='lat' dir='ltr'>Eutrop.</span> <span class='ocrx_word' id='word_1_41' title='bbox 858 285 876 309; x_wconf 89' lang='lat'>1,</span> <span class='ocrx_word' id='word_1_42' title='bbox 890 287 949 310; x_wconf 68' lang='lat'>434.</span> <span class='ocrx_word' id='word_1_43' title='bbox 1024 278 1102 304; x_wconf 88' lang='lat' dir='ltr'>Lucis</span> 
     </span>
     <span class='ocr_line' id='line_1_9' title="bbox 701 313 1102 347; baseline 0 -9"><span class='ocrx_word' id='word_1_44' title='bbox 701 313 870 347; x_wconf 76' lang='lat' dir='ltr'>Religionum</span> <span class='ocrx_word' id='word_1_45' title='bbox 894 314 974 347; x_wconf 85' lang='lat' dir='ltr'>Vsque</span> <span class='ocrx_word' id='word_1_46' title='bbox 999 322 1102 347; x_wconf 84' lang='lat' dir='ltr'>quaque</span> 
     </span>
    </p>
   </div>
   <div class='ocr_carea' id='block_1_8' title="bbox 68 158 477 212">
    <p class='ocr_par' dir='ltr' id='par_1_8' title="bbox 68 158 477 212">
     <span class='ocr_line' id='line_1_10' title="bbox 68 158 477 212; baseline -0.007 -11"><span class='ocrx_word' id='word_1_47' title='bbox 68 174 155 212; x_wconf 86' lang='lat'>1205</span> <span class='ocrx_word' id='word_1_48' title='bbox 442 158 477 198; x_wconf 92' lang='lat' dir='ltr'>C</span> 
     </span>
    </p>
   </div>
   <div class='ocr_carea' id='block_1_9' title="bbox 68 247 408 318">
    <p class='ocr_par' dir='ltr' id='par_1_9' title="bbox 68 247 408 318">
     <span class='ocr_line' id='line_1_11' title="bbox 68 247 408 281; baseline -0.015 -4"><span class='ocrx_word' id='word_1_49' title='bbox 68 250 221 277; x_wconf 83' lang='lat' dir='ltr'>diuitiarum</span> <span class='ocrx_word' id='word_1_50' title='bbox 234 247 294 274; x_wconf 82' lang='lat' dir='ltr'>Liu.</span> <span class='ocrx_word' id='word_1_51' title='bbox 309 253 349 279; x_wconf 76' lang='lat'>39,</span> <span class='ocrx_word' id='word_1_52' title='bbox 364 256 408 281; x_wconf 88' lang='lat'>40.</span> 
     </span>
     <span class='ocr_line' id='line_1_12' title="bbox 68 285 400 318; baseline -0.012 -6"><span class='ocrx_word' id='word_1_53' title='bbox 68 287 122 312; x_wconf 90' lang='lat' dir='ltr'>tius</span> <span class='ocrx_word' id='word_1_54' title='bbox 137 285 208 318; x_wconf 82' lang='lat' dir='ltr'>Virg.</span> <span class='ocrx_word' id='word_1_55' title='bbox 222 286 287 309; x_wconf 85' lang='lat' dir='ltr'>Aen.</span> <span class='ocrx_word' id='word_1_56' title='bbox 299 290 327 317; x_wconf 92' lang='lat'>7,</span> <span class='ocrx_word' id='word_1_57' title='bbox 340 285 400 316; x_wconf 81' lang='lat'>648.</span> 
     </span>
    </p>
   </div>
   <div class='ocr_carea' id='block_1_10' title="bbox 323 349 1104 388">
    <p class='ocr_par' dir='ltr' id='par_1_10' title="bbox 323 349 1104 388">
     <span class='ocr_line' id='line_1_13' title="bbox 323 349 1104 388; baseline -0.006 -8"><span class='ocrx_word' id='word_1_58' title='bbox 323 352 450 388; x_wconf 70' lang='lat' dir='ltr'>Supersxm</span> <span class='ocrx_word' id='word_1_59' title='bbox 464 352 542 379; x_wconf 89' lang='lat' dir='ltr'>Ouid.</span> <span class='ocrx_word' id='word_1_60' title='bbox 557 350 619 376; x_wconf 84' lang='lat' dir='ltr'>Met.</span> <span class='ocrx_word' id='word_1_61' title='bbox 633 356 656 379; x_wconf 78' lang='lat'>3,</span> <span class='ocrx_word' id='word_1_62' title='bbox 671 356 722 381; x_wconf 67' lang='lat'>3¹4·</span> <span class='ocrx_word' id='word_1_63' title='bbox 794 350 950 375; x_wconf 80' lang='lat' dir='ltr'>Contcxntor</span> <span class='ocrx_word' id='word_1_64' title='bbox 962 349 1065 375; x_wconf 86' lang='lat' dir='ltr'>animus</span> <span class='ocrx_word' id='word_1_65' title='bbox 1078 354 1104 375; x_wconf 86' lang='lat' dir='ltr'>et</span> 
     </span>
    </p>
   </div>
   <div class='ocr_carea' id='block_1_11' title="bbox 56 384 1103 1276">
    <p class='ocr_par' dir='ltr' id='par_1_11' title="bbox 67 384 866 425">
     <span class='ocr_line' id='line_1_14' title="bbox 67 384 866 425; baseline -0.011 -8"><span class='ocrx_word' id='word_1_66' title='bbox 67 389 205 425; x_wconf 86' lang='lat' dir='ltr'>superbia,</span> <span class='ocrx_word' id='word_1_67' title='bbox 220 397 361 416; x_wconf 86' lang='lat' dir='ltr'>commune</span> <span class='ocrx_word' id='word_1_68' title='bbox 374 388 518 415; x_wconf 72' lang='lat' dir='ltr'>nobilitatis</span> <span class='ocrx_word' id='word_1_69' title='bbox 530 385 626 411; x_wconf 85' lang='lat' dir='ltr'>malum</span> <span class='ocrx_word' id='word_1_70' title='bbox 641 384 700 410; x_wconf 84' lang='lat' dir='ltr'>Sall.</span> <span class='ocrx_word' id='word_1_71' title='bbox 715 385 769 418; x_wconf 77' lang='lat' dir='ltr'>lug.</span> <span class='ocrx_word' id='word_1_72' title='bbox 785 393 805 410; x_wconf 88' lang='lat' dir='ltr'>c.</span> <span class='ocrx_word' id='word_1_73' title='bbox 822 388 866 417; x_wconf 81' lang='lat'>64.</span> 
     </span>
    </p>

    <p class='ocr_par' dir='ltr' id='par_1_12' title="bbox 63 418 1102 601">
     <span class='ocr_line' id='line_1_15' title="bbox 103 418 1101 454; baseline -0.008 -1"><span class='ocrx_word' id='word_1_74' title='bbox 103 431 120 452; x_wconf 89' lang='lat' dir='ltr'>C</span> <span class='ocrx_word' id='word_1_75' title='bbox 133 431 152 452; x_wconf 92' lang='lat'><em>0</em></span> <span class='ocrx_word' id='word_1_76' title='bbox 164 431 184 450; x_wconf 85' lang='lat' dir='ltr'>N</span> <span class='ocrx_word' id='word_1_77' title='bbox 194 431 240 452; x_wconf 83' lang='lat' dir='ltr'>TE</span> <span class='ocrx_word' id='word_1_78' title='bbox 250 431 310 452; x_wconf 85' lang='lat' dir='ltr'>MT</span> <span class='ocrx_word' id='word_1_79' title='bbox 322 431 356 451; x_wconf 82' lang='lat' dir='ltr'>R1</span> <span class='ocrx_word' id='word_1_80' title='bbox 368 433 384 451; x_wconf 77' lang='lat' dir='ltr'>x</span> <span class='ocrx_word' id='word_1_81' title='bbox 394 443 400 454; x_wconf 90' lang='lat'>,</span> <span class='ocrx_word' id='word_1_82' title='bbox 414 423 470 449; x_wconf 73' lang='lat' dir='ltr'>Icis.</span> <span class='ocrx_word' id='word_1_83' title='bbox 489 423 508 448; x_wconf 87' lang='lat' dir='ltr'>f.</span> <span class='ocrx_word' id='word_1_84' title='bbox 544 418 709 454; x_wconf 70' lang='grc' dir='ltr'>[ὁπερόπτις]</span> <span class='ocrx_word' id='word_1_85' title='bbox 745 420 811 446; x_wconf 87' lang='lat' dir='ltr'>Plin.</span> <span class='ocrx_word' id='word_1_86' title='bbox 832 428 869 452; x_wconf 87' lang='lat'>19,</span> <span class='ocrx_word' id='word_1_87' title='bbox 889 424 902 449; x_wconf 80' lang='lat'>8</span> <span class='ocrx_word' id='word_1_88' title='bbox 932 419 1012 445; x_wconf 83' lang='lat' dir='ltr'>Eruca</span> <span class='ocrx_word' id='word_1_89' title='bbox 1028 427 1101 453; x_wconf 87' lang='lat' dir='ltr'>prae-</span> 
     </span>
     <span class='ocr_line' id='line_1_16' title="bbox 65 454 1101 495; baseline -0.006 -8"><span class='ocrx_word' id='word_1_90' title='bbox 65 460 142 495; x_wconf 80' lang='lat' dir='ltr'>cipue</span> <span class='ocrx_word' id='word_1_91' title='bbox 161 460 293 495; x_wconf 82' lang='lat' dir='ltr'>frigorum</span> <span class='ocrx_word' id='word_1_92' title='bbox 311 459 476 486; x_wconf 84' lang='lat' dir='ltr'>contcmtrix.</span> <span class='ocrx_word' id='word_1_93' title='bbox 547 456 662 481; x_wconf 80' lang='lat' dir='ltr'>Fortuna</span> <span class='ocrx_word' id='word_1_94' title='bbox 688 455 846 481; x_wconf 78' lang='lat' dir='ltr'>contemti-ix</span> <span class='ocrx_word' id='word_1_95' title='bbox 865 454 1046 480; x_wconf 75' lang='lat' dir='ltr'>timendorum</span> <span class='ocrx_word' id='word_1_96' title='bbox 1065 454 1101 481; x_wconf 90' lang='lat' dir='ltr'>est</span> 
     </span>
     <span class='ocr_line' id='line_1_17' title="bbox 65 490 1101 531; baseline -0.008 -8"><span class='ocrx_word' id='word_1_97' title='bbox 65 497 123 523; x_wconf 86' lang='lat' dir='ltr'>Sen.</span> <span class='ocrx_word' id='word_1_98' title='bbox 140 497 184 531; x_wconf 85' lang='lat' dir='ltr'>Ep.</span> <span class='ocrx_word' id='word_1_99' title='bbox 198 501 234 526; x_wconf 89' lang='lat'>88.</span> <span class='ocrx_word' id='word_1_100' title='bbox 306 496 379 522; x_wconf 82' lang='lat' dir='ltr'>Ferri</span> <span class='ocrx_word' id='word_1_101' title='bbox 394 493 512 528; x_wconf 81' lang='lat' dir='ltr'>ignisque</span> <span class='ocrx_word' id='word_1_102' title='bbox 527 491 685 517; x_wconf 77' lang='lat' dir='ltr'>contemti-ix</span> <span class='ocrx_word' id='word_1_103' title='bbox 703 491 770 517; x_wconf 80' lang='lat' dir='ltr'>Plin.</span> <span class='ocrx_word' id='word_1_104' title='bbox 783 498 824 525; x_wconf 82' lang='lat'>37,</span> <span class='ocrx_word' id='word_1_105' title='bbox 838 498 865 523; x_wconf 81' lang='lat'>4.</span> <span class='ocrx_word' id='word_1_106' title='bbox 935 490 1028 516; x_wconf 82' lang='lat' dir='ltr'>Pericli</span> <span class='ocrx_word' id='word_1_107' title='bbox 1041 499 1101 515; x_wconf 88' lang='lat' dir='ltr'>con-</span> 
     </span>
     <span class='ocr_line' id='line_1_18' title="bbox 63 524 1102 564; baseline -0.008 -5"><span class='ocrx_word' id='word_1_108' title='bbox 63 533 171 559; x_wconf 85' lang='lat' dir='ltr'>temtrix</span> <span class='ocrx_word' id='word_1_109' title='bbox 185 531 262 558; x_wconf 87' lang='lat' dir='ltr'>turba</span> <span class='ocrx_word' id='word_1_110' title='bbox 276 530 321 557; x_wconf 83' lang='lat' dir='ltr'>Sil.</span> <span class='ocrx_word' id='word_1_111' title='bbox 339 538 376 564; x_wconf 85' lang='grc'>17,</span> <span class='ocrx_word' id='word_1_112' title='bbox 390 537 440 563; x_wconf 75' lang='lat'>411.</span> <span class='ocrx_word' id='word_1_113' title='bbox 475 525 542 554; x_wconf 74' lang='lat' dir='ltr'>Add.</span> <span class='ocrx_word' id='word_1_114' title='bbox 565 527 646 553; x_wconf 82' lang='lat' dir='ltr'>Plaut.</span> <span class='ocrx_word' id='word_1_115' title='bbox 661 526 752 553; x_wconf 85' lang='lat' dir='ltr'>Bacch.</span> <span class='ocrx_word' id='word_1_116' title='bbox 766 535 788 562; x_wconf 82' lang='lat'>3,</span> <span class='ocrx_word' id='word_1_117' title='bbox 803 529 830 559; x_wconf 79' lang='lat'>6,</span> <span class='ocrx_word' id='word_1_118' title='bbox 842 535 863 552; x_wconf 87' lang='lat'>2.</span> <span class='ocrx_word' id='word_1_119' title='bbox 899 524 980 552; x_wconf 88' lang='lat' dir='ltr'>Ouid.</span> <span class='ocrx_word' id='word_1_120' title='bbox 1000 526 1064 551; x_wconf 90' lang='lat' dir='ltr'>Met.</span> <span class='ocrx_word' id='word_1_121' title='bbox 1080 533 1102 557; x_wconf 89' lang='lat'>1,</span> 
     </span>
     <span class='ocr_line' id='line_1_19' title="bbox 67 567 827 601; baseline -0.011 -6"><span class='ocrx_word' id='word_1_122' title='bbox 67 573 116 595; x_wconf 85' lang='lat'>161.</span> <span class='ocrx_word' id='word_1_123' title='bbox 153 567 219 594; x_wconf 88' lang='lat' dir='ltr'>Plin.</span> <span class='ocrx_word' id='word_1_124' title='bbox 235 573 275 600; x_wconf 80' lang='lat'>37,</span> <span class='ocrx_word' id='word_1_125' title='bbox 289 575 315 599; x_wconf 88' lang='lat'>4.</span> <span class='ocrx_word' id='word_1_126' title='bbox 823 596 827 601; x_wconf 41' lang='lat'><strong>¹</strong></span> 
     </span>
    </p>

    <p class='ocr_par' dir='ltr' id='par_1_13' title="bbox 60 592 1103 949">
     <span class='ocr_line' id='line_1_20' title="bbox 99 592 1100 631; baseline -0.01 -1"><span class='ocrx_word' id='word_1_127' title='bbox 99 606 349 630; x_wconf 73' lang='grc' dir='ltr'>εοΝΤΕΜΤιο</span> <span class='ocrx_word' id='word_1_128' title='bbox 366 618 374 631; x_wconf 86' lang='grc'>,</span> <span class='ocrx_word' id='word_1_129' title='bbox 399 597 441 624; x_wconf 80' lang='lat' dir='ltr'>ve!</span> <span class='ocrx_word' id='word_1_130' title='bbox 469 602 757 629; x_wconf 68' lang='lat' dir='ltr'>CONTEMPTM),</span> <span class='ocrx_word' id='word_1_131' title='bbox 784 600 851 623; x_wconf 73' lang='lat' dir='ltr'>oms.</span> <span class='ocrx_word' id='word_1_132' title='bbox 877 596 897 622; x_wconf 89' lang='lat' dir='ltr'>f.</span> <span class='ocrx_word' id='word_1_133' title='bbox 933 592 1100 630; x_wconf 72' lang='grc' dir='ltr'>[ἒξκδένησις,</span> 
     </span>
     <span class='ocr_line' id='line_1_21' title="bbox 63 633 1101 672; baseline -0.007 -8"><span class='ocrx_word' id='word_1_134' title='bbox 63 634 237 672; x_wconf 55' lang='grc' dir='ltr'>καέαφρόνησις</span> <span class='ocrx_word' id='word_1_135' title='bbox 249 637 261 670; x_wconf 86' lang='grc'>]</span> <span class='ocrx_word' id='word_1_136' title='bbox 303 637 350 666; x_wconf 85' lang='lat' dir='ltr'>Vt,</span> <span class='ocrx_word' id='word_1_137' title='bbox 373 633 527 660; x_wconf 86' lang='lat' dir='ltr'>Contemtio</span> <span class='ocrx_word' id='word_1_138' title='bbox 549 633 642 659; x_wconf 83' lang='lat' dir='ltr'>mortis</span> <span class='ocrx_word' id='word_1_139' title='bbox 661 633 717 658; x_wconf 84' lang='lat' dir='ltr'>Cic.</span> <span class='ocrx_word' id='word_1_140' title='bbox 738 633 769 658; x_wconf 89' lang='lat' dir='ltr'>de</span> <span class='ocrx_word' id='word_1_141' title='bbox 792 633 849 659; x_wconf 67' lang='lat' dir='ltr'>fin.</span> <span class='ocrx_word' id='word_1_142' title='bbox 869 641 900 664; x_wconf 88' lang='lat'>2,</span> <span class='ocrx_word' id='word_1_143' title='bbox 938 651 944 658; x_wconf 96' lang='lat'>.</span> <span class='ocrx_word' id='word_1_144' title='bbox 988 651 994 657; x_wconf 96' lang='lat'>.</span> <span class='ocrx_word' id='word_1_145' title='bbox 1030 635 1054 657; x_wconf 78' lang='lat' dir='ltr'>et</span> <span class='ocrx_word' id='word_1_146' title='bbox 1072 640 1101 657; x_wconf 80' lang='lat' dir='ltr'>ex</span> 
     </span>
     <span class='ocr_line' id='line_1_22' title="bbox 64 665 1101 705; baseline -0.008 -5"><span class='ocrx_word' id='word_1_147' title='bbox 64 673 141 699; x_wconf 70' lang='lat' dir='ltr'>eiusd.</span> <span class='ocrx_word' id='word_1_148' title='bbox 163 671 303 699; x_wconf 74' lang='lat' dir='ltr'>Hortensio</span> <span class='ocrx_word' id='word_1_149' title='bbox 322 668 388 705; x_wconf 82' lang='lat' dir='ltr'>apud</span> <span class='ocrx_word' id='word_1_150' title='bbox 414 669 486 695; x_wconf 79' lang='lat' dir='ltr'>Non.</span> <span class='ocrx_word' id='word_1_151' title='bbox 505 678 517 702; x_wconf 85' lang='lat'>3</span> <span class='ocrx_word' id='word_1_152' title='bbox 527 690 535 702; x_wconf 90' lang='lat'>,</span> <span class='ocrx_word' id='word_1_153' title='bbox 552 676 594 703; x_wconf 89' lang='lat'>70.</span> <span class='ocrx_word' id='word_1_154' title='bbox 667 669 797 695; x_wconf 75' lang='lat' dir='ltr'>Fortunae</span> <span class='ocrx_word' id='word_1_155' title='bbox 827 668 882 694; x_wconf 82' lang='lat' dir='ltr'>Cic.</span> <span class='ocrx_word' id='word_1_156' title='bbox 912 667 939 694; x_wconf 87' lang='lat' dir='ltr'>in</span> <span class='ocrx_word' id='word_1_157' title='bbox 962 665 1050 692; x_wconf 83' lang='lat' dir='ltr'>Parad.</span> <span class='ocrx_word' id='word_1_158' title='bbox 1073 674 1101 699; x_wconf 83' lang='lat'>4.</span> 
     </span>
     <span class='ocr_line' id='line_1_23' title="bbox 63 701 1103 743; baseline -0.009 -7"><span class='ocrx_word' id='word_1_159' title='bbox 63 709 235 743; x_wconf 84' lang='lat' dir='ltr'>voluptatum</span> <span class='ocrx_word' id='word_1_160' title='bbox 255 707 324 733; x_wconf 84' lang='lat' dir='ltr'>Idem</span> <span class='ocrx_word' id='word_1_161' title='bbox 337 703 416 730; x_wconf 81' lang='lat' dir='ltr'>Acad.</span> <span class='ocrx_word' id='word_1_162' title='bbox 432 713 451 736; x_wconf 83' lang='lat'>1,</span> <span class='ocrx_word' id='word_1_163' title='bbox 464 713 489 739; x_wconf 93' lang='lat'>7.</span> <span class='ocrx_word' id='word_1_164' title='bbox 560 704 697 731; x_wconf 74' lang='lat' dir='ltr'>Adduccre</span> <span class='ocrx_word' id='word_1_165' title='bbox 715 703 878 730; x_wconf 85' lang='lat' dir='ltr'>aduersarios</span> <span class='ocrx_word' id='word_1_166' title='bbox 899 703 926 728; x_wconf 90' lang='lat' dir='ltr'>in</span> <span class='ocrx_word' id='word_1_167' title='bbox 947 701 1103 728; x_wconf 84' lang='lat' dir='ltr'>contemtio-</span> 
     </span>
     <span class='ocr_line' id='line_1_24' title="bbox 63 738 1102 773; baseline -0.006 -3"><span class='ocrx_word' id='word_1_168' title='bbox 63 752 122 771; x_wconf 96' lang='lat' dir='ltr'>nem</span> <span class='ocrx_word' id='word_1_169' title='bbox 138 744 175 770; x_wconf 91' lang='lat' dir='ltr'>Id.</span> <span class='ocrx_word' id='word_1_170' title='bbox 190 744 222 770; x_wconf 88' lang='lat' dir='ltr'>de</span> <span class='ocrx_word' id='word_1_171' title='bbox 235 744 334 769; x_wconf 76' lang='lat' dir='ltr'>quent-</span> <span class='ocrx_word' id='word_1_172' title='bbox 351 748 370 771; x_wconf 84' lang='lat'>1,</span> <span class='ocrx_word' id='word_1_173' title='bbox 384 749 416 766; x_wconf 81' lang='lat'>22</span> <span class='ocrx_word' id='word_1_174' title='bbox 437 750 458 766; x_wconf 83' lang='lat' dir='ltr'>c.</span> <span class='ocrx_word' id='word_1_175' title='bbox 480 742 517 766; x_wconf 84' lang='lat'>16.</span> <span class='ocrx_word' id='word_1_176' title='bbox 588 739 679 766; x_wconf 85' lang='lat' dir='ltr'>Animi</span> <span class='ocrx_word' id='word_1_177' title='bbox 698 739 852 773; x_wconf 77' lang='lat' dir='ltr'>magnitudo</span> <span class='ocrx_word' id='word_1_178' title='bbox 873 738 1102 771; x_wconf 78' lang='lat' dir='ltr'>humanarumque</span> 
     </span>
     <span class='ocr_line' id='line_1_25' title="bbox 62 773 1101 808; baseline -0.008 -1"><span class='ocrx_word' id='word_1_179' title='bbox 62 789 152 807; x_wconf 82' lang='lat' dir='ltr'>rerum</span> <span class='ocrx_word' id='word_1_180' title='bbox 173 776 315 805; x_wconf 85' lang='lat' dir='ltr'>contemtio</span> <span class='ocrx_word' id='word_1_181' title='bbox 334 776 390 802; x_wconf 85' lang='lat' dir='ltr'>Cic.</span> <span class='ocrx_word' id='word_1_182' title='bbox 404 775 456 801; x_wconf 71' lang='lat' dir='ltr'>Ort:</span> <span class='ocrx_word' id='word_1_183' title='bbox 474 782 496 807; x_wconf 88' lang='grc'>1,</span> <span class='ocrx_word' id='word_1_184' title='bbox 512 784 536 807; x_wconf 82' lang='grc'>13</span> <span class='ocrx_word' id='word_1_185' title='bbox 556 784 577 801; x_wconf 91' lang='lat' dir='ltr'>c.</span> <span class='ocrx_word' id='word_1_186' title='bbox 592 784 618 808; x_wconf 79' lang='lat'>4.</span> <span class='ocrx_word' id='word_1_187' title='bbox 692 775 765 801; x_wconf 97' lang='lat' dir='ltr'>Idem</span> <span class='ocrx_word' id='word_1_188' title='bbox 785 775 866 801; x_wconf 60' lang='lat' dir='ltr'>&#39;suso</span> <span class='ocrx_word' id='word_1_189' title='bbox 887 783 905 803; x_wconf 85' lang='grc'>1,</span> <span class='ocrx_word' id='word_1_190' title='bbox 921 781 952 806; x_wconf 76' lang='grc'>9,·</span> <span class='ocrx_word' id='word_1_191' title='bbox 987 773 1101 800; x_wconf 79' lang='lat' dir='ltr'>Totam-</span> 
     </span>
     <span class='ocr_line' id='line_1_26' title="bbox 62 808 1101 850; baseline -0.008 -8"><span class='ocrx_word' id='word_1_192' title='bbox 62 824 113 850; x_wconf 89' lang='lat' dir='ltr'>que</span> <span class='ocrx_word' id='word_1_193' title='bbox 130 815 186 843; x_wconf 87' lang='lat' dir='ltr'>vim</span> <span class='ocrx_word' id='word_1_194' title='bbox 200 814 263 840; x_wconf 84' lang='lat' dir='ltr'>bene</span> <span class='ocrx_word' id='word_1_195' title='bbox 274 811 386 838; x_wconf 88' lang='lat' dir='ltr'>viucndi</span> <span class='ocrx_word' id='word_1_196' title='bbox 402 811 429 837; x_wconf 91' lang='lat' dir='ltr'>in</span> <span class='ocrx_word' id='word_1_197' title='bbox 442 811 525 837; x_wconf 82' lang='lat' dir='ltr'>animi</span> <span class='ocrx_word' id='word_1_198' title='bbox 538 811 637 837; x_wconf 82' lang='lat' dir='ltr'>robore</span> <span class='ocrx_word' id='word_1_199' title='bbox 649 819 677 836; x_wconf 84' lang='lat' dir='ltr'>ac</span> <span class='ocrx_word' id='word_1_200' title='bbox 691 810 883 843; x_wconf 75' lang='lat' dir='ltr'>magnitudine,</span> <span class='ocrx_word' id='word_1_201' title='bbox 895 816 923 835; x_wconf 86' lang='lat' dir='ltr'>vt</span> <span class='ocrx_word' id='word_1_202' title='bbox 932 810 965 835; x_wconf 63' lang='lat' dir='ltr'>dn</span> <span class='ocrx_word' id='word_1_203' title='bbox 977 808 1101 835; x_wconf 88' lang='lat' dir='ltr'>onmium</span> 
     </span>
     <span class='ocr_line' id='line_1_27' title="bbox 60 844 1102 880; baseline -0.008 -2"><span class='ocrx_word' id='word_1_204' title='bbox 60 860 150 878; x_wconf 85' lang='lat' dir='ltr'>rerum</span> <span class='ocrx_word' id='word_1_205' title='bbox 170 850 340 876; x_wconf 84' lang='lat' dir='ltr'>humanarum</span> <span class='ocrx_word' id='word_1_206' title='bbox 361 848 539 873; x_wconf 78' lang='lat' dir='ltr'>contemtione</span> <span class='ocrx_word' id='word_1_207' title='bbox 561 855 591 872; x_wconf 82' lang='lat' dir='ltr'>ac</span> <span class='ocrx_word' id='word_1_208' title='bbox 609 846 795 880; x_wconf 67' lang='lat' dir='ltr'>despicientia,</span> <span class='ocrx_word' id='word_1_209' title='bbox 814 851 840 872; x_wconf 85' lang='lat' dir='ltr'>ct</span> <span class='ocrx_word' id='word_1_210' title='bbox 860 846 887 871; x_wconf 90' lang='lat' dir='ltr'>in</span> <span class='ocrx_word' id='word_1_211' title='bbox 907 844 982 871; x_wconf 86' lang='lat' dir='ltr'>omni</span> <span class='ocrx_word' id='word_1_212' title='bbox 1001 845 1102 870; x_wconf 86' lang='lat' dir='ltr'>virtute</span> 
     </span>
     <span class='ocr_line' id='line_1_28' title="bbox 60 880 1102 921; baseline -0.009 -7"><span class='ocrx_word' id='word_1_213' title='bbox 60 893 195 921; x_wconf 87' lang='lat' dir='ltr'>ponamus.</span> <span class='ocrx_word' id='word_1_214' title='bbox 231 883 303 919; x_wconf 81' lang='lat' dir='ltr'>Conf.</span> <span class='ocrx_word' id='word_1_215' title='bbox 319 883 390 909; x_wconf 88' lang='lat' dir='ltr'>Non.</span> <span class='ocrx_word' id='word_1_216' title='bbox 404 891 427 915; x_wconf 88' lang='lat'>3,</span> <span class='ocrx_word' id='word_1_217' title='bbox 440 882 484 917; x_wconf 83' lang='lat' dir='ltr'>7o.</span> <span class='ocrx_word' id='word_1_218' title='bbox 541 882 613 908; x_wconf 84' lang='lat' dir='ltr'>Caes.</span> <span class='ocrx_word' id='word_1_219' title='bbox 627 882 689 908; x_wconf 84' lang='lat' dir='ltr'>Bell.</span> <span class='ocrx_word' id='word_1_220' title='bbox 705 881 771 907; x_wconf 86' lang='lat' dir='ltr'>Gall.</span> <span class='ocrx_word' id='word_1_221' title='bbox 786 890 808 913; x_wconf 76' lang='grc' dir='ltr'>ς,</span> <span class='ocrx_word' id='word_1_222' title='bbox 822 889 868 914; x_wconf 80' lang='lat'>49,</span> <span class='ocrx_word' id='word_1_223' title='bbox 883 888 899 916; x_wconf 88' lang='lat'>7</span> <span class='ocrx_word' id='word_1_224' title='bbox 940 881 974 906; x_wconf 92' lang='lat' dir='ltr'>Vt</span> <span class='ocrx_word' id='word_1_225' title='bbox 988 880 1017 906; x_wconf 89' lang='lat' dir='ltr'>in</span> <span class='ocrx_word' id='word_1_226' title='bbox 1034 880 1102 906; x_wconf 88' lang='lat' dir='ltr'>sum-</span> 
     </span>
     <span class='ocr_line' id='line_1_29' title="bbox 62 918 856 949; baseline -0.009 0"><span class='ocrx_word' id='word_1_227' title='bbox 62 931 131 949; x_wconf 86' lang='lat' dir='ltr'>mam</span> <span class='ocrx_word' id='word_1_228' title='bbox 146 919 351 947; x_wconf 79' lang='lat' dir='ltr'>contemtionem</span> <span class='ocrx_word' id='word_1_229' title='bbox 364 918 483 945; x_wconf 77' lang='lat' dir='ltr'>hostibus</span> <span class='ocrx_word' id='word_1_230' title='bbox 496 919 592 944; x_wconf 82' lang='lat' dir='ltr'>veniat.</span> <span class='ocrx_word' id='word_1_231' title='bbox 636 918 710 943; x_wconf 83' lang='lat' dir='ltr'>Curt.</span> <span class='ocrx_word' id='word_1_232' title='bbox 727 926 764 949; x_wconf 87' lang='grc' dir='ltr'>ιο,</span> <span class='ocrx_word' id='word_1_233' title='bbox 781 925 802 948; x_wconf 84' lang='lat'>5,</span> <span class='ocrx_word' id='word_1_234' title='bbox 818 925 856 948; x_wconf 85' lang='lat'>29.</span> 
     </span>
    </p>

    <p class='ocr_par' dir='ltr' id='par_1_14' title="bbox 56 951 1101 1205">
     <span class='ocr_line' id='line_1_30' title="bbox 95 951 1101 988; baseline -0.007 -5"><span class='ocrx_word' id='word_1_235' title='bbox 95 964 112 984; x_wconf 90' lang='lat' dir='ltr'>c</span> <span class='ocrx_word' id='word_1_236' title='bbox 123 962 173 983; x_wconf 80' lang='grc' dir='ltr'>ΟΝ</span> <span class='ocrx_word' id='word_1_237' title='bbox 185 961 207 982; x_wconf 85' lang='grc' dir='ltr'><strong>Τ</strong></span> <span class='ocrx_word' id='word_1_238' title='bbox 219 962 267 981; x_wconf 83' lang='grc' dir='ltr'>ΕΜ</span> <span class='ocrx_word' id='word_1_239' title='bbox 281 961 302 981; x_wconf 86' lang='grc' dir='ltr'>Τ</span> <span class='ocrx_word' id='word_1_240' title='bbox 314 962 365 981; x_wconf 87' lang='lat' dir='ltr'>IM.</span> <span class='ocrx_word' id='word_1_241' title='bbox 403 953 471 980; x_wconf 85' lang='lat' dir='ltr'>Adu.</span> <span class='ocrx_word' id='word_1_242' title='bbox 508 953 669 988; x_wconf 71' lang='grc' dir='ltr'>[ὗπὲροπτιι]</span> <span class='ocrx_word' id='word_1_243' title='bbox 704 953 786 978; x_wconf 84' lang='lat' dir='ltr'>Plaut.</span> <span class='ocrx_word' id='word_1_244' title='bbox 807 953 885 978; x_wconf 84' lang='lat' dir='ltr'>Poen.</span> <span class='ocrx_word' id='word_1_245' title='bbox 905 960 926 983; x_wconf 82' lang='lat'>3.</span> <span class='ocrx_word' id='word_1_246' title='bbox 949 959 969 983; x_wconf 89' lang='lat'>1,</span> <span class='ocrx_word' id='word_1_247' title='bbox 988 960 1020 985; x_wconf 75' lang='lat'>34</span> <span class='ocrx_word' id='word_1_248' title='bbox 1057 951 1101 977; x_wconf 86' lang='lat' dir='ltr'>Ne</span> 
     </span>
     <span class='ocr_line' id='line_1_31' title="bbox 58 987 1100 1022; baseline -0.007 -3"><span class='ocrx_word' id='word_1_249' title='bbox 58 1001 106 1020; x_wconf 81' lang='lat' dir='ltr'>nos</span> <span class='ocrx_word' id='word_1_250' title='bbox 118 997 171 1018; x_wconf 85' lang='lat' dir='ltr'>tam</span> <span class='ocrx_word' id='word_1_251' title='bbox 185 990 340 1018; x_wconf 87' lang='lat' dir='ltr'>contemtim</span> <span class='ocrx_word' id='word_1_252' title='bbox 353 995 480 1016; x_wconf 84' lang='lat' dir='ltr'>conteras.</span> <span class='ocrx_word' id='word_1_253' title='bbox 551 988 715 1015; x_wconf 87' lang='lat' dir='ltr'>Contcmtim</span> <span class='ocrx_word' id='word_1_254' title='bbox 730 988 845 1014; x_wconf 78' lang='lat' dir='ltr'>deiicere</span> <span class='ocrx_word' id='word_1_255' title='bbox 859 987 974 1022; x_wconf 76' lang='lat' dir='ltr'>aliquem</span> <span class='ocrx_word' id='word_1_256' title='bbox 996 988 1100 1013; x_wconf 89' lang='lat' dir='ltr'>Lucret.</span> 
     </span>
     <span class='ocr_line' id='line_1_32' title="bbox 58 1024 1101 1061; baseline -0.008 -6"><span class='ocrx_word' id='word_1_257' title='bbox 58 1035 82 1061; x_wconf 83' lang='grc' dir='ltr'>ς,</span> <span class='ocrx_word' id='word_1_258' title='bbox 96 1036 162 1061; x_wconf 80' lang='lat'>1124.</span> <span class='ocrx_word' id='word_1_259' title='bbox 232 1027 329 1061; x_wconf 81' lang='lat' dir='ltr'>Vagari</span> <span class='ocrx_word' id='word_1_260' title='bbox 342 1025 500 1052; x_wconf 60' lang='lat' dir='ltr'>conte-nitius</span> <span class='ocrx_word' id='word_1_261' title='bbox 513 1024 602 1051; x_wconf 83' lang='lat' dir='ltr'>Tacit.</span> <span class='ocrx_word' id='word_1_262' title='bbox 612 1024 677 1050; x_wconf 83' lang='lat' dir='ltr'>Hist.</span> <span class='ocrx_word' id='word_1_263' title='bbox 692 1033 713 1056; x_wconf 85' lang='grc'>3,</span> <span class='ocrx_word' id='word_1_264' title='bbox 726 1032 770 1058; x_wconf 78' lang='lat'>47,</span> <span class='ocrx_word' id='word_1_265' title='bbox 785 1031 806 1056; x_wconf 74' lang='grc' dir='ltr'>ς.</span> <span class='ocrx_word' id='word_1_266' title='bbox 878 1024 1041 1049; x_wconf 82' lang='lat' dir='ltr'>Contemtim</span> <span class='ocrx_word' id='word_1_267' title='bbox 1055 1031 1101 1048; x_wconf 89' lang='lat' dir='ltr'>au-</span> 
     </span>
     <span class='ocr_line' id='line_1_33' title="bbox 59 1057 1101 1094; baseline -0.008 -4"><span class='ocrx_word' id='word_1_268' title='bbox 59 1063 116 1090; x_wconf 86' lang='lat' dir='ltr'>dire</span> <span class='ocrx_word' id='word_1_269' title='bbox 131 1063 214 1089; x_wconf 84' lang='lat' dir='ltr'>minas</span> <span class='ocrx_word' id='word_1_270' title='bbox 227 1062 319 1094; x_wconf 85' lang='lat' dir='ltr'>Liu.2,</span> <span class='ocrx_word' id='word_1_271' title='bbox 333 1069 367 1094; x_wconf 76' lang='lat'>35.</span> <span class='ocrx_word' id='word_1_272' title='bbox 388 1061 427 1088; x_wconf 88' lang='lat' dir='ltr'>De</span> <span class='ocrx_word' id='word_1_273' title='bbox 439 1061 497 1087; x_wconf 89' lang='lat' dir='ltr'>iure</span> <span class='ocrx_word' id='word_1_274' title='bbox 506 1059 626 1086; x_wconf 65' lang='lat' dir='ltr'>disserere</span> <span class='ocrx_word' id='word_1_275' title='bbox 638 1059 710 1085; x_wconf 88' lang='lat' dir='ltr'>Idem</span> <span class='ocrx_word' id='word_1_276' title='bbox 725 1062 797 1092; x_wconf 74' lang='lat'>2,56.</span> <span class='ocrx_word' id='word_1_277' title='bbox 868 1059 1031 1086; x_wconf 83' lang='lat' dir='ltr'>Contemtim</span> <span class='ocrx_word' id='word_1_278' title='bbox 1045 1057 1101 1083; x_wconf 84' lang='lat' dir='ltr'>elu-</span> 
     </span>
     <span class='ocr_line' id='line_1_34' title="bbox 58 1095 988 1132; baseline -0.008 -5"><span class='ocrx_word' id='word_1_279' title='bbox 58 1099 120 1127; x_wconf 84' lang='lat' dir='ltr'>dere</span> <span class='ocrx_word' id='word_1_280' title='bbox 134 1100 208 1127; x_wconf 87' lang='lat' dir='ltr'>Curt.</span> <span class='ocrx_word' id='word_1_281' title='bbox 222 1107 250 1131; x_wconf 85' lang='grc'>9,</span> <span class='ocrx_word' id='word_1_282' title='bbox 262 1106 289 1132; x_wconf 89' lang='lat'>7,</span> <span class='ocrx_word' id='word_1_283' title='bbox 304 1106 340 1129; x_wconf 83' lang='lat'>19.</span> <span class='ocrx_word' id='word_1_284' title='bbox 396 1096 466 1122; x_wconf 87' lang='lat' dir='ltr'>Elidi</span> <span class='ocrx_word' id='word_1_285' title='bbox 481 1096 637 1122; x_wconf 86' lang='lat' dir='ltr'>contemtius</span> <span class='ocrx_word' id='word_1_286' title='bbox 651 1095 708 1121; x_wconf 81' lang='lat' dir='ltr'>Sen.</span> <span class='ocrx_word' id='word_1_287' title='bbox 722 1095 753 1121; x_wconf 85' lang='lat' dir='ltr'>de</span> <span class='ocrx_word' id='word_1_288' title='bbox 768 1096 844 1121; x_wconf 87' lang='lat' dir='ltr'>Breu.</span> <span class='ocrx_word' id='word_1_289' title='bbox 858 1095 906 1121; x_wconf 91' lang='lat' dir='ltr'>vit.</span> <span class='ocrx_word' id='word_1_290' title='bbox 921 1103 941 1119; x_wconf 89' lang='lat' dir='ltr'>c.</span> <span class='ocrx_word' id='word_1_291' title='bbox 958 1102 988 1119; x_wconf 89' lang='lat'>11.</span> 
     </span>
     <span class='ocr_line' id='line_1_35' title="bbox 56 1128 1101 1170; baseline -0.007 -9"><span class='ocrx_word' id='word_1_292' title='bbox 56 1134 197 1170; x_wconf 44' lang='lat' dir='ltr'>gnifice‘de</span> <span class='ocrx_word' id='word_1_293' title='bbox 217 1135 242 1160; x_wconf 85' lang='lat' dir='ltr'>se</span> <span class='ocrx_word' id='word_1_294' title='bbox 263 1139 288 1160; x_wconf 86' lang='lat' dir='ltr'>et</span> <span class='ocrx_word' id='word_1_295' title='bbox 303 1132 457 1159; x_wconf 88' lang='lat' dir='ltr'>contemtim</span> <span class='ocrx_word' id='word_1_296' title='bbox 470 1131 502 1158; x_wconf 84' lang='lat' dir='ltr'>de</span> <span class='ocrx_word' id='word_1_297' title='bbox 524 1131 583 1159; x_wconf 88' lang='lat' dir='ltr'>aliis</span> <span class='ocrx_word' id='word_1_298' title='bbox 597 1131 672 1166; x_wconf 88' lang='lat' dir='ltr'>loqui</span> <span class='ocrx_word' id='word_1_299' title='bbox 692 1131 751 1157; x_wconf 89' lang='lat' dir='ltr'>Liu.</span> <span class='ocrx_word' id='word_1_300' title='bbox 766 1140 792 1163; x_wconf 81' lang='lat'>9,</span> <span class='ocrx_word' id='word_1_301' title='bbox 804 1140 844 1165; x_wconf 87' lang='lat'>41.</span> <span class='ocrx_word' id='word_1_302' title='bbox 915 1128 1035 1156; x_wconf 77' lang='lat' dir='ltr'>Scribere</span> <span class='ocrx_word' id='word_1_303' title='bbox 1052 1128 1101 1154; x_wconf 90' lang='lat' dir='ltr'>ali-</span> 
     </span>
     <span class='ocr_line' id='line_1_36' title="bbox 56 1169 958 1205; baseline -0.008 -8"><span class='ocrx_word' id='word_1_304' title='bbox 56 1170 102 1197; x_wconf 83' lang='lat' dir='ltr'>cui</span> <span class='ocrx_word' id='word_1_305' title='bbox 116 1170 206 1198; x_wconf 83' lang='lat' dir='ltr'>Tacit.</span> <span class='ocrx_word' id='word_1_306' title='bbox 221 1169 289 1196; x_wconf 70' lang='lat' dir='ltr'>nist.</span> <span class='ocrx_word' id='word_1_307' title='bbox 303 1177 326 1201; x_wconf 80' lang='lat'>3,</span> <span class='ocrx_word' id='word_1_308' title='bbox 341 1177 366 1201; x_wconf 88' lang='lat'>9,</span> <span class='ocrx_word' id='word_1_309' title='bbox 380 1177 404 1200; x_wconf 86' lang='lat'>9.</span> <span class='ocrx_word' id='word_1_310' title='bbox 904 1199 911 1205; x_wconf 34' lang='lat'><em>⁶</em></span> <span class='ocrx_word' id='word_1_311' title='bbox 953 1199 958 1203; x_wconf 34' lang='grc' dir='ltr'>ι</span> 
     </span>
    </p>

    <p class='ocr_par' dir='ltr' id='par_1_15' title="bbox 56 1203 1099 1276">
     <span class='ocr_line' id='line_1_37' title="bbox 92 1203 1099 1237; baseline -0.009 -3"><span class='ocrx_word' id='word_1_312' title='bbox 92 1213 109 1234; x_wconf 86' lang='lat' dir='ltr'>c</span> <span class='ocrx_word' id='word_1_313' title='bbox 119 1212 139 1233; x_wconf 86' lang='grc' dir='ltr'>ο</span> <span class='ocrx_word' id='word_1_314' title='bbox 149 1213 171 1233; x_wconf 87' lang='grc' dir='ltr'>Ν</span> <span class='ocrx_word' id='word_1_315' title='bbox 183 1211 205 1233; x_wconf 81' lang='lat' dir='ltr'>&#39;r</span> <span class='ocrx_word' id='word_1_316' title='bbox 215 1211 382 1235; x_wconf 71' lang='lat' dir='ltr'>EMPERO,</span> <span class='ocrx_word' id='word_1_317' title='bbox 401 1207 454 1230; x_wconf 64' lang='lat' dir='ltr'>are.</span> <span class='ocrx_word' id='word_1_318' title='bbox 491 1203 565 1237; x_wconf 84' lang='lat' dir='ltr'>Apic.</span> <span class='ocrx_word' id='word_1_319' title='bbox 580 1211 608 1237; x_wconf 82' lang='lat'>4„</span> <span class='ocrx_word' id='word_1_320' title='bbox 621 1211 636 1229; x_wconf 83' lang='lat'>2</span> <span class='ocrx_word' id='word_1_321' title='bbox 661 1203 692 1229; x_wconf 86' lang='lat' dir='ltr'>In</span> <span class='ocrx_word' id='word_1_322' title='bbox 705 1203 808 1237; x_wconf 74' lang='lat' dir='ltr'>patim,</span> <span class='ocrx_word' id='word_1_323' title='bbox 820 1209 886 1236; x_wconf 83' lang='lat' dir='ltr'>quae</span> <span class='ocrx_word' id='word_1_324' title='bbox 902 1208 1018 1226; x_wconf 77' lang='lat' dir='ltr'>inuicem</span> <span class='ocrx_word' id='word_1_325' title='bbox 1039 1208 1099 1226; x_wconf 90' lang='lat' dir='ltr'>con-</span> 
     </span>
     <span class='ocr_line' id='line_1_38' title="bbox 56 1238 687 1276; baseline -0.01 -7"><span class='ocrx_word' id='word_1_326' title='bbox 56 1247 248 1276; x_wconf 78' lang='lat' dir='ltr'>temperentur.</span> <span class='ocrx_word' id='word_1_327' title='bbox 282 1239 350 1267; x_wconf 76' lang='lat' dir='ltr'>Add.</span> <span class='ocrx_word' id='word_1_328' title='bbox 366 1238 482 1266; x_wconf 81' lang='lat' dir='ltr'>Marcell.</span> <span class='ocrx_word' id='word_1_329' title='bbox 495 1239 593 1273; x_wconf 83' lang='lat' dir='ltr'>Empir.</span> <span class='ocrx_word' id='word_1_330' title='bbox 613 1247 635 1264; x_wconf 89' lang='lat' dir='ltr'>c.</span> <span class='ocrx_word' id='word_1_331' title='bbox 652 1241 687 1264; x_wconf 87' lang='lat'>16.</span> 
     </span>
    </p>
   </div>
   <div class='ocr_carea' id='block_1_12' title="bbox 93 1270 1141 1307">
    <p class='ocr_par' dir='ltr' id='par_1_16' title="bbox 93 1270 1141 1307">
     <span class='ocr_line' id='line_1_39' title="bbox 93 1270 1141 1307; baseline -0.008 -3"><span class='ocrx_word' id='word_1_332' title='bbox 93 1284 110 1305; x_wconf 92' lang='lat' dir='ltr'>c</span> <span class='ocrx_word' id='word_1_333' title='bbox 120 1285 139 1304; x_wconf 87' lang='lat' dir='ltr'>o</span> <span class='ocrx_word' id='word_1_334' title='bbox 148 1285 169 1304; x_wconf 82' lang='lat' dir='ltr'>N</span> <span class='ocrx_word' id='word_1_335' title='bbox 181 1283 203 1303; x_wconf 81' lang='lat' dir='ltr'>&#39;r</span> <span class='ocrx_word' id='word_1_336' title='bbox 214 1276 312 1303; x_wconf 63' lang='lat' dir='ltr'>E‘Mrr</span> <span class='ocrx_word' id='word_1_337' title='bbox 321 1283 339 1302; x_wconf 83' lang='lat' dir='ltr'>R</span> <span class='ocrx_word' id='word_1_338' title='bbox 349 1282 371 1302; x_wconf 82' lang='lat' dir='ltr'>A</span> <span class='ocrx_word' id='word_1_339' title='bbox 381 1281 403 1301; x_wconf 74' lang='lat' dir='ltr'>&#39;r</span> <span class='ocrx_word' id='word_1_340' title='bbox 415 1282 435 1300; x_wconf 83' lang='lat' dir='ltr'>v</span> <span class='ocrx_word' id='word_1_341' title='bbox 445 1282 474 1307; x_wconf 81' lang='lat' dir='ltr'>s,</span> <span class='ocrx_word' id='word_1_342' title='bbox 495 1283 519 1306; x_wconf 80' lang='lat' dir='ltr'>a,</span> <span class='ocrx_word' id='word_1_343' title='bbox 539 1283 592 1300; x_wconf 85' lang='lat' dir='ltr'>um.</span> <span class='ocrx_word' id='word_1_344' title='bbox 630 1273 722 1301; x_wconf 83' lang='lat' dir='ltr'>Partic.</span> <span class='ocrx_word' id='word_1_345' title='bbox 759 1273 864 1300; x_wconf 83' lang='lat' dir='ltr'>Vitrun.</span> <span class='ocrx_word' id='word_1_346' title='bbox 877 1279 906 1304; x_wconf 86' lang='lat'>9,</span> <span class='ocrx_word' id='word_1_347' title='bbox 918 1279 937 1304; x_wconf 79' lang='lat'><strong>4</strong></span> <span class='ocrx_word' id='word_1_348' title='bbox 958 1270 1018 1303; x_wconf 86' lang='lat' dir='ltr'>Sol,</span> <span class='ocrx_word' id='word_1_349' title='bbox 1032 1278 1099 1305; x_wconf 80' lang='lat' dir='ltr'>quae</span> <span class='ocrx_word' id='word_1_350' title='bbox 1108 1282 1141 1306; x_wconf 78' lang='lat'>30</span> 
     </span>
    </p>
   </div>
   <div class='ocr_carea' id='block_1_13' title="bbox 55 1309 1098 1455">
    <p class='ocr_par' dir='ltr' id='par_1_17' title="bbox 55 1309 1021 1349">
     <span class='ocr_line' id='line_1_40' title="bbox 55 1309 1021 1349; baseline -0.009 -8"><span class='ocrx_word' id='word_1_351' title='bbox 55 1314 183 1349; x_wconf 82' lang='lat' dir='ltr'>propiora</span> <span class='ocrx_word' id='word_1_352' title='bbox 198 1313 270 1343; x_wconf 87' lang='lat' dir='ltr'>sunt,</span> <span class='ocrx_word' id='word_1_353' title='bbox 286 1316 478 1346; x_wconf 81' lang='lat' dir='ltr'>contemperata</span> <span class='ocrx_word' id='word_1_354' title='bbox 492 1309 577 1336; x_wconf 87' lang='lat' dir='ltr'>habet.</span> <span class='ocrx_word' id='word_1_355' title='bbox 1016 1341 1021 1346; x_wconf 18' lang='grc' dir='ltr'><em>Β</em></span> 
     </span>
    </p>

    <p class='ocr_par' dir='ltr' id='par_1_18' title="bbox 57 1341 1098 1455">
     <span class='ocr_line' id='line_1_41' title="bbox 91 1341 1098 1382; baseline -0.008 -7"><span class='ocrx_word' id='word_1_356' title='bbox 91 1355 108 1376; x_wconf 90' lang='lat' dir='ltr'>C</span> <span class='ocrx_word' id='word_1_357' title='bbox 117 1355 136 1375; x_wconf 92' lang='lat' dir='ltr'>O</span> <span class='ocrx_word' id='word_1_358' title='bbox 145 1355 166 1374; x_wconf 87' lang='lat' dir='ltr'>N</span> <span class='ocrx_word' id='word_1_359' title='bbox 175 1354 197 1374; x_wconf 83' lang='grc' dir='ltr'><strong>Τ</strong></span> <span class='ocrx_word' id='word_1_360' title='bbox 206 1354 223 1374; x_wconf 76' lang='grc' dir='ltr'><strong><em>Ε</em></strong></span> <span class='ocrx_word' id='word_1_361' title='bbox 234 1354 257 1374; x_wconf 87' lang='grc' dir='ltr'><strong><em>Μ</em></strong></span> <span class='ocrx_word' id='word_1_362' title='bbox 272 1353 287 1373; x_wconf 78' lang='grc' dir='ltr'>Ρ</span> <span class='ocrx_word' id='word_1_363' title='bbox 298 1355 314 1374; x_wconf 95' lang='lat' dir='ltr'>L</span> <span class='ocrx_word' id='word_1_364' title='bbox 324 1354 342 1373; x_wconf 88' lang='grc' dir='ltr'>Ο</span> <span class='ocrx_word' id='word_1_365' title='bbox 352 1353 370 1373; x_wconf 82' lang='lat' dir='ltr'>R</span> <span class='ocrx_word' id='word_1_366' title='bbox 384 1367 392 1379; x_wconf 86' lang='lat'>,</span> <span class='ocrx_word' id='word_1_367' title='bbox 419 1346 466 1372; x_wconf 66' lang='lat' dir='ltr'>Eri.</span> <span class='ocrx_word' id='word_1_368' title='bbox 504 1346 613 1381; x_wconf 64' lang='lat' dir='ltr'>[H&#39;swps&#39;w</span> <span class='ocrx_word' id='word_1_369' title='bbox 621 1365 629 1377; x_wconf 84' lang='lat'>,</span> <span class='ocrx_word' id='word_1_370' title='bbox 652 1343 788 1376; x_wconf 69' lang='grc' dir='ltr'><strong><em>κατανοίω]</em></strong></span> <span class='ocrx_word' id='word_1_371' title='bbox 820 1344 974 1382; x_wconf 35' lang='grc' dir='ltr'>Ὀεροηενιῇ</span> <span class='ocrx_word' id='word_1_372' title='bbox 992 1341 1098 1381; x_wconf 32' lang='lat' dir='ltr'>‘dl-&amp;um</span> 
     </span>
     <span class='ocr_line' id='line_1_42' title="bbox 57 1377 1098 1417; baseline -0.01 -6"><span class='ocrx_word' id='word_1_373' title='bbox 57 1387 105 1416; x_wconf 81' lang='lat' dir='ltr'>(vt</span> <span class='ocrx_word' id='word_1_374' title='bbox 116 1387 154 1411; x_wconf 82' lang='lat' dir='ltr'>ait</span> <span class='ocrx_word' id='word_1_375' title='bbox 168 1383 273 1415; x_wconf 83' lang='lat' dir='ltr'>Festus)</span> <span class='ocrx_word' id='word_1_376' title='bbox 293 1392 307 1409; x_wconf 89' lang='lat' dir='ltr'>a</span> <span class='ocrx_word' id='word_1_377' title='bbox 321 1383 457 1417; x_wconf 89' lang='lat' dir='ltr'>Templo,</span> <span class='ocrx_word' id='word_1_378' title='bbox 470 1381 497 1407; x_wconf 84' lang='lat' dir='ltr'>id</span> <span class='ocrx_word' id='word_1_379' title='bbox 514 1382 549 1408; x_wconf 87' lang='lat' dir='ltr'>cst</span> <span class='ocrx_word' id='word_1_380' title='bbox 562 1382 631 1412; x_wconf 83' lang='lat' dir='ltr'>loco,</span> <span class='ocrx_word' id='word_1_381' title='bbox 646 1381 693 1414; x_wconf 85' lang='lat' dir='ltr'>qui</span> <span class='ocrx_word' id='word_1_382' title='bbox 707 1379 739 1404; x_wconf 88' lang='lat' dir='ltr'>ab</span> <span class='ocrx_word' id='word_1_383' title='bbox 753 1385 827 1404; x_wconf 87' lang='lat' dir='ltr'>omm</span> <span class='ocrx_word' id='word_1_384' title='bbox 841 1382 914 1411; x_wconf 85' lang='lat' dir='ltr'>parte</span> <span class='ocrx_word' id='word_1_385' title='bbox 927 1378 1034 1411; x_wconf 82' lang='lat' dir='ltr'>adspici,</span> <span class='ocrx_word' id='word_1_386' title='bbox 1055 1377 1098 1403; x_wconf 90' lang='lat' dir='ltr'>veI</span> 
     </span>
     <span class='ocr_line' id='line_1_43' title="bbox 58 1413 1098 1455; baseline -0.008 -8"><span class='ocrx_word' id='word_1_387' title='bbox 58 1428 90 1447; x_wconf 85' lang='lat' dir='ltr'>ex</span> <span class='ocrx_word' id='word_1_388' title='bbox 104 1428 158 1455; x_wconf 89' lang='lat' dir='ltr'>quo</span> <span class='ocrx_word' id='word_1_389' title='bbox 171 1419 258 1446; x_wconf 87' lang='lat' dir='ltr'>omnis</span> <span class='ocrx_word' id='word_1_390' title='bbox 273 1427 330 1453; x_wconf 85' lang='lat' dir='ltr'>pars</span> <span class='ocrx_word' id='word_1_391' title='bbox 344 1418 432 1446; x_wconf 86' lang='lat' dir='ltr'>videri</span> <span class='ocrx_word' id='word_1_392' title='bbox 444 1417 527 1452; x_wconf 88' lang='lat' dir='ltr'>potest</span> <span class='ocrx_word' id='word_1_393' title='bbox 538 1437 546 1449; x_wconf 86' lang='lat'>,</span> <span class='ocrx_word' id='word_1_394' title='bbox 567 1425 644 1451; x_wconf 85' lang='lat' dir='ltr'>quam</span> <span class='ocrx_word' id='word_1_395' title='bbox 657 1413 760 1448; x_wconf 82' lang='lat' dir='ltr'>antiqui</span> <span class='ocrx_word' id='word_1_396' title='bbox 772 1413 899 1447; x_wconf 84' lang='lat' dir='ltr'>templum</span> <span class='ocrx_word' id='word_1_397' title='bbox 913 1413 1098 1439; x_wconf 74' lang='lat' dir='ltr'>nominabant.</span> 
     </span>
    </p>
   </div>
   <div class='ocr_carea' id='block_1_14' title="bbox 18 1443 1136 1517">
    <p class='ocr_par' dir='ltr' id='par_1_19' title="bbox 18 1443 1136 1517">
     <span class='ocr_line' id='line_1_44' title="bbox 18 1443 1136 1517; baseline -0.008 -34"><span class='ocrx_word' id='word_1_398' title='bbox 18 1443 20 1483; x_wconf 63' lang='lat' dir='ltr'>ss</span> <span class='ocrx_word' id='word_1_399' title='bbox 58 1457 146 1517; x_wconf 56' lang='lat' dir='ltr'>Itaque</span> <span class='ocrx_word' id='word_1_400' title='bbox 169 1454 350 1489; x_wconf 84' lang='lat' dir='ltr'>Contemplari</span> <span class='ocrx_word' id='word_1_401' title='bbox 371 1452 403 1487; x_wconf 67' lang='lat' dir='ltr'>1st</span> <span class='ocrx_word' id='word_1_402' title='bbox 421 1453 566 1490; x_wconf 71' lang='lat' dir='ltr'>adspicere,</span> <span class='ocrx_word' id='word_1_403' title='bbox 594 1457 617 1477; x_wconf 81' lang='lat' dir='ltr'>et</span> <span class='ocrx_word' id='word_1_404' title='bbox 641 1449 774 1485; x_wconf 75' lang='lat' dir='ltr'>diligenter</span> <span class='ocrx_word' id='word_1_405' title='bbox 799 1451 906 1481; x_wconf 77' lang='lat' dir='ltr'>intueri,</span> <span class='ocrx_word' id='word_1_406' title='bbox 934 1456 958 1474; x_wconf 85' lang='lat' dir='ltr'>ct</span> <span class='ocrx_word' id='word_1_407' title='bbox 989 1456 1043 1474; x_wconf 84' lang='lat' dir='ltr'>tum</span> <span class='ocrx_word' id='word_1_408' title='bbox 1070 1448 1136 1486; x_wconf 70' lang='lat' dir='ltr'>de33</span> 
     </span>
    </p>
   </div>
   <div class='ocr_carea' id='block_1_15' title="bbox 46 1484 1106 2484">
    <p class='ocr_par' dir='ltr' id='par_1_20' title="bbox 50 1484 1099 1880">
     <span class='ocr_line' id='line_1_45' title="bbox 57 1484 1098 1526; baseline -0.007 -9"><span class='ocrx_word' id='word_1_409' title='bbox 57 1493 134 1517; x_wconf 75' lang='lat' dir='ltr'>acuis</span> <span class='ocrx_word' id='word_1_410' title='bbox 145 1494 266 1526; x_wconf 82' lang='lat' dir='ltr'>corporis,</span> <span class='ocrx_word' id='word_1_411' title='bbox 279 1496 329 1517; x_wconf 86' lang='lat' dir='ltr'>tum</span> <span class='ocrx_word' id='word_1_412' title='bbox 341 1489 371 1516; x_wconf 82' lang='lat' dir='ltr'>de</span> <span class='ocrx_word' id='word_1_413' title='bbox 389 1496 467 1515; x_wconf 77' lang='lat' dir='ltr'>mente</span> <span class='ocrx_word' id='word_1_414' title='bbox 479 1490 606 1522; x_wconf 77' lang='lat' dir='ltr'>accipitur.</span> <span class='ocrx_word' id='word_1_415' title='bbox 639 1485 710 1511; x_wconf 85' lang='lat' dir='ltr'>Ter.</span> <span class='ocrx_word' id='word_1_416' title='bbox 724 1484 829 1511; x_wconf 79' lang='lat' dir='ltr'>Phorm.</span> <span class='ocrx_word' id='word_1_417' title='bbox 844 1493 864 1516; x_wconf 89' lang='lat'>1,</span> <span class='ocrx_word' id='word_1_418' title='bbox 877 1494 904 1517; x_wconf 79' lang='lat'>4,</span> <span class='ocrx_word' id='word_1_419' title='bbox 919 1493 945 1518; x_wconf 79' lang='grc'>33</span> <span class='ocrx_word' id='word_1_420' title='bbox 987 1484 1098 1511; x_wconf 85' lang='lat' dir='ltr'>Voltum</span> 
     </span>
     <span class='ocr_line' id='line_1_46' title="bbox 56 1520 1099 1562; baseline -0.008 -9"><span class='ocrx_word' id='word_1_421' title='bbox 56 1526 282 1562; x_wconf 68' lang='lat' dir='ltr'>contemplamini.</span> <span class='ocrx_word' id='word_1_422' title='bbox 352 1524 447 1551; x_wconf 87' lang='lat' dir='ltr'>Mirari</span> <span class='ocrx_word' id='word_1_423' title='bbox 460 1523 531 1555; x_wconf 88' lang='lat' dir='ltr'>noli,</span> <span class='ocrx_word' id='word_1_424' title='bbox 545 1530 631 1556; x_wconf 88' lang='lat' dir='ltr'>neque</span> <span class='ocrx_word' id='word_1_425' title='bbox 646 1529 688 1547; x_wconf 89' lang='lat' dir='ltr'>me</span> <span class='ocrx_word' id='word_1_426' title='bbox 702 1520 875 1554; x_wconf 85' lang='lat' dir='ltr'>contemplari</span> <span class='ocrx_word' id='word_1_427' title='bbox 890 1520 970 1546; x_wconf 75' lang='lat' dir='ltr'>Fiant.</span> <span class='ocrx_word' id='word_1_428' title='bbox 985 1521 1063 1546; x_wconf 87' lang='lat' dir='ltr'>Poen.</span> <span class='ocrx_word' id='word_1_429' title='bbox 1076 1527 1099 1553; x_wconf 83' lang='grc' dir='ltr'>ς,</span> 
     </span>
     <span class='ocr_line' id='line_1_47' title="bbox 55 1556 1096 1594; baseline -0.008 -5"><span class='ocrx_word' id='word_1_430' title='bbox 55 1570 80 1594; x_wconf 75' lang='lat'>3,</span> <span class='ocrx_word' id='word_1_431' title='bbox 93 1570 130 1588; x_wconf 81' lang='grc' dir='ltr'>ιο.</span> <span class='ocrx_word' id='word_1_432' title='bbox 203 1559 383 1594; x_wconf 83' lang='lat' dir='ltr'>Contemplari</span> <span class='ocrx_word' id='word_1_433' title='bbox 396 1559 486 1585; x_wconf 87' lang='lat' dir='ltr'>animo</span> <span class='ocrx_word' id='word_1_434' title='bbox 499 1557 572 1592; x_wconf 89' lang='lat' dir='ltr'>quod</span> <span class='ocrx_word' id='word_1_435' title='bbox 585 1557 669 1583; x_wconf 85' lang='lat' dir='ltr'>oculis</span> <span class='ocrx_word' id='word_1_436' title='bbox 682 1565 736 1583; x_wconf 80' lang='lat' dir='ltr'>non</span> <span class='ocrx_word' id='word_1_437' title='bbox 750 1556 869 1582; x_wconf 85' lang='lat' dir='ltr'>cernitur</span> <span class='ocrx_word' id='word_1_438' title='bbox 882 1556 937 1582; x_wconf 88' lang='lat' dir='ltr'>Cic.</span> <span class='ocrx_word' id='word_1_439' title='bbox 951 1565 1000 1591; x_wconf 90' lang='lat' dir='ltr'>pro</span> <span class='ocrx_word' id='word_1_440' title='bbox 1008 1556 1096 1582; x_wconf 90' lang='lat' dir='ltr'>Deiot.</span> 
     </span>
     <span class='ocr_line' id='line_1_48' title="bbox 55 1592 1096 1630; baseline -0.007 -6"><span class='ocrx_word' id='word_1_441' title='bbox 55 1606 92 1630; x_wconf 82' lang='lat'>40</span> <span class='ocrx_word' id='word_1_442' title='bbox 113 1607 134 1623; x_wconf 92' lang='lat' dir='ltr'>c.</span> <span class='ocrx_word' id='word_1_443' title='bbox 148 1605 187 1629; x_wconf 85' lang='lat'>14.</span> <span class='ocrx_word' id='word_1_444' title='bbox 258 1593 438 1628; x_wconf 73' lang='lat' dir='ltr'>Contemplari</span> <span class='ocrx_word' id='word_1_445' title='bbox 459 1593 551 1619; x_wconf 79' lang='lat' dir='ltr'>lituras</span> <span class='ocrx_word' id='word_1_446' title='bbox 566 1592 665 1618; x_wconf 87' lang='lat' dir='ltr'>codicis</span> <span class='ocrx_word' id='word_1_447' title='bbox 684 1593 740 1618; x_wconf 86' lang='lat' dir='ltr'>Cic.</span> <span class='ocrx_word' id='word_1_448' title='bbox 758 1592 835 1618; x_wconf 87' lang='lat' dir='ltr'>Verr.</span> <span class='ocrx_word' id='word_1_449' title='bbox 851 1600 873 1624; x_wconf 83' lang='grc'>3,</span> <span class='ocrx_word' id='word_1_450' title='bbox 891 1600 930 1626; x_wconf 85' lang='lat'>41.</span> <span class='ocrx_word' id='word_1_451' title='bbox 1003 1592 1096 1618; x_wconf 85' lang='lat' dir='ltr'>Secum</span> 
     </span>
     <span class='ocr_line' id='line_1_49' title="bbox 54 1627 941 1664; baseline -0.008 -5"><span class='ocrx_word' id='word_1_452' title='bbox 54 1631 215 1659; x_wconf 76' lang='lat' dir='ltr'>considerare</span> <span class='ocrx_word' id='word_1_453' title='bbox 232 1637 258 1657; x_wconf 89' lang='lat' dir='ltr'>et</span> <span class='ocrx_word' id='word_1_454' title='bbox 276 1629 448 1664; x_wconf 83' lang='lat' dir='ltr'>contemplari</span> <span class='ocrx_word' id='word_1_455' title='bbox 469 1628 572 1663; x_wconf 87' lang='lat' dir='ltr'>aliquid</span> <span class='ocrx_word' id='word_1_456' title='bbox 596 1627 670 1655; x_wconf 85' lang='lat' dir='ltr'>Idem</span> <span class='ocrx_word' id='word_1_457' title='bbox 688 1627 740 1654; x_wconf 83' lang='lat' dir='ltr'>Off.</span> <span class='ocrx_word' id='word_1_458' title='bbox 763 1636 784 1659; x_wconf 91' lang='lat'>1,</span> <span class='ocrx_word' id='word_1_459' title='bbox 804 1634 884 1660; x_wconf 71' lang='lat' dir='ltr'>153-c.</span> <span class='ocrx_word' id='word_1_460' title='bbox 900 1636 941 1660; x_wconf 74' lang='lat'>43.</span> 
     </span>
     <span class='ocr_line' id='line_1_50' title="bbox 52 1662 1099 1701; baseline -0.005 -8"><span class='ocrx_word' id='word_1_461' title='bbox 52 1667 109 1694; x_wconf 86' lang='lat' dir='ltr'>acie</span> <span class='ocrx_word' id='word_1_462' title='bbox 121 1666 221 1701; x_wconf 80' lang='lat' dir='ltr'>ingenii</span> <span class='ocrx_word' id='word_1_463' title='bbox 238 1666 275 1692; x_wconf 89' lang='lat' dir='ltr'>Id.</span> <span class='ocrx_word' id='word_1_464' title='bbox 290 1665 321 1692; x_wconf 89' lang='lat' dir='ltr'>de</span> <span class='ocrx_word' id='word_1_465' title='bbox 334 1667 408 1692; x_wconf 82' lang='lat' dir='ltr'>Orat.</span> <span class='ocrx_word' id='word_1_466' title='bbox 426 1674 446 1696; x_wconf 84' lang='lat'>1,</span> <span class='ocrx_word' id='word_1_467' title='bbox 460 1672 508 1697; x_wconf 76' lang='lat'>131.</span> <span class='ocrx_word' id='word_1_468' title='bbox 580 1664 671 1691; x_wconf 85' lang='lat' dir='ltr'>Oculis</span> <span class='ocrx_word' id='word_1_469' title='bbox 684 1663 857 1698; x_wconf 83' lang='lat' dir='ltr'>contemplari</span> <span class='ocrx_word' id='word_1_470' title='bbox 872 1663 937 1689; x_wconf 84' lang='lat' dir='ltr'>caeli</span> <span class='ocrx_word' id='word_1_471' title='bbox 951 1662 1099 1697; x_wconf 67' lang='lat' dir='ltr'>pulchritu-</span> 
     </span>
     <span class='ocr_line' id='line_1_51' title="bbox 52 1699 1096 1732; baseline -0.006 -3"><span class='ocrx_word' id='word_1_472' title='bbox 52 1702 142 1729; x_wconf 88' lang='lat' dir='ltr'>dinem</span> <span class='ocrx_word' id='word_1_473' title='bbox 155 1702 212 1729; x_wconf 89' lang='lat' dir='ltr'>Cic.</span> <span class='ocrx_word' id='word_1_474' title='bbox 226 1702 289 1728; x_wconf 85' lang='lat' dir='ltr'>Nat.</span> <span class='ocrx_word' id='word_1_475' title='bbox 304 1702 384 1727; x_wconf 89' lang='lat' dir='ltr'>Deor.</span> <span class='ocrx_word' id='word_1_476' title='bbox 398 1709 414 1726; x_wconf 87' lang='lat'>2</span> <span class='ocrx_word' id='word_1_477' title='bbox 427 1709 449 1726; x_wconf 89' lang='lat' dir='ltr'>c.</span> <span class='ocrx_word' id='word_1_478' title='bbox 466 1705 492 1732; x_wconf 81' lang='lat'>38</span> <span class='ocrx_word' id='word_1_479' title='bbox 506 1706 569 1727; x_wconf 76' lang='lat' dir='ltr'>extr.</span> <span class='ocrx_word' id='word_1_480' title='bbox 626 1699 699 1726; x_wconf 86' lang='lat' dir='ltr'>Idem</span> <span class='ocrx_word' id='word_1_481' title='bbox 712 1699 744 1725; x_wconf 89' lang='lat' dir='ltr'>de</span> <span class='ocrx_word' id='word_1_482' title='bbox 757 1699 818 1725; x_wconf 89' lang='lat' dir='ltr'>Nat.</span> <span class='ocrx_word' id='word_1_483' title='bbox 834 1699 914 1724; x_wconf 90' lang='lat' dir='ltr'>Deor.</span> <span class='ocrx_word' id='word_1_484' title='bbox 927 1707 953 1730; x_wconf 86' lang='lat'>2,</span> <span class='ocrx_word' id='word_1_485' title='bbox 967 1708 985 1731; x_wconf 79' lang='lat'><strong>4</strong></span> <span class='ocrx_word' id='word_1_486' title='bbox 1005 1700 1096 1731; x_wconf 77' lang='lat' dir='ltr'>Qmm</span> 
     </span>
     <span class='ocr_line' id='line_1_52' title="bbox 52 1734 1095 1772; baseline -0.005 -7"><span class='ocrx_word' id='word_1_487' title='bbox 52 1738 154 1765; x_wconf 84' lang='lat' dir='ltr'>caelum</span> <span class='ocrx_word' id='word_1_488' title='bbox 173 1737 349 1772; x_wconf 76' lang='lat' dir='ltr'>suspeximus,</span> <span class='ocrx_word' id='word_1_489' title='bbox 375 1735 546 1770; x_wconf 79' lang='lat' dir='ltr'>caelestiaque</span> <span class='ocrx_word' id='word_1_490' title='bbox 566 1735 735 1769; x_wconf 84' lang='lat' dir='ltr'>contemplati</span> <span class='ocrx_word' id='word_1_491' title='bbox 754 1735 849 1760; x_wconf 81' lang='lat' dir='ltr'>sumus.</span> <span class='ocrx_word' id='word_1_492' title='bbox 891 1735 923 1759; x_wconf 81' lang='lat' dir='ltr'>Et</span> <span class='ocrx_word' id='word_1_493' title='bbox 944 1743 993 1768; x_wconf 86' lang='lat' dir='ltr'>pro</span> <span class='ocrx_word' id='word_1_494' title='bbox 1012 1734 1095 1760; x_wconf 82' lang='lat' dir='ltr'>Flacc.</span> 
     </span>
     <span class='ocr_line' id='line_1_53' title="bbox 50 1769 1094 1807; baseline -0.006 -6"><span class='ocrx_word' id='word_1_495' title='bbox 50 1776 83 1801; x_wconf 79' lang='lat'>26</span> <span class='ocrx_word' id='word_1_496' title='bbox 103 1774 206 1800; x_wconf 80' lang='lat' dir='ltr'>Totam</span> <span class='ocrx_word' id='word_1_497' title='bbox 227 1773 328 1799; x_wconf 87' lang='lat' dir='ltr'>causam</span> <span class='ocrx_word' id='word_1_498' title='bbox 341 1781 421 1807; x_wconf 88' lang='lat' dir='ltr'>quam</span> <span class='ocrx_word' id='word_1_499' title='bbox 436 1771 551 1797; x_wconf 85' lang='lat' dir='ltr'>maxime</span> <span class='ocrx_word' id='word_1_500' title='bbox 565 1771 672 1796; x_wconf 86' lang='lat' dir='ltr'>intentis</span> <span class='ocrx_word' id='word_1_501' title='bbox 692 1770 776 1797; x_wconf 79' lang='lat' dir='ltr'>oculis</span> <span class='ocrx_word' id='word_1_502' title='bbox 790 1772 837 1801; x_wconf 86' lang='lat' dir='ltr'>(vt</span> <span class='ocrx_word' id='word_1_503' title='bbox 856 1769 945 1801; x_wconf 89' lang='lat' dir='ltr'>aiunt)</span> <span class='ocrx_word' id='word_1_504' title='bbox 964 1770 1094 1796; x_wconf 79' lang='lat' dir='ltr'>acerrime</span> 
     </span>
     <span class='ocr_line' id='line_1_54' title="bbox 52 1805 973 1844; baseline -0.005 -8"><span class='ocrx_word' id='word_1_505' title='bbox 52 1809 279 1844; x_wconf 84' lang='lat' dir='ltr'>contemplemini.</span> <span class='ocrx_word' id='word_1_506' title='bbox 350 1808 451 1834; x_wconf 73' lang='lat' dir='ltr'>Inmeri</span> <span class='ocrx_word' id='word_1_507' title='bbox 466 1813 491 1833; x_wconf 90' lang='lat' dir='ltr'>et</span> <span class='ocrx_word' id='word_1_508' title='bbox 511 1806 684 1841; x_wconf 85' lang='lat' dir='ltr'>contemplari</span> <span class='ocrx_word' id='word_1_509' title='bbox 704 1807 760 1833; x_wconf 87' lang='lat' dir='ltr'>Cic.</span> <span class='ocrx_word' id='word_1_510' title='bbox 778 1814 828 1839; x_wconf 84' lang='lat' dir='ltr'>pro</span> <span class='ocrx_word' id='word_1_511' title='bbox 842 1805 926 1832; x_wconf 83' lang='lat' dir='ltr'>Planc-</span> <span class='ocrx_word' id='word_1_512' title='bbox 948 1814 973 1832; x_wconf 87' lang='lat'>2.</span> 
     </span>
     <span class='ocr_line' id='line_1_55' title="bbox 52 1844 606 1880; baseline -0.007 -8"><span class='ocrx_word' id='word_1_513' title='bbox 52 1854 111 1872; x_wconf 85' lang='lat' dir='ltr'>mos</span> <span class='ocrx_word' id='word_1_514' title='bbox 123 1844 296 1880; x_wconf 87' lang='lat' dir='ltr'>contemplari</span> <span class='ocrx_word' id='word_1_515' title='bbox 315 1844 383 1870; x_wconf 88' lang='lat' dir='ltr'>Hor.</span> <span class='ocrx_word' id='word_1_516' title='bbox 397 1844 478 1870; x_wconf 82' lang='lat' dir='ltr'>Serm.</span> <span class='ocrx_word' id='word_1_517' title='bbox 495 1851 515 1874; x_wconf 90' lang='lat'>1,</span> <span class='ocrx_word' id='word_1_518' title='bbox 529 1851 549 1874; x_wconf 87' lang='lat'>1,</span> <span class='ocrx_word' id='word_1_519' title='bbox 563 1844 606 1876; x_wconf 86' lang='grc'>67.</span> 
     </span>
    </p>

    <p class='ocr_par' dir='ltr' id='par_1_21' title="bbox 49 1875 1097 2023">
     <span class='ocr_line' id='line_1_56' title="bbox 87 1875 1097 1911; baseline -0.004 -3"><span class='ocrx_word' id='word_1_520' title='bbox 87 1888 104 1909; x_wconf 91' lang='lat' dir='ltr'>c</span> <span class='ocrx_word' id='word_1_521' title='bbox 114 1886 134 1907; x_wconf 94' lang='lat' dir='ltr'>o</span> <span class='ocrx_word' id='word_1_522' title='bbox 148 1887 170 1907; x_wconf 80' lang='lat' dir='ltr'><strong>N</strong></span> <span class='ocrx_word' id='word_1_523' title='bbox 181 1887 202 1907; x_wconf 88' lang='lat' dir='ltr'>T</span> <span class='ocrx_word' id='word_1_524' title='bbox 212 1887 229 1911; x_wconf 73' lang='grc' dir='ltr'><strong>Ε</strong></span> <span class='ocrx_word' id='word_1_525' title='bbox 238 1887 263 1906; x_wconf 85' lang='grc' dir='ltr'><strong><em>Μ</em></strong></span> <span class='ocrx_word' id='word_1_526' title='bbox 273 1887 288 1906; x_wconf 66' lang='grc' dir='ltr'>ι’</span> <span class='ocrx_word' id='word_1_527' title='bbox 297 1887 313 1906; x_wconf 88' lang='lat' dir='ltr'>L</span> <span class='ocrx_word' id='word_1_528' title='bbox 322 1887 343 1906; x_wconf 76' lang='lat' dir='ltr'>A</span> <span class='ocrx_word' id='word_1_529' title='bbox 353 1886 375 1906; x_wconf 88' lang='lat' dir='ltr'>T</span> <span class='ocrx_word' id='word_1_530' title='bbox 386 1886 437 1910; x_wconf 76' lang='lat' dir='ltr'>vs,</span> <span class='ocrx_word' id='word_1_531' title='bbox 449 1888 472 1910; x_wconf 87' lang='lat' dir='ltr'>a,</span> <span class='ocrx_word' id='word_1_532' title='bbox 484 1887 538 1904; x_wconf 87' lang='lat' dir='ltr'>um.</span> <span class='ocrx_word' id='word_1_533' title='bbox 560 1877 653 1904; x_wconf 78' lang='lat' dir='ltr'>Partic.</span> <span class='ocrx_word' id='word_1_534' title='bbox 673 1875 765 1904; x_wconf 69' lang='lat' dir='ltr'>AHiue</span> <span class='ocrx_word' id='word_1_535' title='bbox 781 1877 856 1903; x_wconf 88' lang='lat' dir='ltr'>Curt.</span> <span class='ocrx_word' id='word_1_536' title='bbox 870 1885 898 1910; x_wconf 85' lang='lat'>4,</span> <span class='ocrx_word' id='word_1_537' title='bbox 912 1882 925 1907; x_wconf 75' lang='lat' dir='ltr'>s</span> <span class='ocrx_word' id='word_1_538' title='bbox 946 1876 1097 1904; x_wconf 79' lang='lat' dir='ltr'>Alexander</span> 
     </span>
     <span class='ocr_line' id='line_1_57' title="bbox 51 1912 1095 1950; baseline -0.004 -7"><span class='ocrx_word' id='word_1_539' title='bbox 51 1916 105 1945; x_wconf 86' lang='lat' dir='ltr'>loci</span> <span class='ocrx_word' id='word_1_540' title='bbox 119 1922 239 1943; x_wconf 83' lang='lat' dir='ltr'>naturam</span> <span class='ocrx_word' id='word_1_541' title='bbox 258 1915 459 1950; x_wconf 75' lang='lat' dir='ltr'>contemplatus.</span> <span class='ocrx_word' id='word_1_542' title='bbox 502 1913 570 1940; x_wconf 58' lang='lat' dir='ltr'>Adri.</span> <span class='ocrx_word' id='word_1_543' title='bbox 586 1913 633 1940; x_wconf 75' lang='lat' dir='ltr'>Id:</span> <span class='ocrx_word' id='word_1_544' title='bbox 644 1922 668 1945; x_wconf 90' lang='grc'>3,</span> <span class='ocrx_word' id='word_1_545' title='bbox 679 1922 707 1947; x_wconf 87' lang='lat'>4,</span> <span class='ocrx_word' id='word_1_546' title='bbox 724 1921 754 1939; x_wconf 92' lang='lat'>11.</span> <span class='ocrx_word' id='word_1_547' title='bbox 775 1919 798 1938; x_wconf 77' lang='lat' dir='ltr'>et</span> <span class='ocrx_word' id='word_1_548' title='bbox 819 1915 845 1944; x_wconf 85' lang='lat'>6,</span> <span class='ocrx_word' id='word_1_549' title='bbox 867 1921 907 1947; x_wconf 88' lang='lat'>14,</span> <span class='ocrx_word' id='word_1_550' title='bbox 924 1922 962 1946; x_wconf 75' lang='lat'>¹4·</span> <span class='ocrx_word' id='word_1_551' title='bbox 1001 1912 1095 1948; x_wconf 75' lang='lat' dir='ltr'>Paffiue</span> 
     </span>
     <span class='ocr_line' id='line_1_58' title="bbox 49 1948 1093 1989; baseline -0.007 -10"><span class='ocrx_word' id='word_1_552' title='bbox 49 1952 119 1989; x_wconf 60' lang='lat' dir='ltr'>aptati</span> <span class='ocrx_word' id='word_1_553' title='bbox 131 1951 262 1979; x_wconf 83' lang='lat' dir='ltr'>Ammian.</span> <span class='ocrx_word' id='word_1_554' title='bbox 281 1960 316 1984; x_wconf 81' lang='lat'>31,</span> <span class='ocrx_word' id='word_1_555' title='bbox 329 1960 353 1984; x_wconf 77' lang='grc' dir='ltr'>ις</span> <span class='ocrx_word' id='word_1_556' title='bbox 373 1950 481 1985; x_wconf 80' lang='lat' dir='ltr'>Scriptis</span> <span class='ocrx_word' id='word_1_557' title='bbox 500 1949 618 1976; x_wconf 89' lang='lat' dir='ltr'>recitatis</span> <span class='ocrx_word' id='word_1_558' title='bbox 636 1955 662 1975; x_wconf 91' lang='lat' dir='ltr'>et</span> <span class='ocrx_word' id='word_1_559' title='bbox 680 1949 870 1983; x_wconf 79' lang='lat' dir='ltr'>contemplatis.</span> <span class='ocrx_word' id='word_1_560' title='bbox 907 1948 980 1985; x_wconf 69' lang='lat' dir='ltr'>Cous.</span> <span class='ocrx_word' id='word_1_561' title='bbox 998 1949 1038 1976; x_wconf 85' lang='lat' dir='ltr'>Id.</span> <span class='ocrx_word' id='word_1_562' title='bbox 1055 1948 1093 1976; x_wconf 84' lang='lat' dir='ltr'>ib.</span> 
     </span>
     <span class='ocr_line' id='line_1_59' title="bbox 52 1988 518 2023; baseline -0.011 -7"><span class='ocrx_word' id='word_1_563' title='bbox 52 1997 75 2016; x_wconf 85' lang='lat' dir='ltr'>c.</span> <span class='ocrx_word' id='word_1_564' title='bbox 89 1997 110 2022; x_wconf 77' lang='grc' dir='ltr'>ς.</span> <span class='ocrx_word' id='word_1_565' title='bbox 132 1995 156 2014; x_wconf 78' lang='lat' dir='ltr'>ct</span> <span class='ocrx_word' id='word_1_566' title='bbox 177 1996 216 2020; x_wconf 81' lang='lat'>23,</span> <span class='ocrx_word' id='word_1_567' title='bbox 229 1995 256 2020; x_wconf 78' lang='grc' dir='ltr'>ς.,</span> <span class='ocrx_word' id='word_1_568' title='bbox 295 1988 388 2023; x_wconf 74' lang='lat' dir='ltr'>Nempe</span> <span class='ocrx_word' id='word_1_569' title='bbox 511 2000 518 2003; x_wconf 71' lang='lat'><em>›</em></span> 
     </span>
    </p>

    <p class='ocr_par' dir='ltr' id='par_1_22' title="bbox 49 2018 1093 2237">
     <span class='ocr_line' id='line_1_60' title="bbox 86 2018 1092 2057; baseline -0.003 -6"><span class='ocrx_word' id='word_1_570' title='bbox 86 2029 163 2051; x_wconf 84' lang='lat' dir='ltr'>CON</span> <span class='ocrx_word' id='word_1_571' title='bbox 173 2028 276 2050; x_wconf 79' lang='lat' dir='ltr'>TEMP</span> <span class='ocrx_word' id='word_1_572' title='bbox 286 2028 327 2048; x_wconf 78' lang='lat' dir='ltr'>Lo</span> <span class='ocrx_word' id='word_1_573' title='bbox 339 2041 347 2054; x_wconf 92' lang='lat'>‚</span> <span class='ocrx_word' id='word_1_574' title='bbox 371 2026 424 2048; x_wconf 74' lang='lat' dir='ltr'>are.</span> <span class='ocrx_word' id='word_1_575' title='bbox 460 2020 590 2057; x_wconf 63' lang='grc' dir='ltr'>[θεωρίαι]</span> <span class='ocrx_word' id='word_1_576' title='bbox 625 2018 759 2053; x_wconf 62' lang='lat' dir='ltr'>Amnum,</span> <span class='ocrx_word' id='word_1_577' title='bbox 772 2020 876 2056; x_wconf 69' lang='lat' dir='ltr'>strepitu·</span> <span class='ocrx_word' id='word_1_578' title='bbox 894 2020 960 2056; x_wconf 67' lang='lat' dir='ltr'>apud</span> <span class='ocrx_word' id='word_1_579' title='bbox 977 2022 1092 2048; x_wconf 70' lang='lat' dir='ltr'>Plau-*um</span> 
     </span>
     <span class='ocr_line' id='line_1_61' title="bbox 49 2056 1092 2096; baseline -0.004 -9"><span class='ocrx_word' id='word_1_580' title='bbox 49 2060 157 2096; x_wconf 79' lang='lat' dir='ltr'>legitur.-</span> <span class='ocrx_word' id='word_1_581' title='bbox 179 2065 208 2085; x_wconf 84' lang='lat' dir='ltr'>vt</span> <span class='ocrx_word' id='word_1_582' title='bbox 220 2056 315 2092; x_wconf 81' lang='lat' dir='ltr'>Amph.</span> <span class='ocrx_word' id='word_1_583' title='bbox 331 2066 351 2090; x_wconf 90' lang='lat'>1,</span> <span class='ocrx_word' id='word_1_584' title='bbox 366 2066 386 2089; x_wconf 90' lang='lat'>1,</span> <span class='ocrx_word' id='word_1_585' title='bbox 401 2062 443 2091; x_wconf 72' lang='lat'>285</span> <span class='ocrx_word' id='word_1_586' title='bbox 463 2058 553 2090; x_wconf 76' lang='lat' dir='ltr'>Qium</span> <span class='ocrx_word' id='word_1_587' title='bbox 567 2057 643 2083; x_wconf 87' lang='lat' dir='ltr'>illum</span> <span class='ocrx_word' id='word_1_588' title='bbox 657 2057 806 2091; x_wconf 83' lang='lat' dir='ltr'>contemplo</span> <span class='ocrx_word' id='word_1_589' title='bbox 817 2077 825 2089; x_wconf 92' lang='lat'>,</span> <span class='ocrx_word' id='word_1_590' title='bbox 839 2061 865 2083; x_wconf 84' lang='lat' dir='ltr'>et</span> <span class='ocrx_word' id='word_1_591' title='bbox 884 2056 999 2083; x_wconf 86' lang='lat' dir='ltr'>formam</span> <span class='ocrx_word' id='word_1_592' title='bbox 1011 2066 1092 2092; x_wconf 73' lang='lat' dir='ltr'>agno-</span> 
     </span>
     <span class='ocr_line' id='line_1_62' title="bbox 51 2092 1092 2128; baseline -0.004 -6"><span class='ocrx_word' id='word_1_593' title='bbox 51 2096 96 2122; x_wconf 85' lang='lat' dir='ltr'>sco</span> <span class='ocrx_word' id='word_1_594' title='bbox 110 2102 205 2121; x_wconf 84' lang='lat' dir='ltr'>meam.</span> <span class='ocrx_word' id='word_1_595' title='bbox 243 2095 304 2121; x_wconf 70' lang='lat' dir='ltr'>Item</span> <span class='ocrx_word' id='word_1_596' title='bbox 318 2093 383 2120; x_wconf 83' lang='lat' dir='ltr'>Pers.</span> <span class='ocrx_word' id='word_1_597' title='bbox 400 2102 429 2127; x_wconf 86' lang='lat'>4,</span> <span class='ocrx_word' id='word_1_598' title='bbox 442 2101 470 2126; x_wconf 82' lang='grc'>4,</span> <span class='ocrx_word' id='word_1_599' title='bbox 485 2100 518 2127; x_wconf 79' lang='lat'>15.</span> <span class='ocrx_word' id='word_1_600' title='bbox 552 2092 627 2128; x_wconf 85' lang='lat' dir='ltr'>Epid.</span> <span class='ocrx_word' id='word_1_601' title='bbox 641 2101 664 2126; x_wconf 80' lang='grc'>3,</span> <span class='ocrx_word' id='word_1_602' title='bbox 677 2101 701 2125; x_wconf 83' lang='grc'>3,</span> <span class='ocrx_word' id='word_1_603' title='bbox 713 2100 738 2120; x_wconf 80' lang='lat'>2.</span> <span class='ocrx_word' id='word_1_604' title='bbox 808 2092 891 2119; x_wconf 83' lang='lat' dir='ltr'>Plaut.</span> <span class='ocrx_word' id='word_1_605' title='bbox 904 2092 973 2120; x_wconf 65' lang='lat' dir='ltr'>Atin.</span> <span class='ocrx_word' id='word_1_606' title='bbox 994 2101 1016 2125; x_wconf 84' lang='grc'>3,</span> <span class='ocrx_word' id='word_1_607' title='bbox 1031 2101 1050 2125; x_wconf 93' lang='grc' dir='ltr'>ι,</span> <span class='ocrx_word' id='word_1_608' title='bbox 1063 2100 1092 2126; x_wconf 74' lang='lat'>35</span> 
     </span>
     <span class='ocr_line' id='line_1_63' title="bbox 51 2128 1093 2166; baseline -0.004 -9"><span class='ocrx_word' id='word_1_609' title='bbox 51 2132 144 2158; x_wconf 84' lang='lat' dir='ltr'>Meum</span> <span class='ocrx_word' id='word_1_610' title='bbox 159 2134 235 2166; x_wconf 80' lang='lat' dir='ltr'>caput</span> <span class='ocrx_word' id='word_1_611' title='bbox 254 2129 428 2166; x_wconf 82' lang='lat' dir='ltr'>contemples,</span> <span class='ocrx_word' id='word_1_612' title='bbox 443 2128 461 2156; x_wconf 83' lang='lat' dir='ltr'>fi</span> <span class='ocrx_word' id='word_1_613' title='bbox 476 2129 583 2165; x_wconf 87' lang='lat' dir='ltr'>quidem</span> <span class='ocrx_word' id='word_1_614' title='bbox 597 2139 612 2156; x_wconf 86' lang='lat' dir='ltr'>e</span> <span class='ocrx_word' id='word_1_615' title='bbox 624 2138 653 2156; x_wconf 84' lang='lat' dir='ltr'>rc</span> <span class='ocrx_word' id='word_1_616' title='bbox 672 2128 800 2154; x_wconf 82' lang='lat' dir='ltr'>consultas</span> <span class='ocrx_word' id='word_1_617' title='bbox 819 2134 871 2154; x_wconf 79' lang='lat' dir='ltr'>tua.</span> <span class='ocrx_word' id='word_1_618' title='bbox 909 2129 1008 2156; x_wconf 70' lang='lat' dir='ltr'>Laudzt</span> <span class='ocrx_word' id='word_1_619' title='bbox 1025 2129 1093 2154; x_wconf 80' lang='lat' dir='ltr'>hum·</span> 
     </span>
     <span class='ocr_line' id='line_1_64' title="bbox 50 2167 344 2201; baseline 0.003 -8"><span class='ocrx_word' id='word_1_620' title='bbox 50 2176 96 2194; x_wconf 81' lang='lat' dir='ltr'>ver</span> <span class='ocrx_word' id='word_1_621' title='bbox 108 2177 146 2193; x_wconf 88' lang='lat' dir='ltr'>um</span> <span class='ocrx_word' id='word_1_622' title='bbox 165 2167 234 2194; x_wconf 86' lang='lat' dir='ltr'>Gell.</span> <span class='ocrx_word' id='word_1_623' title='bbox 255 2172 289 2201; x_wconf 84' lang='lat'>18,</span> <span class='ocrx_word' id='word_1_624' title='bbox 311 2176 344 2195; x_wconf 79' lang='lat'>12.</span> 
     </span>
     <span class='ocr_line' id='line_1_65' title="bbox 51 2199 876 2237; baseline -0.007 -7"><span class='ocrx_word' id='word_1_625' title='bbox 51 2202 179 2237; x_wconf 80' lang='lat' dir='ltr'>templum</span> <span class='ocrx_word' id='word_1_626' title='bbox 191 2203 297 2230; x_wconf 79' lang='lat' dir='ltr'>Cereris</span> <span class='ocrx_word' id='word_1_627' title='bbox 309 2202 341 2229; x_wconf 84' lang='lat' dir='ltr'>ad</span> <span class='ocrx_word' id='word_1_628' title='bbox 354 2202 454 2228; x_wconf 88' lang='lat' dir='ltr'>laeuam</span> <span class='ocrx_word' id='word_1_629' title='bbox 466 2201 576 2235; x_wconf 83' lang='lat' dir='ltr'>adspice.</span> <span class='ocrx_word' id='word_1_630' title='bbox 606 2199 665 2226; x_wconf 81' lang='lat' dir='ltr'>Vid.</span> <span class='ocrx_word' id='word_1_631' title='bbox 680 2205 703 2224; x_wconf 79' lang='lat' dir='ltr'>et</span> <span class='ocrx_word' id='word_1_632' title='bbox 716 2199 789 2225; x_wconf 87' lang='lat' dir='ltr'>Nou.</span> <span class='ocrx_word' id='word_1_633' title='bbox 805 2205 832 2232; x_wconf 89' lang='lat'>7,</span> <span class='ocrx_word' id='word_1_634' title='bbox 846 2206 876 2224; x_wconf 90' lang='lat'>11.</span> 
     </span>
    </p>

    <p class='ocr_par' dir='ltr' id='par_1_23' title="bbox 46 2232 1090 2344">
     <span class='ocr_line' id='line_1_66' title="bbox 77 2232 1089 2275; baseline -0.004 -10"><span class='ocrx_word' id='word_1_635' title='bbox 77 2243 184 2265; x_wconf 60' lang='lat' dir='ltr'>‘cona’</span> <span class='ocrx_word' id='word_1_636' title='bbox 194 2244 211 2264; x_wconf 81' lang='grc' dir='ltr'>Ε</span> <span class='ocrx_word' id='word_1_637' title='bbox 219 2244 268 2264; x_wconf 73' lang='grc' dir='ltr'>ΜΡ</span> <span class='ocrx_word' id='word_1_638' title='bbox 277 2244 294 2263; x_wconf 83' lang='grc'>1.</span> <span class='ocrx_word' id='word_1_639' title='bbox 305 2245 327 2264; x_wconf 81' lang='lat' dir='ltr'>A</span> <span class='ocrx_word' id='word_1_640' title='bbox 337 2244 358 2263; x_wconf 85' lang='lat' dir='ltr'>N</span> <span class='ocrx_word' id='word_1_641' title='bbox 368 2244 389 2267; x_wconf 84' lang='lat' dir='ltr'>s,</span> <span class='ocrx_word' id='word_1_642' title='bbox 402 2237 478 2265; x_wconf 83' lang='lat' dir='ltr'>antis.</span> <span class='ocrx_word' id='word_1_643' title='bbox 497 2238 564 2263; x_wconf 84' lang='lat' dir='ltr'>Part.</span> <span class='ocrx_word' id='word_1_644' title='bbox 582 2235 699 2275; x_wconf 65' lang='grc' dir='ltr'>[θεωρῶν]</span> <span class='ocrx_word' id='word_1_645' title='bbox 720 2234 777 2260; x_wconf 83' lang='lat' dir='ltr'>Cic.</span> <span class='ocrx_word' id='word_1_646' title='bbox 791 2233 822 2260; x_wconf 87' lang='lat' dir='ltr'>de</span> <span class='ocrx_word' id='word_1_647' title='bbox 836 2232 937 2260; x_wconf 61' lang='lat' dir='ltr'>Sene&amp;</span> <span class='ocrx_word' id='word_1_648' title='bbox 950 2241 978 2267; x_wconf 77' lang='grc' dir='ltr'>ςς</span> <span class='ocrx_word' id='word_1_649' title='bbox 1006 2234 1089 2261; x_wconf 82' lang='lat' dir='ltr'>Cuius</span> 
     </span>
     <span class='ocr_line' id='line_1_67' title="bbox 48 2269 1090 2308; baseline -0.003 -9"><span class='ocrx_word' id='word_1_650' title='bbox 48 2272 155 2307; x_wconf 88' lang='lat' dir='ltr'>quidem</span> <span class='ocrx_word' id='word_1_651' title='bbox 169 2281 219 2308; x_wconf 84' lang='lat' dir='ltr'>ego</span> <span class='ocrx_word' id='word_1_652' title='bbox 238 2273 330 2299; x_wconf 88' lang='lat' dir='ltr'>villam</span> <span class='ocrx_word' id='word_1_653' title='bbox 351 2272 529 2307; x_wconf 80' lang='lat' dir='ltr'>contemplans</span> <span class='ocrx_word' id='word_1_654' title='bbox 549 2271 638 2304; x_wconf 76' lang='lat' dir='ltr'>(ahest</span> <span class='ocrx_word' id='word_1_655' title='bbox 653 2279 725 2297; x_wconf 86' lang='lat' dir='ltr'>emm</span> <span class='ocrx_word' id='word_1_656' title='bbox 739 2278 795 2296; x_wconf 91' lang='lat' dir='ltr'>non</span> <span class='ocrx_word' id='word_1_657' title='bbox 807 2269 886 2304; x_wconf 84' lang='lat' dir='ltr'>longe</span> <span class='ocrx_word' id='word_1_658' title='bbox 899 2278 914 2296; x_wconf 83' lang='lat' dir='ltr'>a</span> <span class='ocrx_word' id='word_1_659' title='bbox 928 2272 988 2302; x_wconf 86' lang='lat' dir='ltr'>me)</span> <span class='ocrx_word' id='word_1_660' title='bbox 1006 2270 1090 2297; x_wconf 88' lang='lat' dir='ltr'>admi-</span> 
     </span>
     <span class='ocr_line' id='line_1_68' title="bbox 46 2308 649 2344; baseline -0.007 -8"><span class='ocrx_word' id='word_1_661' title='bbox 46 2308 102 2336; x_wconf 75' lang='lat' dir='ltr'>rari</span> <span class='ocrx_word' id='word_1_662' title='bbox 115 2308 175 2335; x_wconf 88' lang='lat' dir='ltr'>satis</span> <span class='ocrx_word' id='word_1_663' title='bbox 185 2317 241 2335; x_wconf 88' lang='lat' dir='ltr'>non</span> <span class='ocrx_word' id='word_1_664' title='bbox 252 2309 361 2343; x_wconf 77' lang='lat' dir='ltr'>possum.</span> <span class='ocrx_word' id='word_1_665' title='bbox 397 2308 471 2344; x_wconf 83' lang='lat' dir='ltr'>Conf.</span> <span class='ocrx_word' id='word_1_666' title='bbox 485 2309 560 2335; x_wconf 85' lang='lat' dir='ltr'>Curt.</span> <span class='ocrx_word' id='word_1_667' title='bbox 575 2312 599 2339; x_wconf 78' lang='lat'>8,</span> <span class='ocrx_word' id='word_1_668' title='bbox 613 2315 649 2333; x_wconf 88' lang='lat'>10.</span> 
     </span>
    </p>

    <p class='ocr_par' dir='ltr' id='par_1_24' title="bbox 46 2343 1106 2484">
     <span class='ocr_line' id='line_1_69' title="bbox 83 2343 550 2376; baseline -0.006 -4"><span class='ocrx_word' id='word_1_669' title='bbox 83 2349 428 2376; x_wconf 81' lang='lat' dir='ltr'>CONTEMPLAT10,</span> <span class='ocrx_word' id='word_1_670' title='bbox 448 2343 513 2370; x_wconf 74' lang='lat' dir='ltr'>onis.</span> <span class='ocrx_word' id='word_1_671' title='bbox 531 2343 550 2370; x_wconf 91' lang='lat' dir='ltr'>f.</span> 
     </span>
     <span class='ocr_line' id='line_1_70' title="bbox 46 2375 1087 2413; baseline -0.005 -7"><span class='ocrx_word' id='word_1_672' title='bbox 46 2388 107 2407; x_wconf 86' lang='lat' dir='ltr'>rum</span> <span class='ocrx_word' id='word_1_673' title='bbox 121 2379 298 2407; x_wconf 82' lang='lat' dir='ltr'>occultiorum</span> <span class='ocrx_word' id='word_1_674' title='bbox 317 2380 373 2406; x_wconf 90' lang='lat' dir='ltr'>Cic.</span> <span class='ocrx_word' id='word_1_675' title='bbox 387 2379 418 2405; x_wconf 89' lang='lat' dir='ltr'>de</span> <span class='ocrx_word' id='word_1_676' title='bbox 432 2379 489 2406; x_wconf 88' lang='lat' dir='ltr'>Fin.</span> <span class='ocrx_word' id='word_1_677' title='bbox 504 2388 530 2413; x_wconf 80' lang='lat'>4.</span> <span class='ocrx_word' id='word_1_678' title='bbox 602 2379 652 2405; x_wconf 82' lang='lat' dir='ltr'>Res</span> <span class='ocrx_word' id='word_1_679' title='bbox 667 2377 790 2412; x_wconf 86' lang='lat' dir='ltr'>diligenti</span> <span class='ocrx_word' id='word_1_680' title='bbox 810 2378 1033 2412; x_wconf 82' lang='lat' dir='ltr'>contemplatione</span> <span class='ocrx_word' id='word_1_681' title='bbox 1042 2375 1087 2401; x_wconf 71' lang='lat' dir='ltr'>›di-</span> 
     </span>
     <span class='ocr_line' id='line_1_71' title="bbox 46 2410 1106 2450; baseline -0.008 -7"><span class='ocrx_word' id='word_1_682' title='bbox 46 2415 164 2450; x_wconf 77' lang='lat' dir='ltr'>gnissima</span> <span class='ocrx_word' id='word_1_683' title='bbox 176 2415 249 2442; x_wconf 86' lang='lat' dir='ltr'>Idem</span> <span class='ocrx_word' id='word_1_684' title='bbox 264 2415 297 2442; x_wconf 90' lang='lat' dir='ltr'>de</span> <span class='ocrx_word' id='word_1_685' title='bbox 313 2415 410 2442; x_wconf 88' lang='lat' dir='ltr'>Natur.</span> <span class='ocrx_word' id='word_1_686' title='bbox 424 2415 503 2447; x_wconf 68' lang='lat' dir='ltr'>Deor,</span> <span class='ocrx_word' id='word_1_687' title='bbox 519 2424 528 2441; x_wconf 95' lang='lat'>1</span> <span class='ocrx_word' id='word_1_688' title='bbox 543 2424 564 2440; x_wconf 88' lang='lat' dir='ltr'>c.</span> <span class='ocrx_word' id='word_1_689' title='bbox 579 2422 616 2447; x_wconf 88' lang='lat'>19.</span> <span class='ocrx_word' id='word_1_690' title='bbox 687 2414 786 2440; x_wconf 87' lang='lat' dir='ltr'>Rerum</span> <span class='ocrx_word' id='word_1_691' title='bbox 805 2419 914 2439; x_wconf 83' lang='lat' dir='ltr'>naturae</span> <span class='ocrx_word' id='word_1_692' title='bbox 928 2410 1088 2445; x_wconf 75' lang='lat' dir='ltr'>contempla·</span> <span class='ocrx_word' id='word_1_693' title='bbox 1102 2423 1106 2426; x_wconf 91' lang='lat'>·</span> 
     </span>
     <span class='ocr_line' id='line_1_72' title="bbox 356 2446 1086 2484; baseline -0.004 -8"><span class='ocrx_word' id='word_1_694' title='bbox 356 2450 539 2477; x_wconf 81' lang='lat' dir='ltr'>Consideratio</span> <span class='ocrx_word' id='word_1_695' title='bbox 556 2449 797 2484; x_wconf 84' lang='lat' dir='ltr'>contemplatioque</span> <span class='ocrx_word' id='word_1_696' title='bbox 809 2454 921 2474; x_wconf 86' lang='lat' dir='ltr'>naturae</span> <span class='ocrx_word' id='word_1_697' title='bbox 936 2446 992 2472; x_wconf 88' lang='lat' dir='ltr'>Cic.</span> <span class='ocrx_word' id='word_1_698' title='bbox 1007 2447 1086 2473; x_wconf 88' lang='lat' dir='ltr'>Acad.</span> 
     </span>
    </p>
   </div>
   <div class='ocr_carea' id='block_1_16' title="bbox 45 2451 1087 2520">
    <p class='ocr_par' dir='ltr' id='par_1_25' title="bbox 45 2451 1087 2520">
     <span class='ocr_line' id='line_1_73' title="bbox 45 2451 286 2486; baseline -0.004 -8"><span class='ocrx_word' id='word_1_699' title='bbox 45 2452 87 2478; x_wconf 87' lang='lat' dir='ltr'>tio</span> <span class='ocrx_word' id='word_1_700' title='bbox 99 2451 166 2479; x_wconf 86' lang='lat' dir='ltr'>Cels.</span> <span class='ocrx_word' id='word_1_701' title='bbox 182 2459 192 2478; x_wconf 92' lang='lat'>1</span> <span class='ocrx_word' id='word_1_702' title='bbox 205 2451 286 2486; x_wconf 82' lang='lat' dir='ltr'>praef.</span> 
     </span>
     <span class='ocr_line' id='line_1_74' title="bbox 301 2481 1087 2520; baseline -0.004 -8"><span class='ocrx_word' id='word_1_703' title='bbox 301 2485 431 2519; x_wconf 64' lang='lat' dir='ltr'>Qiine’til.</span> <span class='ocrx_word' id='word_1_704' title='bbox 446 2495 470 2517; x_wconf 83' lang='lat'>2,</span> <span class='ocrx_word' id='word_1_705' title='bbox 485 2492 520 2519; x_wconf 84' lang='lat'>18,</span> <span class='ocrx_word' id='word_1_706' title='bbox 533 2495 552 2520; x_wconf 88' lang='lat'>4</span> <span class='ocrx_word' id='word_1_707' title='bbox 569 2486 610 2512; x_wconf 80' lang='lat' dir='ltr'>Est</span> <span class='ocrx_word' id='word_1_708' title='bbox 624 2485 721 2519; x_wconf 73' lang='lat' dir='ltr'>aliquis</span> <span class='ocrx_word' id='word_1_709' title='bbox 735 2485 815 2509; x_wconf 85' lang='lat' dir='ltr'>etiam</span> <span class='ocrx_word' id='word_1_710' title='bbox 830 2491 862 2508; x_wconf 86' lang='lat' dir='ltr'>ex</span> <span class='ocrx_word' id='word_1_711' title='bbox 876 2481 979 2508; x_wconf 78' lang='lat' dir='ltr'>secretis</span> <span class='ocrx_word' id='word_1_712' title='bbox 992 2481 1087 2509; x_wconf 85' lang='lat' dir='ltr'>studiis</span> 
     </span>
    </p>
   </div>
   <div class='ocr_carea' id='block_1_17' title="bbox 45 2494 230 2522">
    <p class='ocr_par' dir='ltr' id='par_1_26' title="bbox 45 2494 230 2522">
     <span class='ocr_line' id='line_1_75' title="bbox 45 2494 230 2522; baseline -0.005 -8"><span class='ocrx_word' id='word_1_713' title='bbox 45 2496 75 2520; x_wconf 82' lang='grc'>4,</span> <span class='ocrx_word' id='word_1_714' title='bbox 91 2494 136 2522; x_wconf 88' lang='lat'>127</span> <span class='ocrx_word' id='word_1_715' title='bbox 156 2497 177 2514; x_wconf 91' lang='lat' dir='ltr'>c.</span> <span class='ocrx_word' id='word_1_716' title='bbox 190 2495 230 2520; x_wconf 84' lang='lat'>41.</span> 
     </span>
    </p>
   </div>
   <div class='ocr_carea' id='block_1_18' title="bbox 44 2517 1128 2556">
    <p class='ocr_par' dir='ltr' id='par_1_27' title="bbox 44 2517 1128 2556">
     <span class='ocr_line' id='line_1_76' title="bbox 44 2517 1128 2556; baseline -0.003 -7"><span class='ocrx_word' id='word_1_717' title='bbox 44 2522 163 2555; x_wconf 59' lang='lat' dir='ltr'>fruetus,</span> <span class='ocrx_word' id='word_1_718' title='bbox 181 2530 210 2549; x_wconf 87' lang='lat' dir='ltr'>ac</span> <span class='ocrx_word' id='word_1_719' title='bbox 221 2527 279 2548; x_wconf 88' lang='lat' dir='ltr'>tum</span> <span class='ocrx_word' id='word_1_720' title='bbox 293 2530 358 2556; x_wconf 84' lang='lat' dir='ltr'>pura</span> <span class='ocrx_word' id='word_1_721' title='bbox 378 2521 500 2556; x_wconf 84' lang='lat' dir='ltr'>voluptas</span> <span class='ocrx_word' id='word_1_722' title='bbox 518 2522 671 2551; x_wconf 83' lang='lat' dir='ltr'>literarum,</span> <span class='ocrx_word' id='word_1_723' title='bbox 685 2528 745 2545; x_wconf 89' lang='lat' dir='ltr'>cum</span> <span class='ocrx_word' id='word_1_724' title='bbox 763 2517 797 2545; x_wconf 87' lang='lat' dir='ltr'>ab</span> <span class='ocrx_word' id='word_1_725' title='bbox 817 2517 891 2550; x_wconf 66' lang='lat' dir='ltr'>actu,</span> <span class='ocrx_word' id='word_1_726' title='bbox 906 2517 932 2544; x_wconf 85' lang='lat' dir='ltr'>id</span> <span class='ocrx_word' id='word_1_727' title='bbox 952 2517 988 2544; x_wconf 85' lang='lat' dir='ltr'>est</span> <span class='ocrx_word' id='word_1_728' title='bbox 1000 2527 1087 2553; x_wconf 81' lang='lat' dir='ltr'>opere</span> <span class='ocrx_word' id='word_1_729' title='bbox 1096 2521 1128 2554; x_wconf 74' lang='lat'>65</span> 
     </span>
    </p>
   </div>
   <div class='ocr_carea' id='block_1_19' title="bbox 44 2553 1088 2701">
    <p class='ocr_par' dir='ltr' id='par_1_28' title="bbox 44 2553 1088 2701">
     <span class='ocr_line' id='line_1_77' title="bbox 44 2553 1087 2591; baseline -0.008 -6"><span class='ocrx_word' id='word_1_730' title='bbox 44 2559 214 2590; x_wconf 80' lang='lat' dir='ltr'>recefferunt,</span> <span class='ocrx_word' id='word_1_731' title='bbox 235 2564 260 2584; x_wconf 84' lang='lat' dir='ltr'>et</span> <span class='ocrx_word' id='word_1_732' title='bbox 274 2557 497 2591; x_wconf 82' lang='lat' dir='ltr'>contemplatione</span> <span class='ocrx_word' id='word_1_733' title='bbox 514 2556 552 2582; x_wconf 90' lang='lat' dir='ltr'>sui</span> <span class='ocrx_word' id='word_1_734' title='bbox 571 2556 704 2582; x_wconf 84' lang='lat' dir='ltr'>fruuntur.</span> <span class='ocrx_word' id='word_1_735' title='bbox 775 2553 842 2581; x_wconf 92' lang='lat' dir='ltr'>Plin.</span> <span class='ocrx_word' id='word_1_736' title='bbox 855 2554 933 2588; x_wconf 87' lang='lat' dir='ltr'>Epist.</span> <span class='ocrx_word' id='word_1_737' title='bbox 948 2562 970 2586; x_wconf 88' lang='lat'>2,</span> <span class='ocrx_word' id='word_1_738' title='bbox 989 2563 999 2581; x_wconf 91' lang='lat'>1</span> <span class='ocrx_word' id='word_1_739' title='bbox 1030 2556 1087 2581; x_wconf 92' lang='lat' dir='ltr'>Vo-</span> 
     </span>
     <span class='ocr_line' id='line_1_78' title="bbox 44 2589 1088 2626; baseline -0.003 -5"><span class='ocrx_word' id='word_1_740' title='bbox 44 2594 84 2621; x_wconf 91' lang='lat' dir='ltr'>lui</span> <span class='ocrx_word' id='word_1_741' title='bbox 97 2593 148 2622; x_wconf 91' lang='lat' dir='ltr'>tibi</span> <span class='ocrx_word' id='word_1_742' title='bbox 169 2593 252 2620; x_wconf 83' lang='lat' dir='ltr'>multa</span> <span class='ocrx_word' id='word_1_743' title='bbox 267 2593 320 2620; x_wconf 86' lang='lat' dir='ltr'>alia</span> <span class='ocrx_word' id='word_1_744' title='bbox 339 2591 471 2625; x_wconf 84' lang='lat' dir='ltr'>scribere,</span> <span class='ocrx_word' id='word_1_745' title='bbox 491 2591 534 2618; x_wconf 89' lang='lat' dir='ltr'>sed</span> <span class='ocrx_word' id='word_1_746' title='bbox 549 2596 618 2618; x_wconf 87' lang='lat' dir='ltr'>totus</span> <span class='ocrx_word' id='word_1_747' title='bbox 633 2591 735 2617; x_wconf 86' lang='lat' dir='ltr'>animus</span> <span class='ocrx_word' id='word_1_748' title='bbox 749 2590 777 2616; x_wconf 88' lang='lat' dir='ltr'>in</span> <span class='ocrx_word' id='word_1_749' title='bbox 797 2589 844 2616; x_wconf 87' lang='lat' dir='ltr'>hac</span> <span class='ocrx_word' id='word_1_750' title='bbox 862 2598 914 2617; x_wconf 87' lang='lat' dir='ltr'>vna</span> <span class='ocrx_word' id='word_1_751' title='bbox 927 2591 1088 2626; x_wconf 83' lang='lat' dir='ltr'>contempla-</span> 
     </span>
     <span class='ocr_line' id='line_1_79' title="bbox 44 2626 1087 2662; baseline -0.006 -4"><span class='ocrx_word' id='word_1_752' title='bbox 44 2630 118 2658; x_wconf 79' lang='lat' dir='ltr'>tione</span> <span class='ocrx_word' id='word_1_753' title='bbox 132 2629 233 2656; x_wconf 81' lang='lat' dir='ltr'>defixus</span> <span class='ocrx_word' id='word_1_754' title='bbox 246 2628 290 2654; x_wconf 88' lang='lat' dir='ltr'>est.</span> <span class='ocrx_word' id='word_1_755' title='bbox 361 2628 464 2655; x_wconf 87' lang='lat' dir='ltr'>Petron.</span> <span class='ocrx_word' id='word_1_756' title='bbox 478 2636 506 2654; x_wconf 83' lang='lat'>12.</span> <span class='ocrx_word' id='word_1_757' title='bbox 536 2627 652 2659; x_wconf 85' lang='lat' dir='ltr'>Ascyltos</span> <span class='ocrx_word' id='word_1_758' title='bbox 669 2626 761 2653; x_wconf 88' lang='lat' dir='ltr'>iniecit</span> <span class='ocrx_word' id='word_1_759' title='bbox 780 2626 1033 2662; x_wconf 82' lang='lat' dir='ltr'>contemplationem</span> <span class='ocrx_word' id='word_1_760' title='bbox 1047 2627 1087 2653; x_wconf 84' lang='lat' dir='ltr'>su-</span> 
     </span>
     <span class='ocr_line' id='line_1_80' title="bbox 47 2659 1088 2701; baseline -0.005 -8"><span class='ocrx_word' id='word_1_761' title='bbox 47 2673 92 2701; x_wconf 78' lang='lat' dir='ltr'>per</span> <span class='ocrx_word' id='word_1_762' title='bbox 103 2665 227 2693; x_wconf 84' lang='lat' dir='ltr'>humeros</span> <span class='ocrx_word' id='word_1_763' title='bbox 239 2662 332 2692; x_wconf 85' lang='lat' dir='ltr'>rustici</span> <span class='ocrx_word' id='word_1_764' title='bbox 345 2664 464 2690; x_wconf 79' lang='lat' dir='ltr'>emtoris.</span> <span class='ocrx_word' id='word_1_765' title='bbox 501 2662 568 2690; x_wconf 64' lang='lat' dir='ltr'>Adai.</span> <span class='ocrx_word' id='word_1_766' title='bbox 582 2664 656 2690; x_wconf 83' lang='lat' dir='ltr'>Curt.</span> <span class='ocrx_word' id='word_1_767' title='bbox 672 2672 710 2695; x_wconf 83' lang='lat'>10,</span> <span class='ocrx_word' id='word_1_768' title='bbox 725 2671 752 2695; x_wconf 91' lang='lat'>9,</span> <span class='ocrx_word' id='word_1_769' title='bbox 766 2670 790 2697; x_wconf 87' lang='lat'>7.</span> <span class='ocrx_word' id='word_1_770' title='bbox 925 2659 948 2699; x_wconf 59' lang='lat' dir='ltr'><strong>ff</strong></span> <span class='ocrx_word' id='word_1_771' title='bbox 969 2671 982 2689; x_wconf 88' lang='lat'><em>2</em></span> <span class='ocrx_word' id='word_1_772' title='bbox 1021 2662 1088 2690; x_wconf 82' lang='lat' dir='ltr'>Idem</span> 
     </span>
    </p>
   </div>
   <div class='ocr_carea' id='block_1_20' title="bbox 45 2697 1133 2740">
    <p class='ocr_par' dir='ltr' id='par_1_29' title="bbox 45 2697 1133 2740">
     <span class='ocr_line' id='line_1_81' title="bbox 45 2697 1133 2740; baseline -0.003 -11"><span class='ocrx_word' id='word_1_773' title='bbox 45 2698 160 2737; x_wconf 56' lang='lat' dir='ltr'>estquod</span> <span class='ocrx_word' id='word_1_774' title='bbox 171 2698 310 2740; x_wconf 61' lang='lat' dir='ltr'>reffieft&#39;us:</span> <span class='ocrx_word' id='word_1_775' title='bbox 347 2701 434 2733; x_wconf 78' lang='lat' dir='ltr'>Qiam</span> <span class='ocrx_word' id='word_1_776' title='bbox 451 2699 577 2726; x_wconf 76' lang='lat' dir='ltr'>scelerum</span> <span class='ocrx_word' id='word_1_777' title='bbox 591 2700 699 2726; x_wconf 88' lang='lat' dir='ltr'>suorum</span> <span class='ocrx_word' id='word_1_778' title='bbox 714 2697 849 2733; x_wconf 84' lang='lat' dir='ltr'>suppliciis</span> <span class='ocrx_word' id='word_1_779' title='bbox 861 2698 1011 2725; x_wconf 86' lang='lat' dir='ltr'>liberorum</span> <span class='ocrx_word' id='word_1_780' title='bbox 1027 2708 1088 2726; x_wconf 89' lang='lat' dir='ltr'>con·</span> <span class='ocrx_word' id='word_1_781' title='bbox 1097 2706 1133 2736; x_wconf 83' lang='lat'>70</span> 
     </span>
    </p>
   </div>
   <div class='ocr_carea' id='block_1_21' title="bbox 43 2733 1100 2884">
    <p class='ocr_par' dir='ltr' id='par_1_30' title="bbox 43 2733 1100 2884">
     <span class='ocr_line' id='line_1_82' title="bbox 44 2733 1086 2773; baseline -0.002 -9"><span class='ocrx_word' id='word_1_782' title='bbox 44 2737 182 2772; x_wconf 73' lang='lat' dir='ltr'>templatio</span> <span class='ocrx_word' id='word_1_783' title='bbox 202 2735 384 2762; x_wconf 79' lang='lat' dir='ltr'>Vindicauerat</span> <span class='ocrx_word' id='word_1_784' title='bbox 402 2735 492 2762; x_wconf 87' lang='lat' dir='ltr'>lustin.</span> <span class='ocrx_word' id='word_1_785' title='bbox 511 2743 539 2770; x_wconf 87' lang='grc'>7,</span> <span class='ocrx_word' id='word_1_786' title='bbox 553 2743 576 2768; x_wconf 81' lang='grc' dir='ltr'>ς,</span> <span class='ocrx_word' id='word_1_787' title='bbox 589 2742 613 2770; x_wconf 91' lang='grc'>7.</span> <span class='ocrx_word' id='word_1_788' title='bbox 683 2735 801 2761; x_wconf 85' lang='lat' dir='ltr'>Iulianus</span> <span class='ocrx_word' id='word_1_789' title='bbox 817 2733 877 2761; x_wconf 87' lang='lat' dir='ltr'>inl.</span> <span class='ocrx_word' id='word_1_790' title='bbox 902 2734 928 2761; x_wconf 88' lang='lat' dir='ltr'>Si</span> <span class='ocrx_word' id='word_1_791' title='bbox 947 2735 1043 2770; x_wconf 78' lang='lat' dir='ltr'>pupilli</span> <span class='ocrx_word' id='word_1_792' title='bbox 1062 2734 1086 2773; x_wconf 58' lang='grc' dir='ltr'>ᾗ.</span> 
     </span>
     <span class='ocr_line' id='line_1_83' title="bbox 45 2770 1088 2808; baseline -0.002 -8"><span class='ocrx_word' id='word_1_793' title='bbox 45 2772 113 2800; x_wconf 78' lang='lat' dir='ltr'>It&#39;cm</span> <span class='ocrx_word' id='word_1_794' title='bbox 124 2772 143 2800; x_wconf 81' lang='lat' dir='ltr'><strong>fi</strong></span> <span class='ocrx_word' id='word_1_795' title='bbox 157 2771 325 2808; x_wconf 80' lang='lat' dir='ltr'>procuratori</span> <span class='ocrx_word' id='word_1_796' title='bbox 343 2771 375 2798; x_wconf 92' lang='lat' dir='ltr'>D.</span> <span class='ocrx_word' id='word_1_797' title='bbox 388 2771 421 2798; x_wconf 90' lang='lat' dir='ltr'>de</span> <span class='ocrx_word' id='word_1_798' title='bbox 434 2771 548 2806; x_wconf 84' lang='lat' dir='ltr'>negotiis</span> <span class='ocrx_word' id='word_1_799' title='bbox 562 2771 644 2806; x_wconf 80' lang='lat' dir='ltr'>gestis.</span> <span class='ocrx_word' id='word_1_800' title='bbox 680 2772 747 2798; x_wconf 88' lang='lat' dir='ltr'>Item</span> <span class='ocrx_word' id='word_1_801' title='bbox 760 2770 777 2796; x_wconf 83' lang='lat' dir='ltr'>fi</span> <span class='ocrx_word' id='word_1_802' title='bbox 790 2772 957 2805; x_wconf 82' lang='lat' dir='ltr'>procuratori</span> <span class='ocrx_word' id='word_1_803' title='bbox 970 2776 1017 2798; x_wconf 91' lang='lat' dir='ltr'>tuo</span> <span class='ocrx_word' id='word_1_804' title='bbox 1029 2781 1088 2798; x_wconf 89' lang='lat' dir='ltr'>mu-</span> 
     </span>
     <span class='ocr_line' id='line_1_84' title="bbox 43 2806 1087 2843; baseline -0.001 -8"><span class='ocrx_word' id='word_1_805' title='bbox 43 2814 118 2835; x_wconf 84' lang='lat' dir='ltr'>tuam</span> <span class='ocrx_word' id='word_1_806' title='bbox 130 2808 267 2843; x_wconf 85' lang='lat' dir='ltr'>pecuniam</span> <span class='ocrx_word' id='word_1_807' title='bbox 285 2806 398 2840; x_wconf 81' lang='lat' dir='ltr'>dedero,</span> <span class='ocrx_word' id='word_1_808' title='bbox 411 2807 452 2834; x_wconf 87' lang='lat' dir='ltr'>tui</span> <span class='ocrx_word' id='word_1_809' title='bbox 472 2807 711 2842; x_wconf 79' lang='lat' dir='ltr'>contemplatione,</span> <span class='ocrx_word' id='word_1_810' title='bbox 726 2813 755 2834; x_wconf 86' lang='lat' dir='ltr'>vt</span> <span class='ocrx_word' id='word_1_811' title='bbox 772 2806 932 2834; x_wconf 81' lang='lat' dir='ltr'>creditorem</span> <span class='ocrx_word' id='word_1_812' title='bbox 953 2812 1028 2834; x_wconf 83' lang='lat' dir='ltr'>tuum</span> <span class='ocrx_word' id='word_1_813' title='bbox 1041 2807 1087 2834; x_wconf 82' lang='lat' dir='ltr'>vel</span> 
     </span>
     <span class='ocr_line' id='line_1_85' title="bbox 45 2842 1100 2884; baseline 0.001 -14"><span class='ocrx_word' id='word_1_814' title='bbox 45 2844 141 2884; x_wconf 71' lang='lat' dir='ltr'>pignus</span> <span class='ocrx_word' id='word_1_815' title='bbox 157 2849 234 2870; x_wconf 86' lang='lat' dir='ltr'>tuum</span> <span class='ocrx_word' id='word_1_816' title='bbox 249 2842 360 2876; x_wconf 83' lang='lat' dir='ltr'>liberet,</span> <span class='ocrx_word' id='word_1_817' title='bbox 372 2849 418 2872; x_wconf 72' lang='lat' dir='ltr'>etc.</span> <span class='ocrx_word' id='word_1_818' title='bbox 491 2843 592 2870; x_wconf 84' lang='lat' dir='ltr'>Gerere</span> <span class='ocrx_word' id='word_1_819' title='bbox 609 2844 716 2878; x_wconf 83' lang='lat' dir='ltr'>negotia</span> <span class='ocrx_word' id='word_1_820' title='bbox 733 2842 845 2869; x_wconf 84' lang='lat' dir='ltr'>alicuius</span> <span class='ocrx_word' id='word_1_821' title='bbox 858 2851 912 2870; x_wconf 89' lang='lat' dir='ltr'>non</span> <span class='ocrx_word' id='word_1_822' title='bbox 926 2844 1100 2878; x_wconf 73' lang='lat' dir='ltr'>contempla-v</span> 
     </span>
    </p>
   </div>
   <div class='ocr_carea' id='block_1_22' title="bbox 44 2877 1127 2916">
    <p class='ocr_par' dir='ltr' id='par_1_31' title="bbox 44 2877 1127 2916">
     <span class='ocr_line' id='line_1_86' title="bbox 44 2877 1127 2916; baseline 0 -10"><span class='ocrx_word' id='word_1_823' title='bbox 44 2885 120 2906; x_wconf 79' lang='lat' dir='ltr'>tione</span> <span class='ocrx_word' id='word_1_824' title='bbox 136 2879 204 2913; x_wconf 82' lang='lat' dir='ltr'>eius,</span> <span class='ocrx_word' id='word_1_825' title='bbox 222 2878 265 2905; x_wconf 86' lang='lat' dir='ltr'>sed</span> <span class='ocrx_word' id='word_1_826' title='bbox 278 2879 318 2905; x_wconf 85' lang='lat' dir='ltr'>fui</span> <span class='ocrx_word' id='word_1_827' title='bbox 329 2878 398 2907; x_wconf 89' lang='lat' dir='ltr'>lucri</span> <span class='ocrx_word' id='word_1_828' title='bbox 412 2880 487 2906; x_wconf 85' lang='lat' dir='ltr'>causa</span> <span class='ocrx_word' id='word_1_829' title='bbox 500 2878 617 2906; x_wconf 89' lang='lat' dir='ltr'>Iulianus</span> <span class='ocrx_word' id='word_1_830' title='bbox 631 2880 658 2905; x_wconf 92' lang='lat' dir='ltr'>in</span> <span class='ocrx_word' id='word_1_831' title='bbox 671 2879 687 2905; x_wconf 92' lang='lat' dir='ltr'>l.</span> <span class='ocrx_word' id='word_1_832' title='bbox 707 2879 733 2905; x_wconf 90' lang='lat' dir='ltr'>Si</span> <span class='ocrx_word' id='word_1_833' title='bbox 745 2879 841 2913; x_wconf 85' lang='lat' dir='ltr'>pupilli</span> <span class='ocrx_word' id='word_1_834' title='bbox 853 2877 876 2916; x_wconf 55' lang='grc' dir='ltr'>ᾗ.</span> <span class='ocrx_word' id='word_1_835' title='bbox 893 2879 941 2905; x_wconf 85' lang='lat' dir='ltr'>Sed</span> <span class='ocrx_word' id='word_1_836' title='bbox 956 2885 982 2906; x_wconf 87' lang='lat' dir='ltr'>et</span> <span class='ocrx_word' id='word_1_837' title='bbox 993 2880 1011 2906; x_wconf 82' lang='lat' dir='ltr'>fi</span> <span class='ocrx_word' id='word_1_838' title='bbox 1026 2879 1086 2915; x_wconf 86' lang='lat' dir='ltr'>quis</span> <span class='ocrx_word' id='word_1_839' title='bbox 1095 2883 1127 2912; x_wconf 76' lang='lat'>75</span> 
     </span>
    </p>
   </div>
   <div class='ocr_carea' id='block_1_23' title="bbox 42 2914 1088 3058">
    <p class='ocr_par' dir='ltr' id='par_1_32' title="bbox 42 2914 1088 3058">
     <span class='ocr_line' id='line_1_87' title="bbox 44 2914 1085 2950; baseline 0.002 -9"><span class='ocrx_word' id='word_1_840' title='bbox 44 2914 78 2942; x_wconf 90' lang='lat' dir='ltr'>D.</span> <span class='ocrx_word' id='word_1_841' title='bbox 89 2914 123 2941; x_wconf 85' lang='lat' dir='ltr'>dc</span> <span class='ocrx_word' id='word_1_842' title='bbox 134 2914 259 2949; x_wconf 75' lang='lat' dir='ltr'>Negotiis</span> <span class='ocrx_word' id='word_1_843' title='bbox 271 2914 355 2949; x_wconf 82' lang='lat' dir='ltr'>gestis.</span> <span class='ocrx_word' id='word_1_844' title='bbox 427 2915 563 2950; x_wconf 88' lang='lat' dir='ltr'>Papinian.</span> <span class='ocrx_word' id='word_1_845' title='bbox 582 2915 611 2942; x_wconf 85' lang='lat' dir='ltr'>in</span> <span class='ocrx_word' id='word_1_846' title='bbox 624 2915 641 2942; x_wconf 91' lang='lat' dir='ltr'>l.</span> <span class='ocrx_word' id='word_1_847' title='bbox 663 2914 817 2943; x_wconf 78' lang='lat' dir='ltr'>Arboribus·</span> <span class='ocrx_word' id='word_1_848' title='bbox 833 2915 865 2941; x_wconf 70' lang='lat' dir='ltr'>DJ</span> <span class='ocrx_word' id='word_1_849' title='bbox 879 2914 911 2941; x_wconf 90' lang='lat' dir='ltr'>de</span> <span class='ocrx_word' id='word_1_850' title='bbox 922 2915 1085 2943; x_wconf 88' lang='lat' dir='ltr'>Contrahen.</span> 
     </span>
     <span class='ocr_line' id='line_1_88' title="bbox 42 2950 1088 2987; baseline 0.002 -10"><span class='ocrx_word' id='word_1_851' title='bbox 42 2956 106 2978; x_wconf 85' lang='lat' dir='ltr'>emt.</span> <span class='ocrx_word' id='word_1_852' title='bbox 126 2955 153 2978; x_wconf 85' lang='lat' dir='ltr'>et</span> <span class='ocrx_word' id='word_1_853' title='bbox 171 2950 272 2977; x_wconf 88' lang='lat' dir='ltr'>vendit.</span> <span class='ocrx_word' id='word_1_854' title='bbox 299 2950 449 2978; x_wconf 62' lang='lat' dir='ltr'>Asboribus</span> <span class='ocrx_word' id='word_1_855' title='bbox 469 2959 577 2986; x_wconf 82' lang='lat' dir='ltr'>quoque</span> <span class='ocrx_word' id='word_1_856' title='bbox 596 2957 676 2978; x_wconf 87' lang='lat' dir='ltr'>vento</span> <span class='ocrx_word' id='word_1_857' title='bbox 689 2950 799 2977; x_wconf 61' lang='lat' dir='ltr'>deiectis</span> <span class='ocrx_word' id='word_1_858' title='bbox 815 2951 857 2977; x_wconf 86' lang='lat' dir='ltr'>vel</span> <span class='ocrx_word' id='word_1_859' title='bbox 876 2951 1002 2978; x_wconf 72' lang='lat' dir='ltr'>absumtis</span> <span class='ocrx_word' id='word_1_860' title='bbox 1015 2952 1088 2987; x_wconf 82' lang='lat' dir='ltr'>igne,</span> 
     </span>
     <span class='ocr_line' id='line_1_89' title="bbox 43 2985 1088 3024; baseline 0.003 -11"><span class='ocrx_word' id='word_1_861' title='bbox 43 2985 146 3014; x_wconf 72' lang='lat' dir='ltr'>dietum</span> <span class='ocrx_word' id='word_1_862' title='bbox 159 2985 205 3018; x_wconf 76' lang='lat' dir='ltr'>est,</span> <span class='ocrx_word' id='word_1_863' title='bbox 216 2987 362 3014; x_wconf 80' lang='lat' dir='ltr'>emtionem</span> <span class='ocrx_word' id='word_1_864' title='bbox 374 2987 452 3014; x_wconf 84' lang='lat' dir='ltr'>fundi</span> <span class='ocrx_word' id='word_1_865' title='bbox 470 2996 523 3014; x_wconf 84' lang='lat' dir='ltr'>non</span> <span class='ocrx_word' id='word_1_866' title='bbox 537 2987 625 3014; x_wconf 89' lang='lat' dir='ltr'>videri</span> <span class='ocrx_word' id='word_1_867' title='bbox 644 2988 692 3015; x_wconf 75' lang='lat' dir='ltr'>else</span> <span class='ocrx_word' id='word_1_868' title='bbox 706 2986 882 3018; x_wconf 64' lang='lat' dir='ltr'>commestam,</span> <span class='ocrx_word' id='word_1_869' title='bbox 896 2986 915 3013; x_wconf 87' lang='lat' dir='ltr'>fi</span> <span class='ocrx_word' id='word_1_870' title='bbox 930 2989 1088 3024; x_wconf 84' lang='lat' dir='ltr'>contempla-</span> 
     </span>
     <span class='ocr_line' id='line_1_90' title="bbox 44 3021 945 3058; baseline 0.002 -10"><span class='ocrx_word' id='word_1_871' title='bbox 44 3021 120 3049; x_wconf 84' lang='lat' dir='ltr'>tione</span> <span class='ocrx_word' id='word_1_872' title='bbox 133 3021 240 3049; x_wconf 82' lang='lat' dir='ltr'>illarum</span> <span class='ocrx_word' id='word_1_873' title='bbox 251 3022 395 3055; x_wconf 85' lang='lat' dir='ltr'>arborum,</span> <span class='ocrx_word' id='word_1_874' title='bbox 408 3022 482 3050; x_wconf 84' lang='lat' dir='ltr'>velut</span> <span class='ocrx_word' id='word_1_875' title='bbox 495 3022 606 3055; x_wconf 84' lang='lat' dir='ltr'>oliucti,</span> <span class='ocrx_word' id='word_1_876' title='bbox 620 3023 717 3050; x_wconf 83' lang='lat' dir='ltr'>fundus</span> <span class='ocrx_word' id='word_1_877' title='bbox 735 3023 945 3058; x_wconf 79' lang='lat' dir='ltr'>comparabatur.</span> 
     </span>
    </p>
   </div>
   <div class='ocr_carea' id='block_1_24' title="bbox 81 3058 1129 3095">
    <p class='ocr_par' dir='ltr' id='par_1_33' title="bbox 81 3058 1129 3095">
     <span class='ocr_line' id='line_1_91' title="bbox 81 3058 1129 3095; baseline 0.002 -10"><span class='ocrx_word' id='word_1_878' title='bbox 81 3063 100 3085; x_wconf 88' lang='lat' dir='ltr'>c</span> <span class='ocrx_word' id='word_1_879' title='bbox 109 3062 130 3084; x_wconf 89' lang='lat' dir='ltr'>o</span> <span class='ocrx_word' id='word_1_880' title='bbox 140 3062 162 3083; x_wconf 78' lang='lat' dir='ltr'>N</span> <span class='ocrx_word' id='word_1_881' title='bbox 172 3063 194 3083; x_wconf 76' lang='lat' dir='ltr'>&#39;r</span> <span class='ocrx_word' id='word_1_882' title='bbox 203 3063 219 3084; x_wconf 82' lang='grc' dir='ltr'><strong>Ε</strong></span> <span class='ocrx_word' id='word_1_883' title='bbox 227 3064 252 3084; x_wconf 79' lang='grc' dir='ltr'><strong>Μ</strong></span> <span class='ocrx_word' id='word_1_884' title='bbox 261 3064 276 3084; x_wconf 84' lang='lat'>1²</span> <span class='ocrx_word' id='word_1_885' title='bbox 285 3064 302 3083; x_wconf 86' lang='lat'>1.</span> <span class='ocrx_word' id='word_1_886' title='bbox 311 3059 334 3084; x_wconf 82' lang='grc' dir='ltr'><strong>Ᾰ</strong></span> <span class='ocrx_word' id='word_1_887' title='bbox 342 3064 364 3084; x_wconf 81' lang='grc' dir='ltr'>Τ</span> <span class='ocrx_word' id='word_1_888' title='bbox 375 3065 394 3085; x_wconf 91' lang='lat' dir='ltr'>o</span> <span class='ocrx_word' id='word_1_889' title='bbox 402 3065 421 3085; x_wconf 79' lang='lat' dir='ltr'>R</span> <span class='ocrx_word' id='word_1_890' title='bbox 437 3078 445 3091; x_wconf 92' lang='lat'><strong>‚</strong></span> <span class='ocrx_word' id='word_1_891' title='bbox 466 3059 528 3086; x_wconf 79' lang='lat' dir='ltr'>oris.</span> <span class='ocrx_word' id='word_1_892' title='bbox 553 3068 589 3086; x_wconf 87' lang='lat' dir='ltr'>m.</span> <span class='ocrx_word' id='word_1_893' title='bbox 625 3058 782 3094; x_wconf 68' lang='grc' dir='ltr'>[θεωρητής]</span> <span class='ocrx_word' id='word_1_894' title='bbox 825 3060 873 3092; x_wconf 78' lang='lat' dir='ltr'>Vt,</span> <span class='ocrx_word' id='word_1_895' title='bbox 887 3060 1088 3095; x_wconf 82' lang='lat' dir='ltr'>Contemplator</span> <span class='ocrx_word' id='word_1_896' title='bbox 1097 3064 1129 3090; x_wconf 84' lang='lat'>80</span> 
     </span>
    </p>
   </div>
   <div class='ocr_carea' id='block_1_25' title="bbox 42 3091 1088 3418">
    <p class='ocr_par' dir='ltr' id='par_1_34' title="bbox 44 3091 1088 3198">
     <span class='ocr_line' id='line_1_92' title="bbox 45 3091 1088 3131; baseline 0.003 -11"><span class='ocrx_word' id='word_1_897' title='bbox 45 3092 153 3120; x_wconf 79' lang='lat' dir='ltr'>caeliae</span> <span class='ocrx_word' id='word_1_898' title='bbox 166 3091 276 3120; x_wconf 83' lang='lat' dir='ltr'>deorum</span> <span class='ocrx_word' id='word_1_899' title='bbox 295 3093 351 3120; x_wconf 87' lang='lat' dir='ltr'>Cic.</span> <span class='ocrx_word' id='word_1_900' title='bbox 365 3094 450 3120; x_wconf 91' lang='lat' dir='ltr'>Tusc.</span> <span class='ocrx_word' id='word_1_901' title='bbox 465 3102 483 3125; x_wconf 89' lang='lat'>1,</span> <span class='ocrx_word' id='word_1_902' title='bbox 496 3097 530 3128; x_wconf 78' lang='lat'>69</span> <span class='ocrx_word' id='word_1_903' title='bbox 551 3105 571 3121; x_wconf 89' lang='lat' dir='ltr'>c.</span> <span class='ocrx_word' id='word_1_904' title='bbox 586 3100 614 3126; x_wconf 82' lang='lat'>28</span> <span class='ocrx_word' id='word_1_905' title='bbox 633 3103 696 3122; x_wconf 80' lang='lat' dir='ltr'>extr.</span> <span class='ocrx_word' id='word_1_906' title='bbox 769 3094 879 3122; x_wconf 79' lang='lat' dir='ltr'>Animus</span> <span class='ocrx_word' id='word_1_907' title='bbox 895 3096 1088 3131; x_wconf 82' lang='lat' dir='ltr'>contemplator</span> 
     </span>
     <span class='ocr_line' id='line_1_93' title="bbox 44 3127 1087 3168; baseline 0.003 -12"><span class='ocrx_word' id='word_1_908' title='bbox 44 3127 190 3158; x_wconf 76' lang='lat' dir='ltr'>admirator</span> <span class='ocrx_word' id='word_1_909' title='bbox 210 3136 242 3154; x_wconf 85' lang='lat' dir='ltr'>ue</span> <span class='ocrx_word' id='word_1_910' title='bbox 258 3129 352 3156; x_wconf 80' lang='lat' dir='ltr'>mundi</span> <span class='ocrx_word' id='word_1_911' title='bbox 370 3129 428 3155; x_wconf 87' lang='lat' dir='ltr'>Scn.</span> <span class='ocrx_word' id='word_1_912' title='bbox 442 3129 477 3156; x_wconf 82' lang='lat' dir='ltr'>ad</span> <span class='ocrx_word' id='word_1_913' title='bbox 486 3129 565 3158; x_wconf 86' lang='lat' dir='ltr'>Helu.</span> <span class='ocrx_word' id='word_1_914' title='bbox 584 3141 607 3159; x_wconf 84' lang='lat' dir='ltr'>e.</span> <span class='ocrx_word' id='word_1_915' title='bbox 623 3137 644 3162; x_wconf 86' lang='lat'>8.</span> <span class='ocrx_word' id='word_1_916' title='bbox 680 3130 755 3167; x_wconf 82' lang='lat' dir='ltr'>Conf.</span> <span class='ocrx_word' id='word_1_917' title='bbox 774 3131 850 3166; x_wconf 84' lang='lat' dir='ltr'>Virg.</span> <span class='ocrx_word' id='word_1_918' title='bbox 873 3131 970 3167; x_wconf 84' lang='lat' dir='ltr'>Georg.</span> <span class='ocrx_word' id='word_1_919' title='bbox 992 3140 1012 3165; x_wconf 88' lang='lat'>1,</span> <span class='ocrx_word' id='word_1_920' title='bbox 1033 3138 1087 3168; x_wconf 85' lang='lat'>187.</span> 
     </span>
     <span class='ocr_line' id='line_1_94' title="bbox 44 3166 538 3198; baseline 0.002 -6"><span class='ocrx_word' id='word_1_921' title='bbox 44 3172 69 3192; x_wconf 80' lang='lat' dir='ltr'>ee</span> <span class='ocrx_word' id='word_1_922' title='bbox 81 3174 108 3198; x_wconf 86' lang='lat'>4,</span> <span class='ocrx_word' id='word_1_923' title='bbox 122 3166 161 3191; x_wconf 92' lang='lat'>61.</span> <span class='ocrx_word' id='word_1_924' title='bbox 219 3170 301 3191; x_wconf 85' lang='lat' dir='ltr'>ucret.</span> <span class='ocrx_word' id='word_1_925' title='bbox 313 3173 339 3197; x_wconf 87' lang='lat'>2,</span> <span class='ocrx_word' id='word_1_926' title='bbox 354 3172 400 3196; x_wconf 83' lang='lat'>113.</span> <span class='ocrx_word' id='word_1_927' title='bbox 414 3171 438 3191; x_wconf 80' lang='lat' dir='ltr'>et</span> <span class='ocrx_word' id='word_1_928' title='bbox 447 3166 475 3198; x_wconf 90' lang='lat'>6,</span> <span class='ocrx_word' id='word_1_929' title='bbox 489 3170 538 3196; x_wconf 80' lang='lat'>188.</span> 
     </span>
    </p>

    <p class='ocr_par' dir='ltr' id='par_1_35' title="bbox 42 3201 1088 3306">
     <span class='ocr_line' id='line_1_95' title="bbox 79 3201 1088 3236; baseline 0.003 -8"><span class='ocrx_word' id='word_1_930' title='bbox 79 3207 98 3230; x_wconf 87' lang='lat' dir='ltr'>c</span> <span class='ocrx_word' id='word_1_931' title='bbox 107 3207 127 3228; x_wconf 92' lang='grc' dir='ltr'>ο</span> <span class='ocrx_word' id='word_1_932' title='bbox 136 3207 158 3227; x_wconf 87' lang='lat' dir='ltr'>N</span> <span class='ocrx_word' id='word_1_933' title='bbox 168 3203 191 3226; x_wconf 81' lang='grc' dir='ltr'>Τ</span> <span class='ocrx_word' id='word_1_934' title='bbox 201 3206 252 3226; x_wconf 79' lang='grc' dir='ltr'>ΕΜ</span> <span class='ocrx_word' id='word_1_935' title='bbox 260 3207 275 3227; x_wconf 81' lang='grc'>1&gt;</span> <span class='ocrx_word' id='word_1_936' title='bbox 283 3206 359 3228; x_wconf 78' lang='lat' dir='ltr'>LAT</span> <span class='ocrx_word' id='word_1_937' title='bbox 367 3206 434 3227; x_wconf 81' lang='lat' dir='ltr'>R1x</span> <span class='ocrx_word' id='word_1_938' title='bbox 442 3219 450 3232; x_wconf 87' lang='lat'>‚</span> <span class='ocrx_word' id='word_1_939' title='bbox 478 3201 535 3229; x_wconf 75' lang='lat' dir='ltr'>icis.</span> <span class='ocrx_word' id='word_1_940' title='bbox 557 3202 578 3228; x_wconf 86' lang='lat' dir='ltr'>f.</span> <span class='ocrx_word' id='word_1_941' title='bbox 615 3203 664 3229; x_wconf 80' lang='lat' dir='ltr'>Ars</span> <span class='ocrx_word' id='word_1_942' title='bbox 688 3201 892 3236; x_wconf 79' lang='lat' dir='ltr'>contemplatrix</span> <span class='ocrx_word' id='word_1_943' title='bbox 912 3203 1025 3231; x_wconf 85' lang='lat' dir='ltr'>alicuius</span> <span class='ocrx_word' id='word_1_944' title='bbox 1047 3204 1088 3231; x_wconf 85' lang='lat' dir='ltr'>rei</span> 
     </span>
     <span class='ocr_line' id='line_1_96' title="bbox 44 3235 284 3271; baseline -0.013 -6"><span class='ocrx_word' id='word_1_945' title='bbox 44 3235 112 3265; x_wconf 79' lang='lat' dir='ltr'>cels.</span> <span class='ocrx_word' id='word_1_946' title='bbox 125 3235 208 3271; x_wconf 81' lang='lat' dir='ltr'>praef.</span> <span class='ocrx_word' id='word_1_947' title='bbox 226 3235 244 3262; x_wconf 94' lang='lat' dir='ltr'>l.</span> <span class='ocrx_word' id='word_1_948' title='bbox 263 3243 284 3262; x_wconf 87' lang='lat'>1.</span> 
     </span>
     <span class='ocr_line' id='line_1_97' title="bbox 42 3271 238 3306; baseline -0.015 -6"><span class='ocrx_word' id='word_1_949' title='bbox 42 3271 106 3301; x_wconf 84' lang='lat' dir='ltr'>Plat.</span> <span class='ocrx_word' id='word_1_950' title='bbox 121 3280 134 3298; x_wconf 79' lang='lat'><em>2</em></span> <span class='ocrx_word' id='word_1_951' title='bbox 154 3280 180 3306; x_wconf 90' lang='lat' dir='ltr'>p.</span> <span class='ocrx_word' id='word_1_952' title='bbox 200 3273 238 3298; x_wconf 85' lang='lat'>16.</span> 
     </span>
    </p>

    <p class='ocr_par' dir='ltr' id='par_1_36' title="bbox 44 3306 1088 3418">
     <span class='ocr_line' id='line_1_98' title="bbox 82 3306 1085 3347; baseline 0.003 -12"><span class='ocrx_word' id='word_1_953' title='bbox 82 3313 100 3335; x_wconf 92' lang='lat' dir='ltr'>c</span> <span class='ocrx_word' id='word_1_954' title='bbox 113 3313 133 3334; x_wconf 92' lang='lat'>0</span> <span class='ocrx_word' id='word_1_955' title='bbox 142 3314 165 3334; x_wconf 81' lang='lat' dir='ltr'>N</span> <span class='ocrx_word' id='word_1_956' title='bbox 173 3313 195 3347; x_wconf 73' lang='lat' dir='ltr'>‘r</span> <span class='ocrx_word' id='word_1_957' title='bbox 204 3313 221 3334; x_wconf 77' lang='grc' dir='ltr'><strong>ε</strong></span> <span class='ocrx_word' id='word_1_958' title='bbox 229 3313 254 3333; x_wconf 72' lang='grc' dir='ltr'><strong>Μ</strong></span> <span class='ocrx_word' id='word_1_959' title='bbox 263 3313 278 3333; x_wconf 77' lang='lat' dir='ltr'>r</span> <span class='ocrx_word' id='word_1_960' title='bbox 287 3313 304 3334; x_wconf 78' lang='lat'>1.</span> <span class='ocrx_word' id='word_1_961' title='bbox 313 3306 361 3334; x_wconf 76' lang='grc' dir='ltr'>ᾸΤ</span> <span class='ocrx_word' id='word_1_962' title='bbox 368 3313 390 3334; x_wconf 86' lang='grc' dir='ltr'><strong><em>ν</em></strong></span> <span class='ocrx_word' id='word_1_963' title='bbox 397 3314 410 3334; x_wconf 84' lang='lat' dir='ltr'>s</span> <span class='ocrx_word' id='word_1_964' title='bbox 419 3326 428 3340; x_wconf 95' lang='lat'>,</span> <span class='ocrx_word' id='word_1_965' title='bbox 446 3306 487 3336; x_wconf 73' lang='lat' dir='ltr'>fis.</span> <span class='ocrx_word' id='word_1_966' title='bbox 506 3317 543 3336; x_wconf 85' lang='lat' dir='ltr'>m.</span> <span class='ocrx_word' id='word_1_967' title='bbox 577 3309 591 3344; x_wconf 91' lang='lat'>[</span> <span class='ocrx_word' id='word_1_968' title='bbox 597 3310 704 3345; x_wconf 67' lang='grc' dir='ltr'>θεωρία]</span> <span class='ocrx_word' id='word_1_969' title='bbox 740 3309 810 3337; x_wconf 74' lang='lat' dir='ltr'>Idem</span> <span class='ocrx_word' id='word_1_970' title='bbox 822 3309 887 3346; x_wconf 84' lang='lat' dir='ltr'>quod</span> <span class='ocrx_word' id='word_1_971' title='bbox 898 3310 1085 3346; x_wconf 75' lang='lat' dir='ltr'>Contemplatio.</span> 
     </span>
     <span class='ocr_line' id='line_1_99' title="bbox 44 3342 1086 3382; baseline 0.003 -11"><span class='ocrx_word' id='word_1_972' title='bbox 44 3343 127 3371; x_wconf 88' lang='lat' dir='ltr'>Ouid.</span> <span class='ocrx_word' id='word_1_973' title='bbox 139 3342 227 3370; x_wconf 78' lang='lat' dir='ltr'>Trist.</span> <span class='ocrx_word' id='word_1_974' title='bbox 242 3350 266 3376; x_wconf 76' lang='grc' dir='ltr'>ς,</span> <span class='ocrx_word' id='word_1_975' title='bbox 277 3350 304 3377; x_wconf 85' lang='grc'>7,</span> <span class='ocrx_word' id='word_1_976' title='bbox 316 3345 352 3369; x_wconf 89' lang='lat'>66</span> <span class='ocrx_word' id='word_1_977' title='bbox 382 3343 424 3370; x_wconf 85' lang='lat' dir='ltr'>Sic</span> <span class='ocrx_word' id='word_1_978' title='bbox 438 3344 556 3372; x_wconf 81' lang='lat' dir='ltr'>animum</span> <span class='ocrx_word' id='word_1_979' title='bbox 574 3354 733 3381; x_wconf 83' lang='lat' dir='ltr'>tempusque</span> <span class='ocrx_word' id='word_1_980' title='bbox 750 3344 844 3378; x_wconf 87' lang='lat' dir='ltr'>traho,</span> <span class='ocrx_word' id='word_1_981' title='bbox 862 3354 958 3382; x_wconf 88' lang='lat' dir='ltr'>meque</span> <span class='ocrx_word' id='word_1_982' title='bbox 977 3347 1032 3382; x_wconf 89' lang='lat' dir='ltr'>ipse</span> <span class='ocrx_word' id='word_1_983' title='bbox 1044 3355 1086 3374; x_wconf 87' lang='lat' dir='ltr'>re-</span> 
     </span>
     <span class='ocr_line' id='line_1_100' title="bbox 45 3378 1088 3418; baseline 0.004 -12"><span class='ocrx_word' id='word_1_984' title='bbox 45 3379 113 3407; x_wconf 84' lang='lat' dir='ltr'>duco</span> <span class='ocrx_word' id='word_1_985' title='bbox 135 3379 156 3406; x_wconf 79' lang='lat' dir='ltr'>A</span> <span class='ocrx_word' id='word_1_986' title='bbox 170 3378 347 3413; x_wconf 87' lang='lat' dir='ltr'>contemplatu</span> <span class='ocrx_word' id='word_1_987' title='bbox 360 3379 539 3415; x_wconf 85' lang='lat' dir='ltr'>semoueoque</span> <span class='ocrx_word' id='word_1_988' title='bbox 550 3382 623 3409; x_wconf 86' lang='lat' dir='ltr'>mali.</span> <span class='ocrx_word' id='word_1_989' title='bbox 695 3381 814 3408; x_wconf 85' lang='lat' dir='ltr'>Macrob.</span> <span class='ocrx_word' id='word_1_990' title='bbox 827 3381 857 3408; x_wconf 91' lang='lat' dir='ltr'>in</span> <span class='ocrx_word' id='word_1_991' title='bbox 863 3382 951 3410; x_wconf 86' lang='lat' dir='ltr'>Somn.</span> <span class='ocrx_word' id='word_1_992' title='bbox 960 3383 1028 3418; x_wconf 87' lang='lat' dir='ltr'>Scip.</span> <span class='ocrx_word' id='word_1_993' title='bbox 1042 3391 1063 3416; x_wconf 88' lang='lat'>1,</span> <span class='ocrx_word' id='word_1_994' title='bbox 1077 3391 1088 3410; x_wconf 86' lang='lat'>1</span> 
     </span>
    </p>
   </div>
   <div class='ocr_carea' id='block_1_26' title="bbox 45 3451 1087 3592">
    <p class='ocr_par' dir='ltr' id='par_1_37' title="bbox 79 3451 927 3488">
     <span class='ocr_line' id='line_1_101' title="bbox 79 3451 927 3488; baseline 0.001 -10"><span class='ocrx_word' id='word_1_995' title='bbox 79 3456 102 3478; x_wconf 83' lang='lat' dir='ltr'><strong>c</strong></span> <span class='ocrx_word' id='word_1_996' title='bbox 113 3455 195 3478; x_wconf 70' lang='lat' dir='ltr'>ONT</span> <span class='ocrx_word' id='word_1_997' title='bbox 204 3457 222 3478; x_wconf 81' lang='lat' dir='ltr'>E</span> <span class='ocrx_word' id='word_1_998' title='bbox 230 3457 255 3477; x_wconf 87' lang='lat' dir='ltr'><strong>M</strong></span> <span class='ocrx_word' id='word_1_999' title='bbox 266 3456 282 3477; x_wconf 70' lang='grc' dir='ltr'>Ρ</span> <span class='ocrx_word' id='word_1_1000' title='bbox 293 3457 308 3477; x_wconf 81' lang='lat' dir='ltr'>L</span> <span class='ocrx_word' id='word_1_1001' title='bbox 319 3457 341 3477; x_wconf 82' lang='grc' dir='ltr'>Α</span> <span class='ocrx_word' id='word_1_1002' title='bbox 349 3455 371 3475; x_wconf 78' lang='grc' dir='ltr'><strong>Τ</strong></span> <span class='ocrx_word' id='word_1_1003' title='bbox 379 3457 388 3475; x_wconf 88' lang='grc'>1</span> <span class='ocrx_word' id='word_1_1004' title='bbox 398 3456 433 3477; x_wconf 89' lang='lat' dir='ltr'>M.</span> <span class='ocrx_word' id='word_1_1005' title='bbox 470 3451 537 3478; x_wconf 90' lang='lat' dir='ltr'>Adu.</span> <span class='ocrx_word' id='word_1_1006' title='bbox 572 3453 603 3480; x_wconf 88' lang='lat' dir='ltr'>In</span> <span class='ocrx_word' id='word_1_1007' title='bbox 616 3453 697 3481; x_wconf 86' lang='lat' dir='ltr'>Notis</span> <span class='ocrx_word' id='word_1_1008' title='bbox 710 3453 826 3479; x_wconf 80' lang='lat' dir='ltr'>Tironis</span> <span class='ocrx_word' id='word_1_1009' title='bbox 839 3462 864 3488; x_wconf 90' lang='lat' dir='ltr'>p.</span> <span class='ocrx_word' id='word_1_1010' title='bbox 878 3461 927 3486; x_wconf 82' lang='grc'><strong>133.</strong></span> 
     </span>
    </p>

    <p class='ocr_par' dir='ltr' id='par_1_38' title="bbox 45 3486 1087 3592">
     <span class='ocr_line' id='line_1_102' title="bbox 82 3486 1087 3524; baseline 0.002 -10"><span class='ocrx_word' id='word_1_1011' title='bbox 82 3491 102 3513; x_wconf 90' lang='lat' dir='ltr'><strong>c</strong></span> <span class='ocrx_word' id='word_1_1012' title='bbox 113 3491 193 3514; x_wconf 71' lang='lat' dir='ltr'>ou‘r</span> <span class='ocrx_word' id='word_1_1013' title='bbox 201 3493 218 3513; x_wconf 80' lang='lat' dir='ltr'>E</span> <span class='ocrx_word' id='word_1_1014' title='bbox 228 3493 252 3513; x_wconf 85' lang='lat' dir='ltr'>M</span> <span class='ocrx_word' id='word_1_1015' title='bbox 261 3493 276 3513; x_wconf 79' lang='lat' dir='ltr'>r</span> <span class='ocrx_word' id='word_1_1016' title='bbox 284 3493 299 3512; x_wconf 83' lang='lat' dir='ltr'>L</span> <span class='ocrx_word' id='word_1_1017' title='bbox 308 3493 330 3513; x_wconf 77' lang='grc' dir='ltr'>Α</span> <span class='ocrx_word' id='word_1_1018' title='bbox 339 3492 362 3512; x_wconf 80' lang='grc' dir='ltr'><strong>Τ</strong></span> <span class='ocrx_word' id='word_1_1019' title='bbox 372 3486 386 3512; x_wconf 81' lang='grc'>1·</span> <span class='ocrx_word' id='word_1_1020' title='bbox 395 3492 415 3511; x_wconf 89' lang='grc' dir='ltr'><strong><em>ν</em></strong></span> <span class='ocrx_word' id='word_1_1021' title='bbox 425 3492 468 3513; x_wconf 87' lang='lat' dir='ltr'>vs</span> <span class='ocrx_word' id='word_1_1022' title='bbox 476 3506 485 3520; x_wconf 94' lang='lat'>,</span> <span class='ocrx_word' id='word_1_1023' title='bbox 499 3495 523 3520; x_wconf 66' lang='lat' dir='ltr'>a,</span> <span class='ocrx_word' id='word_1_1024' title='bbox 535 3496 590 3516; x_wconf 88' lang='lat' dir='ltr'>um.</span> <span class='ocrx_word' id='word_1_1025' title='bbox 617 3489 677 3516; x_wconf 80' lang='lat' dir='ltr'>Adi.</span> <span class='ocrx_word' id='word_1_1026' title='bbox 714 3488 882 3524; x_wconf 57' lang='grc' dir='ltr'>[θεωρητικὴ]</span> <span class='ocrx_word' id='word_1_1027' title='bbox 917 3489 976 3516; x_wconf 85' lang='lat' dir='ltr'>Sen.</span> <span class='ocrx_word' id='word_1_1028' title='bbox 989 3489 1036 3524; x_wconf 83' lang='lat' dir='ltr'>Ep.</span> <span class='ocrx_word' id='word_1_1029' title='bbox 1054 3496 1087 3523; x_wconf 74' lang='lat'>95</span> 
     </span>
     <span class='ocr_line' id='line_1_103' title="bbox 46 3520 1087 3560; baseline 0.004 -12"><span class='ocrx_word' id='word_1_1030' title='bbox 46 3522 97 3549; x_wconf 76' lang='lat' dir='ltr'>Ars</span> <span class='ocrx_word' id='word_1_1031' title='bbox 118 3520 191 3548; x_wconf 80' lang='lat' dir='ltr'>nulla</span> <span class='ocrx_word' id='word_1_1032' title='bbox 212 3521 420 3556; x_wconf 87' lang='lat' dir='ltr'>contemplatiua</span> <span class='ocrx_word' id='word_1_1033' title='bbox 443 3521 497 3549; x_wconf 82' lang='lat' dir='ltr'>fine</span> <span class='ocrx_word' id='word_1_1034' title='bbox 511 3522 624 3552; x_wconf 76' lang='lat' dir='ltr'>decre‘tis</span> <span class='ocrx_word' id='word_1_1035' title='bbox 646 3525 699 3552; x_wconf 88' lang='lat' dir='ltr'>suis</span> <span class='ocrx_word' id='word_1_1036' title='bbox 725 3524 762 3552; x_wconf 87' lang='lat' dir='ltr'>est</span> <span class='ocrx_word' id='word_1_1037' title='bbox 769 3545 780 3558; x_wconf 90' lang='lat'>,</span> <span class='ocrx_word' id='word_1_1038' title='bbox 808 3524 978 3560; x_wconf 81' lang='lat' dir='ltr'>philosophia</span> <span class='ocrx_word' id='word_1_1039' title='bbox 997 3531 1087 3553; x_wconf 82' lang='lat' dir='ltr'>autem</span> 
     </span>
     <span class='ocr_line' id='line_1_104' title="bbox 45 3557 538 3592; baseline 0.002 -8"><span class='ocrx_word' id='word_1_1040' title='bbox 45 3557 250 3592; x_wconf 81' lang='lat' dir='ltr'>contemplatiua</span> <span class='ocrx_word' id='word_1_1041' title='bbox 263 3557 337 3585; x_wconf 89' lang='lat' dir='ltr'>fimul</span> <span class='ocrx_word' id='word_1_1042' title='bbox 352 3557 389 3584; x_wconf 88' lang='lat' dir='ltr'>est</span> <span class='ocrx_word' id='word_1_1043' title='bbox 402 3563 428 3584; x_wconf 85' lang='lat' dir='ltr'>et</span> <span class='ocrx_word' id='word_1_1044' title='bbox 441 3557 538 3586; x_wconf 66' lang='lat' dir='ltr'>aetius.</span> 
     </span>
    </p>
   </div>
   <div class='ocr_carea' id='block_1_27' title="bbox 85 3594 2058 3633">
    <p class='ocr_par' dir='ltr' id='par_1_39' title="bbox 85 3594 2058 3633">
     <span class='ocr_line' id='line_1_105' title="bbox 85 3594 2058 3633; baseline -0.001 -7"><span class='ocrx_word' id='word_1_1045' title='bbox 85 3599 102 3619; x_wconf 81' lang='lat' dir='ltr'>C</span> <span class='ocrx_word' id='word_1_1046' title='bbox 112 3598 132 3619; x_wconf 89' lang='lat'>0</span> <span class='ocrx_word' id='word_1_1047' title='bbox 143 3600 164 3619; x_wconf 81' lang='lat' dir='ltr'>N</span> <span class='ocrx_word' id='word_1_1048' title='bbox 173 3598 272 3621; x_wconf 74' lang='lat' dir='ltr'>TEMP</span> <span class='ocrx_word' id='word_1_1049' title='bbox 280 3601 297 3620; x_wconf 77' lang='lat'>1.</span> <span class='ocrx_word' id='word_1_1050' title='bbox 306 3600 357 3620; x_wconf 79' lang='lat' dir='ltr'>AT</span> <span class='ocrx_word' id='word_1_1051' title='bbox 366 3600 386 3620; x_wconf 92' lang='lat'><em>0</em></span> <span class='ocrx_word' id='word_1_1052' title='bbox 395 3600 415 3620; x_wconf 80' lang='lat' dir='ltr'>R</span> <span class='ocrx_word' id='word_1_1053' title='bbox 425 3599 435 3619; x_wconf 91' lang='lat'>1</span> <span class='ocrx_word' id='word_1_1054' title='bbox 443 3600 464 3620; x_wconf 86' lang='lat' dir='ltr'>V</span> <span class='ocrx_word' id='word_1_1055' title='bbox 473 3601 486 3620; x_wconf 72' lang='grc' dir='ltr'><strong>Β</strong></span> <span class='ocrx_word' id='word_1_1056' title='bbox 494 3614 502 3627; x_wconf 76' lang='lat'><em>2</em></span> <span class='ocrx_word' id='word_1_1057' title='bbox 521 3602 554 3627; x_wconf 67' lang='grc' dir='ltr'>ὃ,</span> <span class='ocrx_word' id='word_1_1058' title='bbox 573 3603 628 3621; x_wconf 73' lang='grc'>11111-</span> <span class='ocrx_word' id='word_1_1059' title='bbox 654 3595 715 3622; x_wconf 70' lang='grc' dir='ltr'>Μὶ·</span> <span class='ocrx_word' id='word_1_1060' title='bbox 743 3594 872 3627; x_wconf 67' lang='lat'>50760‘5‘12235</span> <span class='ocrx_word' id='word_1_1061' title='bbox 893 3595 973 3624; x_wconf 78' lang='lat' dir='ltr'>Gloff·</span> <span class='ocrx_word' id='word_1_1062' title='bbox 992 3596 1088 3629; x_wconf 68' lang='lat' dir='ltr'>Cyn-ill.-</span> <span class='ocrx_word' id='word_1_1063' title='bbox 1097 3604 1130 3631; x_wconf 75' lang='lat'>95</span> <span class='ocrx_word' id='word_1_1064' title='bbox 1148 3600 1210 3626; x_wconf 74' lang='lat' dir='ltr'>tasse</span> <span class='ocrx_word' id='word_1_1065' title='bbox 1219 3620 1228 3633; x_wconf 94' lang='lat'>‚</span> <span class='ocrx_word' id='word_1_1066' title='bbox 1240 3607 1329 3627; x_wconf 84' lang='lat' dir='ltr'>vtrum</span> <span class='ocrx_word' id='word_1_1067' title='bbox 1343 3598 1472 3625; x_wconf 83' lang='lat' dir='ltr'>remiffior</span> <span class='ocrx_word' id='word_1_1068' title='bbox 1491 3598 1566 3624; x_wconf 75' lang='lat' dir='ltr'>essem</span> <span class='ocrx_word' id='word_1_1069' title='bbox 1575 3617 1584 3630; x_wconf 92' lang='lat'>,</span> <span class='ocrx_word' id='word_1_1070' title='bbox 1608 3607 1643 3624; x_wconf 88' lang='lat' dir='ltr'>an</span> <span class='ocrx_word' id='word_1_1071' title='bbox 1665 3598 1767 3626; x_wconf 87' lang='lat' dir='ltr'>summo</span> <span class='ocrx_word' id='word_1_1072' title='bbox 1787 3600 1847 3626; x_wconf 85' lang='lat' dir='ltr'>iure</span> <span class='ocrx_word' id='word_1_1073' title='bbox 1864 3599 2058 3629; x_wconf 75' lang='lat' dir='ltr'>contenderem.</span> 
     </span>
    </p>
   </div>
   <div class='ocr_carea' id='block_1_28' title="bbox 45 3629 1086 3701">
    <p class='ocr_par' dir='ltr' id='par_1_40' title="bbox 45 3629 1086 3701">
     <span class='ocr_line' id='line_1_106' title="bbox 642 3629 1086 3666; baseline 0.007 -10"><span class='ocrx_word' id='word_1_1074' title='bbox 642 3630 708 3656; x_wconf 76' lang='lat' dir='ltr'>Mi.</span> <span class='ocrx_word' id='word_1_1075' title='bbox 749 3629 762 3663; x_wconf 88' lang='lat'>[</span> <span class='ocrx_word' id='word_1_1076' title='bbox 773 3629 903 3665; x_wconf 74' lang='grc' dir='ltr'><strong><em>σόγχρονος</em></strong></span> <span class='ocrx_word' id='word_1_1077' title='bbox 915 3632 928 3666; x_wconf 90' lang='grc'>]</span> <span class='ocrx_word' id='word_1_1078' title='bbox 971 3632 1086 3659; x_wconf 74' lang='lat' dir='ltr'>Eiusdem</span> 
     </span>
     <span class='ocr_line' id='line_1_107' title="bbox 45 3663 1086 3701; baseline 0.005 -11"><span class='ocrx_word' id='word_1_1079' title='bbox 45 3667 172 3700; x_wconf 71' lang='lat' dir='ltr'>temporis.</span> <span class='ocrx_word' id='word_1_1080' title='bbox 207 3663 327 3698; x_wconf 57' lang='lat' dir='ltr'>Geli-&#39;12</span> <span class='ocrx_word' id='word_1_1081' title='bbox 341 3673 372 3698; x_wconf 87' lang='lat'>14</span> <span class='ocrx_word' id='word_1_1082' title='bbox 391 3666 634 3701; x_wconf 77' lang='lat' dir='ltr'>Contemporaneos</span> <span class='ocrx_word' id='word_1_1083' title='bbox 646 3665 722 3692; x_wconf 79' lang='lat' dir='ltr'>fuilse</span> <span class='ocrx_word' id='word_1_1084' title='bbox 734 3665 840 3692; x_wconf 84' lang='lat' dir='ltr'>Caesari</span> <span class='ocrx_word' id='word_1_1085' title='bbox 851 3670 877 3692; x_wconf 87' lang='lat' dir='ltr'>et</span> <span class='ocrx_word' id='word_1_1086' title='bbox 889 3667 1033 3701; x_wconf 84' lang='lat' dir='ltr'>Ciceroni,</span> <span class='ocrx_word' id='word_1_1087' title='bbox 1047 3668 1086 3695; x_wconf 89' lang='lat' dir='ltr'>M.</span> 
     </span>
    </p>
   </div>
   <div class='ocr_carea' id='block_1_29' title="bbox 44 3699 1088 3770">
    <p class='ocr_par' dir='ltr' id='par_1_41' title="bbox 44 3699 1088 3770">
     <span class='ocr_line' id='line_1_108' title="bbox 44 3699 436 3736; baseline 0.005 -10"><span class='ocrx_word' id='word_1_1088' title='bbox 44 3700 193 3728; x_wconf 85' lang='lat' dir='ltr'>Varronem</span> <span class='ocrx_word' id='word_1_1089' title='bbox 205 3705 232 3726; x_wconf 84' lang='lat' dir='ltr'>et</span> <span class='ocrx_word' id='word_1_1090' title='bbox 244 3699 270 3726; x_wconf 81' lang='lat'>1³.</span> <span class='ocrx_word' id='word_1_1091' title='bbox 283 3699 436 3736; x_wconf 84' lang='lat' dir='ltr'>Nigidium.</span> 
     </span>
     <span class='ocr_line' id='line_1_109' title="bbox 81 3733 1088 3770; baseline 0.002 -7"><span class='ocrx_word' id='word_1_1092' title='bbox 81 3740 129 3763; x_wconf 90' lang='lat' dir='ltr'>co</span> <span class='ocrx_word' id='word_1_1093' title='bbox 139 3741 248 3762; x_wconf 73' lang='lat' dir='ltr'>N‘rt-:M</span> <span class='ocrx_word' id='word_1_1094' title='bbox 258 3735 442 3770; x_wconf 66' lang='grc' dir='ltr'><strong>ῑόκιῑιιε,</strong></span> <span class='ocrx_word' id='word_1_1095' title='bbox 465 3746 487 3764; x_wconf 82' lang='lat' dir='ltr'>e.</span> <span class='ocrx_word' id='word_1_1096' title='bbox 531 3736 592 3764; x_wconf 77' lang='lat' dir='ltr'>Adi.</span> <span class='ocrx_word' id='word_1_1097' title='bbox 627 3735 704 3765; x_wconf 76' lang='lat' dir='ltr'>Idem.</span> <span class='ocrx_word' id='word_1_1098' title='bbox 739 3733 859 3763; x_wconf 79' lang='lat' dir='ltr'>Ternill.</span> <span class='ocrx_word' id='word_1_1099' title='bbox 879 3736 939 3764; x_wconf 77' lang='lat' dir='ltr'>adu.</span> <span class='ocrx_word' id='word_1_1100' title='bbox 958 3738 1053 3765; x_wconf 79' lang='lat' dir='ltr'>Herm.</span> <span class='ocrx_word' id='word_1_1101' title='bbox 1069 3738 1088 3765; x_wconf 79' lang='lat'><em>6</em></span> 
     </span>
    </p>
   </div>
   <div class='ocr_carea' id='block_1_30' title="bbox 84 3632 605 3662">
    <p class='ocr_par' dir='ltr' id='par_1_42' title="bbox 84 3632 605 3662">
     <span class='ocr_line' id='line_1_110' title="bbox 84 3632 605 3662; baseline 0.002 -7"><span class='ocrx_word' id='word_1_1102' title='bbox 84 3632 482 3661; x_wconf 77' lang='lat' dir='ltr'>CONTEMPORANEVS,</span> <span class='ocrx_word' id='word_1_1103' title='bbox 501 3638 532 3662; x_wconf 75' lang='lat' dir='ltr'>a,</span> <span class='ocrx_word' id='word_1_1104' title='bbox 551 3638 605 3656; x_wconf 84' lang='lat' dir='ltr'>um.</span> 
     </span>
    </p>
   </div>
   <div class='ocr_carea' id='block_1_31' title="bbox 46 3804 1086 3879">
    <p class='ocr_par' dir='ltr' id='par_1_43' title="bbox 46 3804 1086 3879">
     <span class='ocr_line' id='line_1_111' title="bbox 80 3804 1086 3845; baseline 0.002 -12"><span class='ocrx_word' id='word_1_1105' title='bbox 80 3813 98 3833; x_wconf 93' lang='lat' dir='ltr'>c</span> <span class='ocrx_word' id='word_1_1106' title='bbox 107 3812 127 3833; x_wconf 92' lang='lat' dir='ltr'>o</span> <span class='ocrx_word' id='word_1_1107' title='bbox 140 3811 161 3831; x_wconf 68' lang='grc' dir='ltr'>Ν</span> <span class='ocrx_word' id='word_1_1108' title='bbox 170 3813 192 3833; x_wconf 76' lang='grc'>’1-</span> <span class='ocrx_word' id='word_1_1109' title='bbox 200 3812 218 3832; x_wconf 79' lang='grc' dir='ltr'><strong>Ε</strong></span> <span class='ocrx_word' id='word_1_1110' title='bbox 225 3812 274 3833; x_wconf 78' lang='lat' dir='ltr'>MP</span> <span class='ocrx_word' id='word_1_1111' title='bbox 283 3804 304 3833; x_wconf 87' lang='grc' dir='ltr'>ὅ</span> <span class='ocrx_word' id='word_1_1112' title='bbox 312 3813 332 3833; x_wconf 72' lang='lat' dir='ltr'>a</span> <span class='ocrx_word' id='word_1_1113' title='bbox 341 3811 379 3840; x_wconf 93' lang='lat' dir='ltr'>o,</span> <span class='ocrx_word' id='word_1_1114' title='bbox 396 3811 449 3836; x_wconf 72' lang='lat' dir='ltr'>are.</span> <span class='ocrx_word' id='word_1_1115' title='bbox 471 3809 558 3836; x_wconf 73' lang='lat' dir='ltr'>Eodem</span> <span class='ocrx_word' id='word_1_1116' title='bbox 570 3813 676 3843; x_wconf 74' lang='lat' dir='ltr'>tempora</span> <span class='ocrx_word' id='word_1_1117' title='bbox 689 3805 743 3840; x_wconf 79' lang='lat' dir='ltr'>effi,</span> <span class='ocrx_word' id='word_1_1118' title='bbox 755 3807 880 3845; x_wconf 31' lang='lat' dir='ltr'>vellagm</span> <span class='ocrx_word' id='word_1_1119' title='bbox 885 3807 996 3845; x_wconf 67' lang='lat' dir='ltr'>aliquid.</span> <span class='ocrx_word' id='word_1_1120' title='bbox 1013 3808 1086 3835; x_wconf 77' lang='lat' dir='ltr'>Ter-</span> 
     </span>
     <span class='ocr_line' id='line_1_112' title="bbox 46 3840 1038 3879; baseline -0.001 -8"><span class='ocrx_word' id='word_1_1121' title='bbox 46 3841 104 3868; x_wconf 78' lang='lat' dir='ltr'>tun.</span> <span class='ocrx_word' id='word_1_1122' title='bbox 120 3840 153 3868; x_wconf 80' lang='lat' dir='ltr'>de</span> <span class='ocrx_word' id='word_1_1123' title='bbox 169 3841 261 3868; x_wconf 82' lang='lat' dir='ltr'>Resur.</span> <span class='ocrx_word' id='word_1_1124' title='bbox 275 3842 353 3869; x_wconf 82' lang='lat' dir='ltr'>Carn·</span> <span class='ocrx_word' id='word_1_1125' title='bbox 367 3851 390 3869; x_wconf 84' lang='lat' dir='ltr'>c.</span> <span class='ocrx_word' id='word_1_1126' title='bbox 401 3851 435 3878; x_wconf 77' lang='lat'>43</span> <span class='ocrx_word' id='word_1_1127' title='bbox 455 3845 664 3879; x_wconf 83' lang='lat' dir='ltr'>contemporant</span> <span class='ocrx_word' id='word_1_1128' title='bbox 677 3843 751 3870; x_wconf 82' lang='lat' dir='ltr'>foetu</span> <span class='ocrx_word' id='word_1_1129' title='bbox 760 3861 769 3875; x_wconf 90' lang='lat'>‚</span> <span class='ocrx_word' id='word_1_1130' title='bbox 784 3848 953 3870; x_wconf 79' lang='lat' dir='ltr'>coaetaneant</span> <span class='ocrx_word' id='word_1_1131' title='bbox 966 3849 1038 3870; x_wconf 79' lang='lat' dir='ltr'>natu.</span> 
     </span>
    </p>
   </div>
   <div class='ocr_carea' id='block_1_32' title="bbox 85 3876 1103 3914">
    <p class='ocr_par' dir='ltr' id='par_1_44' title="bbox 85 3876 1103 3914">
     <span class='ocr_line' id='line_1_113' title="bbox 85 3876 1103 3914; baseline 0.002 -11"><span class='ocrx_word' id='word_1_1132' title='bbox 85 3882 102 3903; x_wconf 87' lang='lat' dir='ltr'>c</span> <span class='ocrx_word' id='word_1_1133' title='bbox 113 3883 305 3912; x_wconf 61' lang='lat' dir='ltr'>oN&#39;rEJcDo</span> <span class='ocrx_word' id='word_1_1134' title='bbox 319 3897 328 3911; x_wconf 93' lang='lat'>,</span> <span class='ocrx_word' id='word_1_1135' title='bbox 348 3877 392 3910; x_wconf 58' lang='lat' dir='ltr'>di»,</span> <span class='ocrx_word' id='word_1_1136' title='bbox 411 3879 468 3906; x_wconf 88' lang='lat' dir='ltr'>sum</span> <span class='ocrx_word' id='word_1_1137' title='bbox 487 3888 512 3907; x_wconf 78' lang='lat' dir='ltr'>et</span> <span class='ocrx_word' id='word_1_1138' title='bbox 530 3886 601 3910; x_wconf 83' lang='lat' dir='ltr'>tum,</span> <span class='ocrx_word' id='word_1_1139' title='bbox 622 3882 675 3906; x_wconf 70' lang='lat' dir='ltr'>ere.</span> <span class='ocrx_word' id='word_1_1140' title='bbox 711 3879 722 3910; x_wconf 91' lang='lat'><strong>[</strong></span> <span class='ocrx_word' id='word_1_1141' title='bbox 735 3877 898 3911; x_wconf 67' lang='grc' dir='ltr'><strong>συντείνομαι,</strong></span> <span class='ocrx_word' id='word_1_1142' title='bbox 912 3876 1084 3914; x_wconf 50' lang='lat' dir='ltr'>marituma]</span> <span class='ocrx_word' id='word_1_1143' title='bbox 1100 3896 1103 3900; x_wconf 43' lang='grc' dir='ltr'>ι</span> 
     </span>
    </p>
   </div>
   <div class='ocr_carea' id='block_1_33' title="bbox 47 3912 1084 3950">
    <p class='ocr_par' dir='ltr' id='par_1_45' title="bbox 47 3912 1084 3950">
     <span class='ocr_line' id='line_1_114' title="bbox 47 3912 1084 3950; baseline 0.004 -12"><span class='ocrx_word' id='word_1_1144' title='bbox 47 3912 123 3939; x_wconf 71' lang='lat' dir='ltr'>Totis</span> <span class='ocrx_word' id='word_1_1145' title='bbox 141 3912 239 3940; x_wconf 74' lang='lat' dir='ltr'>viribur</span> <span class='ocrx_word' id='word_1_1146' title='bbox 254 3913 353 3941; x_wconf 64' lang='lat' dir='ltr'>tendere</span> <span class='ocrx_word' id='word_1_1147' title='bbox 374 3915 414 3940; x_wconf 81' lang='lat' dir='ltr'>uel</span> <span class='ocrx_word' id='word_1_1148' title='bbox 429 3916 571 3943; x_wconf 72' lang='lat' dir='ltr'>intendere:</span> <span class='ocrx_word' id='word_1_1149' title='bbox 599 3924 687 3942; x_wconf 65' lang='lat' dir='ltr'>’neruos</span> <span class='ocrx_word' id='word_1_1150' title='bbox 700 3914 763 3950; x_wconf 74' lang='lat' dir='ltr'>ficos</span> <span class='ocrx_word' id='word_1_1151' title='bbox 779 3923 860 3940; x_wconf 75' lang='lat' dir='ltr'>omnes</span> <span class='ocrx_word' id='word_1_1152' title='bbox 874 3913 988 3942; x_wconf 76' lang='lat' dir='ltr'>tendere:</span> <span class='ocrx_word' id='word_1_1153' title='bbox 1013 3917 1084 3942; x_wconf 74' lang='lat' dir='ltr'>vires</span> 
     </span>
    </p>
   </div>
   <div class='ocr_carea' id='block_1_34' title="bbox 43 3947 266 3979">
    <p class='ocr_par' dir='ltr' id='par_1_46' title="bbox 43 3947 266 3979">
     <span class='ocr_line' id='line_1_115' title="bbox 43 3947 266 3979; baseline 0.009 -5"><span class='ocrx_word' id='word_1_1154' title='bbox 43 3957 123 3976; x_wconf 72' lang='lat' dir='ltr'>omnes</span> <span class='ocrx_word' id='word_1_1155' title='bbox 140 3947 266 3979; x_wconf 69' lang='lat' dir='ltr'>adbibere.</span> 
     </span>
    </p>
   </div>
   <div class='ocr_carea' id='block_1_35' title="bbox 1078 4012 1090 4020">
    <p class='ocr_par' dir='ltr' id='par_1_47' title="bbox 1078 4012 1090 4020">
     <span class='ocr_line' id='line_1_116' title="bbox 1078 4012 1090 4020; baseline 0 0"><span class='ocrx_word' id='word_1_1156' title='bbox 1078 4012 1090 4020; x_wconf 54' lang='grc' dir='ltr'>ε</span> 
     </span>
    </p>
   </div>
   <div class='ocr_carea' id='block_1_36' title="bbox 1128 558 1582 593">
    <p class='ocr_par' dir='ltr' id='par_1_48' title="bbox 1128 558 1582 593">
     <span class='ocr_line' id='line_1_117' title="bbox 1128 558 1582 593; baseline 0.002 -7"><span class='ocrx_word' id='word_1_1157' title='bbox 1128 568 1158 586; x_wconf 88' lang='lat'>10</span> <span class='ocrx_word' id='word_1_1158' title='bbox 1168 558 1276 585; x_wconf 80' lang='lat' dir='ltr'>(licitiae</span> <span class='ocrx_word' id='word_1_1159' title='bbox 1291 559 1395 593; x_wconf 67' lang='lat' dir='ltr'>sororis,</span> <span class='ocrx_word' id='word_1_1160' title='bbox 1410 562 1582 588; x_wconf 83' lang='lat' dir='ltr'>succurreret.</span> 
     </span>
    </p>
   </div>
   <div class='ocr_carea' id='block_1_37' title="bbox 1112 922 1147 941">
    <p class='ocr_par' dir='ltr' id='par_1_49' title="bbox 1112 922 1147 941">
     <span class='ocr_line' id='line_1_118' title="bbox 1112 922 1147 941; baseline -0.029 0"><span class='ocrx_word' id='word_1_1161' title='bbox 1112 922 1147 941; x_wconf 86' lang='lat'>20</span> 
     </span>
    </p>
   </div>
   <div class='ocr_carea' id='block_1_38' title="bbox 1043 1094 1138 1122">
    <p class='ocr_par' dir='ltr' id='par_1_50' title="bbox 1043 1094 1138 1122">
     <span class='ocr_line' id='line_1_119' title="bbox 1043 1094 1138 1122; baseline -0.011 -3"><span class='ocrx_word' id='word_1_1162' title='bbox 1043 1094 1100 1119; x_wconf 84' lang='lat' dir='ltr'>Ma-</span> <span class='ocrx_word' id='word_1_1163' title='bbox 1110 1095 1138 1122; x_wconf 78' lang='lat'>23</span> 
     </span>
    </p>
   </div>
   <div class='ocr_carea' id='block_1_39' title="bbox 1013 1628 1144 1663">
    <p class='ocr_par' dir='ltr' id='par_1_51' title="bbox 1013 1628 1144 1663">
     <span class='ocr_line' id='line_1_120' title="bbox 1013 1628 1144 1663; baseline 0.008 -11"><span class='ocrx_word' id='word_1_1164' title='bbox 1013 1628 1097 1654; x_wconf 85' lang='lat' dir='ltr'>Omni</span> <span class='ocrx_word' id='word_1_1165' title='bbox 1107 1639 1144 1663; x_wconf 86' lang='lat'>40</span> 
     </span>
    </p>
   </div>
   <div class='ocr_carea' id='block_1_40' title="bbox 1036 1805 1137 1841">
    <p class='ocr_par' dir='ltr' id='par_1_52' title="bbox 1036 1805 1137 1841">
     <span class='ocr_line' id='line_1_121' title="bbox 1036 1805 1137 1841; baseline -0.02 -8"><span class='ocrx_word' id='word_1_1166' title='bbox 1036 1805 1095 1833; x_wconf 83' lang='lat' dir='ltr'>Nu-</span> <span class='ocrx_word' id='word_1_1167' title='bbox 1103 1814 1137 1841; x_wconf 79' lang='lat'>45¹</span> 
     </span>
    </p>
   </div>
   <div class='ocr_carea' id='block_1_41' title="bbox 1103 1996 1135 2022">
    <p class='ocr_par' dir='ltr' id='par_1_53' title="bbox 1103 1996 1135 2022">
     <span class='ocr_line' id='line_1_122' title="bbox 1103 1996 1135 2022; baseline 0 -7"><span class='ocrx_word' id='word_1_1168' title='bbox 1103 1996 1135 2022; x_wconf 77' lang='grc'>50</span> 
     </span>
    </p>
   </div>
   <div class='ocr_carea' id='block_1_42' title="bbox 414 2163 1127 2201">
    <p class='ocr_par' dir='ltr' id='par_1_54' title="bbox 414 2163 1127 2201">
     <span class='ocr_line' id='line_1_123' title="bbox 414 2163 1127 2201; baseline -0.006 -8"><span class='ocrx_word' id='word_1_1169' title='bbox 414 2165 511 2193; x_wconf 88' lang='lat' dir='ltr'>Ennius</span> <span class='ocrx_word' id='word_1_1170' title='bbox 529 2166 596 2201; x_wconf 79' lang='lat' dir='ltr'>apud</span> <span class='ocrx_word' id='word_1_1171' title='bbox 614 2166 690 2190; x_wconf 89' lang='lat' dir='ltr'>Varr.</span> <span class='ocrx_word' id='word_1_1172' title='bbox 704 2164 733 2190; x_wconf 92' lang='lat' dir='ltr'>L.</span> <span class='ocrx_word' id='word_1_1173' title='bbox 747 2164 777 2189; x_wconf 88' lang='lat' dir='ltr'>L.</span> <span class='ocrx_word' id='word_1_1174' title='bbox 797 2165 821 2193; x_wconf 88' lang='lat'>6,</span> <span class='ocrx_word' id='word_1_1175' title='bbox 843 2171 859 2188; x_wconf 80' lang='lat'>2</span> <span class='ocrx_word' id='word_1_1176' title='bbox 894 2163 1050 2196; x_wconf 85' lang='lat' dir='ltr'>Contempla</span> <span class='ocrx_word' id='word_1_1177' title='bbox 1064 2168 1091 2189; x_wconf 85' lang='lat' dir='ltr'>et</span> <span class='ocrx_word' id='word_1_1178' title='bbox 1099 2174 1127 2201; x_wconf 76' lang='lat'>53</span> 
     </span>
    </p>
   </div>
   <div class='ocr_carea' id='block_1_43' title="bbox 588 2341 1135 2378">
    <p class='ocr_par' dir='ltr' id='par_1_55' title="bbox 588 2341 1135 2378">
     <span class='ocr_line' id='line_1_124' title="bbox 588 2341 1135 2378; baseline 0 -10"><span class='ocrx_word' id='word_1_1179' title='bbox 588 2341 737 2378; x_wconf 64' lang='grc' dir='ltr'>[θεώρησις]</span> <span class='ocrx_word' id='word_1_1180' title='bbox 779 2342 822 2374; x_wconf 82' lang='lat' dir='ltr'>Vt,</span> <span class='ocrx_word' id='word_1_1181' title='bbox 838 2341 1035 2376; x_wconf 79' lang='lat' dir='ltr'>Contemplatio</span> <span class='ocrx_word' id='word_1_1182' title='bbox 1048 2351 1089 2368; x_wconf 87' lang='lat' dir='ltr'>re·</span> <span class='ocrx_word' id='word_1_1183' title='bbox 1098 2343 1135 2367; x_wconf 89' lang='lat'>60</span> 
     </span>
    </p>
   </div>
   <div class='ocr_carea' id='block_1_44' title="bbox 355 3235 1126 3276">
    <p class='ocr_par' dir='ltr' id='par_1_56' title="bbox 355 3235 1126 3276">
     <span class='ocr_line' id='line_1_125' title="bbox 355 3235 1126 3276; baseline 0.009 -14"><span class='ocrx_word' id='word_1_1184' title='bbox 355 3235 500 3272; x_wconf 81' lang='lat' dir='ltr'>Disciplina</span> <span class='ocrx_word' id='word_1_1185' title='bbox 518 3238 723 3273; x_wconf 82' lang='lat' dir='ltr'>contemplatrix</span> <span class='ocrx_word' id='word_1_1186' title='bbox 743 3238 878 3266; x_wconf 85' lang='lat' dir='ltr'>bonorum</span> <span class='ocrx_word' id='word_1_1187' title='bbox 896 3240 974 3274; x_wconf 84' lang='lat' dir='ltr'>Apul.</span> <span class='ocrx_word' id='word_1_1188' title='bbox 989 3240 1085 3276; x_wconf 86' lang='lat' dir='ltr'>Dogm.</span> <span class='ocrx_word' id='word_1_1189' title='bbox 1097 3242 1126 3270; x_wconf 77' lang='lat'>85</span> 
     </span>
    </p>
   </div>
   <div class='ocr_carea' id='block_1_45' title="bbox 1096 3425 1133 3452">
    <p class='ocr_par' dir='ltr' id='par_1_57' title="bbox 1096 3425 1133 3452">
     <span class='ocr_line' id='line_1_126' title="bbox 1096 3425 1133 3452; baseline 0 -8"><span class='ocrx_word' id='word_1_1190' title='bbox 1096 3425 1133 3452; x_wconf 81' lang='lat'>90</span> 
     </span>
    </p>
   </div>
   <div class='ocr_carea' id='block_1_46' title="bbox 1095 3776 1626 3813">
    <p class='ocr_par' dir='ltr' id='par_1_58' title="bbox 1095 3776 1626 3813">
     <span class='ocr_line' id='line_1_127' title="bbox 1095 3776 1626 3813; baseline 0.002 -10"><span class='ocrx_word' id='word_1_1191' title='bbox 1095 3784 1144 3803; x_wconf 86' lang='lat'>100</span> <span class='ocrx_word' id='word_1_1192' title='bbox 1151 3778 1215 3805; x_wconf 80' lang='lat' dir='ltr'>Met.</span> <span class='ocrx_word' id='word_1_1193' title='bbox 1231 3787 1270 3810; x_wconf 88' lang='lat'>10,</span> <span class='ocrx_word' id='word_1_1194' title='bbox 1283 3782 1342 3811; x_wconf 78' lang='lat'>570.</span> <span class='ocrx_word' id='word_1_1195' title='bbox 1361 3776 1387 3802; x_wconf 83' lang='lat' dir='ltr'>h.</span> <span class='ocrx_word' id='word_1_1196' title='bbox 1400 3785 1420 3802; x_wconf 80' lang='lat' dir='ltr'>e.</span> <span class='ocrx_word' id='word_1_1197' title='bbox 1431 3777 1508 3813; x_wconf 78' lang='lat' dir='ltr'>Cursu</span> <span class='ocrx_word' id='word_1_1198' title='bbox 1521 3784 1626 3804; x_wconf 70' lang='lat' dir='ltr'>certare.</span> 
     </span>
    </p>
   </div>
   <div class='ocr_carea' id='block_1_47' title="bbox 305 3949 1884 3989">
    <p class='ocr_par' dir='ltr' id='par_1_59' title="bbox 305 3949 1884 3989">
     <span class='ocr_line' id='line_1_128' title="bbox 305 3949 1884 3989; baseline 0 -12"><span class='ocrx_word' id='word_1_1199' title='bbox 305 3949 474 3985; x_wconf 73' lang='lat' dir='ltr'>Contendere</span> <span class='ocrx_word' id='word_1_1200' title='bbox 492 3952 621 3988; x_wconf 80' lang='lat' dir='ltr'>poplitem</span> <span class='ocrx_word' id='word_1_1201' title='bbox 630 3971 638 3985; x_wconf 84' lang='lat'><strong>.</strong></span> <span class='ocrx_word' id='word_1_1202' title='bbox 660 3954 680 3979; x_wconf 76' lang='grc' dir='ltr'>ι’.</span> <span class='ocrx_word' id='word_1_1203' title='bbox 705 3949 852 3983; x_wconf 67' lang='lat' dir='ltr'>intendere,</span> <span class='ocrx_word' id='word_1_1204' title='bbox 871 3949 1025 3979; x_wconf 75' lang='lat' dir='ltr'>vehementer</span> <span class='ocrx_word' id='word_1_1205' title='bbox 1043 3959 1083 3978; x_wconf 73' lang='lat' dir='ltr'>ex·</span> <span class='ocrx_word' id='word_1_1206' title='bbox 1095 3959 1139 3986; x_wconf 79' lang='lat'>¹05</span> <span class='ocrx_word' id='word_1_1207' title='bbox 1148 3955 1300 3987; x_wconf 55' lang='lat' dir='ltr'>tendfflnus,</span> <span class='ocrx_word' id='word_1_1208' title='bbox 1320 3962 1354 3980; x_wconf 82' lang='lat' dir='ltr'>ne</span> <span class='ocrx_word' id='word_1_1209' title='bbox 1365 3955 1457 3983; x_wconf 69' lang='lat' dir='ltr'>omnia</span> <span class='ocrx_word' id='word_1_1210' title='bbox 1470 3965 1531 3983; x_wconf 74' lang='lat' dir='ltr'>cum</span> <span class='ocrx_word' id='word_1_1211' title='bbox 1542 3954 1636 3983; x_wconf 78' lang='lat' dir='ltr'>dolore</span> <span class='ocrx_word' id='word_1_1212' title='bbox 1648 3958 1725 3989; x_wconf 62' lang='lat' dir='ltr'>agere</span> <span class='ocrx_word' id='word_1_1213' title='bbox 1737 3950 1884 3978; x_wconf 82' lang='lat' dir='ltr'>videamur.</span> 
     </span>
    </p>
   </div>
   <div class='ocr_carea' id='block_1_48' title="bbox 1548 156 1819 197">
    <p class='ocr_par' dir='ltr' id='par_1_60' title="bbox 1548 156 1819 197">
     <span class='ocr_line' id='line_1_129' title="bbox 1548 156 1819 197; baseline 0.004 -1"><span class='ocrx_word' id='word_1_1214' title='bbox 1548 156 1819 197; x_wconf 88' lang='lat' dir='ltr'>CON</span> 
     </span>
    </p>
   </div>
   <div class='ocr_carea' id='block_1_49' title="bbox 1161 238 2209 744">
    <p class='ocr_par' dir='ltr' id='par_1_61' title="bbox 1161 238 2209 744">
     <span class='ocr_line' id='line_1_130' title="bbox 1168 238 2205 283; baseline 0.015 -17"><span class='ocrx_word' id='word_1_1215' title='bbox 1168 238 1267 280; x_wconf 58' lang='lat' dir='ltr'>tendere</span> <span class='ocrx_word' id='word_1_1216' title='bbox 1280 240 1347 267; x_wconf 86' lang='lat' dir='ltr'>Hor.</span> <span class='ocrx_word' id='word_1_1217' title='bbox 1363 242 1483 282; x_wconf 49' lang='lat' dir='ltr'>Ser1n32,</span> <span class='ocrx_word' id='word_1_1218' title='bbox 1498 250 1524 283; x_wconf 84' lang='lat'>7,</span> <span class='ocrx_word' id='word_1_1219' title='bbox 1538 251 1580 278; x_wconf 87' lang='lat'>97.</span> <span class='ocrx_word' id='word_1_1220' title='bbox 1651 246 1726 280; x_wconf 76' lang='lat' dir='ltr'>Virg.</span> <span class='ocrx_word' id='word_1_1221' title='bbox 1742 247 1839 282; x_wconf 84' lang='lat' dir='ltr'>Georg.</span> <span class='ocrx_word' id='word_1_1222' title='bbox 1855 256 1882 281; x_wconf 79' lang='lat'>4,</span> <span class='ocrx_word' id='word_1_1223' title='bbox 1897 256 1943 282; x_wconf 80' lang='lat'>412</span> <span class='ocrx_word' id='word_1_1224' title='bbox 1975 250 2066 279; x_wconf 76' lang='lat' dir='ltr'>Tanto</span> <span class='ocrx_word' id='word_1_1225' title='bbox 2079 261 2136 281; x_wconf 66' lang='lat' dir='ltr'>nare</span> <span class='ocrx_word' id='word_1_1226' title='bbox 2152 265 2205 282; x_wconf 77' lang='lat' dir='ltr'>ma-</span> 
     </span>
     <span class='ocr_line' id='line_1_131' title="bbox 1169 277 2205 325; baseline 0.015 -25"><span class='ocrx_word' id='word_1_1227' title='bbox 1169 284 1209 311; x_wconf 76' lang='lat' dir='ltr'>gis</span> <span class='ocrx_word' id='word_1_1228' title='bbox 1223 277 1351 316; x_wconf 77' lang='lat' dir='ltr'>contende</span> <span class='ocrx_word' id='word_1_1229' title='bbox 1368 283 1469 304; x_wconf 79' lang='lat' dir='ltr'>tenacia</span> <span class='ocrx_word' id='word_1_1230' title='bbox 1484 280 1578 305; x_wconf 79' lang='lat' dir='ltr'>Vincla.</span> <span class='ocrx_word' id='word_1_1231' title='bbox 1650 282 1706 308; x_wconf 88' lang='lat' dir='ltr'>Cic.</span> <span class='ocrx_word' id='word_1_1232' title='bbox 1721 283 1802 309; x_wconf 83' lang='lat' dir='ltr'>Tusc.</span> <span class='ocrx_word' id='word_1_1233' title='bbox 1820 293 1842 314; x_wconf 85' lang='lat'>2,</span> <span class='ocrx_word' id='word_1_1234' title='bbox 1856 291 1887 318; x_wconf 77' lang='lat'>57</span> <span class='ocrx_word' id='word_1_1235' title='bbox 1906 294 1926 310; x_wconf 74' lang='lat' dir='ltr'>c.</span> <span class='ocrx_word' id='word_1_1236' title='bbox 1942 293 1975 317; x_wconf 77' lang='lat'>24</span> <span class='ocrx_word' id='word_1_1237' title='bbox 2016 288 2122 315; x_wconf 65' lang='lat' dir='ltr'>balistae</span> <span class='ocrx_word' id='word_1_1238' title='bbox 2142 291 2205 325; x_wconf 78' lang='lat' dir='ltr'>lapi-</span> 
     </span>
     <span class='ocr_line' id='line_1_132' title="bbox 1170 310 2196 352; baseline 0.015 -17"><span class='ocrx_word' id='word_1_1239' title='bbox 1170 310 1232 336; x_wconf 87' lang='lat' dir='ltr'>dum</span> <span class='ocrx_word' id='word_1_1240' title='bbox 1253 317 1279 337; x_wconf 88' lang='lat' dir='ltr'>et</span> <span class='ocrx_word' id='word_1_1241' title='bbox 1298 313 1400 346; x_wconf 80' lang='lat' dir='ltr'>reliqua</span> <span class='ocrx_word' id='word_1_1242' title='bbox 1419 318 1549 340; x_wconf 83' lang='lat' dir='ltr'>tormenta</span> <span class='ocrx_word' id='word_1_1243' title='bbox 1568 314 1698 349; x_wconf 82' lang='lat' dir='ltr'>telorum,</span> <span class='ocrx_word' id='word_1_1244' title='bbox 1725 327 1758 348; x_wconf 72' lang='lat' dir='ltr'>co</span> <span class='ocrx_word' id='word_1_1245' title='bbox 1778 319 1913 352; x_wconf 69' lang='lat' dir='ltr'>grauiores</span> <span class='ocrx_word' id='word_1_1246' title='bbox 1933 321 2075 348; x_wconf 74' lang='lat' dir='ltr'>emiffiones</span> <span class='ocrx_word' id='word_1_1247' title='bbox 2101 325 2196 352; x_wconf 78' lang='lat' dir='ltr'>hahent</span> 
     </span>
     <span class='ocr_line' id='line_1_133' title="bbox 1170 347 2206 387; baseline 0.014 -16"><span class='ocrx_word' id='word_1_1248' title='bbox 1170 355 1223 385; x_wconf 81' lang='lat' dir='ltr'>quo</span> <span class='ocrx_word' id='word_1_1249' title='bbox 1237 347 1294 372; x_wconf 89' lang='lat' dir='ltr'>sunt</span> <span class='ocrx_word' id='word_1_1250' title='bbox 1308 354 1428 374; x_wconf 88' lang='lat' dir='ltr'>contenta</span> <span class='ocrx_word' id='word_1_1251' title='bbox 1444 355 1522 382; x_wconf 82' lang='lat' dir='ltr'>atque</span> <span class='ocrx_word' id='word_1_1252' title='bbox 1537 349 1646 376; x_wconf 67' lang='lat' dir='ltr'>adducta</span> <span class='ocrx_word' id='word_1_1253' title='bbox 1660 351 1849 380; x_wconf 79' lang='lat' dir='ltr'>vehementius.</span> <span class='ocrx_word' id='word_1_1254' title='bbox 1921 356 1968 383; x_wconf 78' lang='lat' dir='ltr'>Ilia</span> <span class='ocrx_word' id='word_1_1255' title='bbox 1984 357 2036 382; x_wconf 78' lang='lat' dir='ltr'>risu</span> <span class='ocrx_word' id='word_1_1256' title='bbox 2051 347 2206 387; x_wconf 61' lang='lat' dir='ltr'>contendet-0}</span> 
     </span>
     <span class='ocr_line' id='line_1_134' title="bbox 1169 381 2206 424; baseline 0.013 -17"><span class='ocrx_word' id='word_1_1257' title='bbox 1169 381 1296 422; x_wconf 29' lang='lat' dir='ltr'>Ouid—de</span> <span class='ocrx_word' id='word_1_1258' title='bbox 1312 384 1375 409; x_wconf 85' lang='lat' dir='ltr'>Arte</span> <span class='ocrx_word' id='word_1_1259' title='bbox 1389 385 1447 424; x_wconf 68' lang='lat' dir='ltr'>Am.</span> <span class='ocrx_word' id='word_1_1260' title='bbox 1459 392 1480 416; x_wconf 87' lang='grc'>3,</span> <span class='ocrx_word' id='word_1_1261' title='bbox 1495 389 1546 416; x_wconf 74' lang='lat'>285.</span> <span class='ocrx_word' id='word_1_1262' title='bbox 1617 388 1758 421; x_wconf 66' lang='lat' dir='ltr'>Metaphor.</span> <span class='ocrx_word' id='word_1_1263' title='bbox 1784 390 1865 416; x_wconf 86' lang='lat' dir='ltr'>Ouid.</span> <span class='ocrx_word' id='word_1_1264' title='bbox 1879 399 1911 418; x_wconf 83' lang='lat' dir='ltr'>ex</span> <span class='ocrx_word' id='word_1_1265' title='bbox 1925 392 1998 417; x_wconf 84' lang='lat' dir='ltr'>Pont.</span> <span class='ocrx_word' id='word_1_1266' title='bbox 2013 401 2032 423; x_wconf 89' lang='lat'>1,</span> <span class='ocrx_word' id='word_1_1267' title='bbox 2046 401 2067 424; x_wconf 70' lang='grc' dir='ltr'>ς,</span> <span class='ocrx_word' id='word_1_1268' title='bbox 2082 402 2103 418; x_wconf 88' lang='grc' dir='ltr'>ιι</span> <span class='ocrx_word' id='word_1_1269' title='bbox 2143 396 2206 423; x_wconf 82' lang='lat' dir='ltr'>Non</span> 
     </span>
     <span class='ocr_line' id='line_1_135' title="bbox 1170 416 2197 462; baseline 0.013 -20"><span class='ocrx_word' id='word_1_1270' title='bbox 1170 416 1236 442; x_wconf 80' lang='lat' dir='ltr'>libet</span> <span class='ocrx_word' id='word_1_1271' title='bbox 1251 426 1279 459; x_wconf 73' lang='lat'>‚¹¹¹</span> <span class='ocrx_word' id='word_1_1272' title='bbox 1292 418 1354 444; x_wconf 83' lang='lat' dir='ltr'>tales</span> <span class='ocrx_word' id='word_1_1273' title='bbox 1366 428 1484 445; x_wconf 76' lang='lat' dir='ltr'>amnium</span> <span class='ocrx_word' id='word_1_1274' title='bbox 1504 419 1660 447; x_wconf 79' lang='lat' dir='ltr'>contendere</span> <span class='ocrx_word' id='word_1_1275' title='bbox 1678 431 1760 449; x_wconf 81' lang='lat' dir='ltr'>curas.</span> <span class='ocrx_word' id='word_1_1276' title='bbox 1937 425 1958 462; x_wconf 62' lang='lat' dir='ltr'>q</span> <span class='ocrx_word' id='word_1_1277' title='bbox 1981 436 1995 453; x_wconf 81' lang='lat'>2</span> <span class='ocrx_word' id='word_1_1278' title='bbox 2031 422 2197 457; x_wconf 70' lang='lat' dir='ltr'>contendere</span> 
     </span>
     <span class='ocr_line' id='line_1_136' title="bbox 1168 452 2208 497; baseline 0.013 -20"><span class='ocrx_word' id='word_1_1279' title='bbox 1168 452 1333 492; x_wconf 20' lang='lat' dir='ltr'>[qnofzvtssm]</span> <span class='ocrx_word' id='word_1_1280' title='bbox 1358 454 1503 490; x_wconf 64' lang='lat' dir='ltr'>P›·0fic{Jc1&#39;,</span> <span class='ocrx_word' id='word_1_1281' title='bbox 1516 464 1619 487; x_wconf 72' lang='lat' dir='ltr'>neruos,</span> <span class='ocrx_word' id='word_1_1282' title='bbox 1633 460 1699 482; x_wconf 75' lang='lat' dir='ltr'>vires</span> <span class='ocrx_word' id='word_1_1283' title='bbox 1708 477 1715 489; x_wconf 93' lang='lat'>‚</span> <span class='ocrx_word' id='word_1_1284' title='bbox 1735 458 1862 492; x_wconf 71' lang='lat' dir='ltr'>inctflitm,</span> <span class='ocrx_word' id='word_1_1285' title='bbox 1876 455 1971 497; x_wconf 62' lang='lat' dir='ltr'>corfinii</span> <span class='ocrx_word' id='word_1_1286' title='bbox 1987 463 2159 490; x_wconf 78' lang='lat' dir='ltr'>contendere:</span> <span class='ocrx_word' id='word_1_1287' title='bbox 2185 452 2208 491; x_wconf 61' lang='lat' dir='ltr'>ei</span> 
     </span>
     <span class='ocr_line' id='line_1_137' title="bbox 1161 488 2208 528; baseline 0.014 -16"><span class='ocrx_word' id='word_1_1288' title='bbox 1161 490 1221 524; x_wconf 72' lang='lat' dir='ltr'>jere</span> <span class='ocrx_word' id='word_1_1289' title='bbox 1240 497 1292 513; x_wconf 81' lang='lat' dir='ltr'>cum</span> <span class='ocrx_word' id='word_1_1290' title='bbox 1307 489 1347 514; x_wconf 86' lang='lat' dir='ltr'>Ad</span> <span class='ocrx_word' id='word_1_1291' title='bbox 1366 488 1525 523; x_wconf 58' lang='lat' dir='ltr'>construitur.</span> <span class='ocrx_word' id='word_1_1292' title='bbox 1583 491 1638 517; x_wconf 89' lang='lat' dir='ltr'>Cic.</span> <span class='ocrx_word' id='word_1_1293' title='bbox 1651 492 1727 518; x_wconf 82' lang='lat' dir='ltr'>Verr.</span> <span class='ocrx_word' id='word_1_1294' title='bbox 1749 502 1769 525; x_wconf 86' lang='lat'>1,</span> <span class='ocrx_word' id='word_1_1295' title='bbox 1782 497 1817 528; x_wconf 87' lang='lat'>67</span> <span class='ocrx_word' id='word_1_1296' title='bbox 1852 497 1923 522; x_wconf 83' lang='lat' dir='ltr'>Haec</span> <span class='ocrx_word' id='word_1_1297' title='bbox 1944 498 1991 524; x_wconf 82' lang='lat' dir='ltr'>vbi</span> <span class='ocrx_word' id='word_1_1298' title='bbox 2012 498 2070 525; x_wconf 85' lang='lat' dir='ltr'>filio</span> <span class='ocrx_word' id='word_1_1299' title='bbox 2089 500 2208 527; x_wconf 79' lang='lat' dir='ltr'>nuntiata</span> 
     </span>
     <span class='ocr_line' id='line_1_138' title="bbox 1168 523 2209 570; baseline 0.014 -22"><span class='ocrx_word' id='word_1_1300' title='bbox 1168 523 1241 555; x_wconf 84' lang='lat' dir='ltr'>sunt,</span> <span class='ocrx_word' id='word_1_1301' title='bbox 1254 523 1340 549; x_wconf 81' lang='lat' dir='ltr'>statim</span> <span class='ocrx_word' id='word_1_1302' title='bbox 1359 525 1522 552; x_wconf 81' lang='lat' dir='ltr'>exanimatus</span> <span class='ocrx_word' id='word_1_1303' title='bbox 1537 525 1569 551; x_wconf 87' lang='lat' dir='ltr'>ad</span> <span class='ocrx_word' id='word_1_1304' title='bbox 1582 526 1657 552; x_wconf 83' lang='lat' dir='ltr'>aedes</span> <span class='ocrx_word' id='word_1_1305' title='bbox 1679 528 1829 561; x_wconf 77' lang='lat' dir='ltr'>contendit,</span> <span class='ocrx_word' id='word_1_1306' title='bbox 1843 537 1872 557; x_wconf 89' lang='lat' dir='ltr'>vt</span> <span class='ocrx_word' id='word_1_1307' title='bbox 1885 541 1909 558; x_wconf 87' lang='lat' dir='ltr'>er</span> <span class='ocrx_word' id='word_1_1308' title='bbox 1928 534 1997 560; x_wconf 78' lang='lat' dir='ltr'>vitae</span> <span class='ocrx_word' id='word_1_1309' title='bbox 2011 535 2103 567; x_wconf 81' lang='lat' dir='ltr'>patris,</span> <span class='ocrx_word' id='word_1_1310' title='bbox 2117 541 2143 562; x_wconf 89' lang='lat' dir='ltr'>et</span> <span class='ocrx_word' id='word_1_1311' title='bbox 2162 545 2209 570; x_wconf 78' lang='lat' dir='ltr'>pu·</span> 
     </span>
     <span class='ocr_line' id='line_1_139' title="bbox 1208 563 2208 604; baseline 0.017 -23"><span class='ocrx_word' id='word_1_1312' title='bbox 1208 595 1212 598; x_wconf 47' lang='grc'>-</span> <span class='ocrx_word' id='word_1_1313' title='bbox 1653 563 1735 602; x_wconf 77' lang='lat' dir='ltr'>Fiant.</span> <span class='ocrx_word' id='word_1_1314' title='bbox 1751 565 1839 591; x_wconf 76' lang='lat' dir='ltr'>Cil&#39;tel.</span> <span class='ocrx_word' id='word_1_1315' title='bbox 1850 575 1872 599; x_wconf 69' lang='grc' dir='ltr'>Ξ,</span> <span class='ocrx_word' id='word_1_1316' title='bbox 1887 575 1907 599; x_wconf 91' lang='grc'>1,</span> <span class='ocrx_word' id='word_1_1317' title='bbox 1921 574 1948 600; x_wconf 77' lang='lat'>58</span> <span class='ocrx_word' id='word_1_1318' title='bbox 1981 569 2028 596; x_wconf 70' lang='lat' dir='ltr'>Sed</span> <span class='ocrx_word' id='word_1_1319' title='bbox 2041 571 2100 604; x_wconf 86' lang='lat' dir='ltr'>quis</span> <span class='ocrx_word' id='word_1_1320' title='bbox 2116 570 2157 597; x_wconf 84' lang='lat' dir='ltr'>hic</span> <span class='ocrx_word' id='word_1_1321' title='bbox 2172 571 2208 598; x_wconf 86' lang='lat' dir='ltr'>est</span> 
     </span>
     <span class='ocr_line' id='line_1_140' title="bbox 1168 593 2208 634; baseline 0.013 -16"><span class='ocrx_word' id='word_1_1322' title='bbox 1168 603 1214 629; x_wconf 80' lang='lat' dir='ltr'>qut</span> <span class='ocrx_word' id='word_1_1323' title='bbox 1238 593 1308 633; x_wconf 58' lang='lat' dir='ltr'>recia</span> <span class='ocrx_word' id='word_1_1324' title='bbox 1323 595 1407 634; x_wconf 69' lang='lat' dir='ltr'>platea</span> <span class='ocrx_word' id='word_1_1325' title='bbox 1420 598 1524 623; x_wconf 86' lang='lat' dir='ltr'>cursum</span> <span class='ocrx_word' id='word_1_1326' title='bbox 1538 597 1589 622; x_wconf 89' lang='lat' dir='ltr'>huc</span> <span class='ocrx_word' id='word_1_1327' title='bbox 1605 598 1740 624; x_wconf 75' lang='lat' dir='ltr'>contendit</span> <span class='ocrx_word' id='word_1_1328' title='bbox 1754 600 1845 626; x_wconf 70' lang='lat' dir='ltr'>situm?</span> <span class='ocrx_word' id='word_1_1329' title='bbox 1915 605 2026 630; x_wconf 79' lang='lat' dir='ltr'>Cursum</span> <span class='ocrx_word' id='word_1_1330' title='bbox 2050 607 2208 634; x_wconf 72' lang='lat' dir='ltr'>contendere</span> 
     </span>
     <span class='ocr_line' id='line_1_141' title="bbox 1167 629 2207 671; baseline 0.014 -17"><span class='ocrx_word' id='word_1_1331' title='bbox 1167 629 1199 656; x_wconf 80' lang='lat' dir='ltr'>ad</span> <span class='ocrx_word' id='word_1_1332' title='bbox 1215 629 1331 671; x_wconf 63' lang='lat' dir='ltr'>aliquem</span> <span class='ocrx_word' id='word_1_1333' title='bbox 1350 631 1424 664; x_wconf 79' lang='lat' dir='ltr'>Virg.</span> <span class='ocrx_word' id='word_1_1334' title='bbox 1445 633 1511 659; x_wconf 82' lang='lat' dir='ltr'>Aen.</span> <span class='ocrx_word' id='word_1_1335' title='bbox 1530 641 1552 665; x_wconf 76' lang='grc' dir='ltr'>ς,</span> <span class='ocrx_word' id='word_1_1336' title='bbox 1573 637 1629 667; x_wconf 75' lang='lat'>834.</span> <span class='ocrx_word' id='word_1_1337' title='bbox 1701 635 1868 661; x_wconf 71' lang='lat' dir='ltr'>contendere</span> <span class='ocrx_word' id='word_1_1338' title='bbox 1888 637 1939 664; x_wconf 80' lang='lat' dir='ltr'>iter</span> <span class='ocrx_word' id='word_1_1339' title='bbox 1958 640 2126 668; x_wconf 73' lang='lat' dir='ltr'>constitutum</span> <span class='ocrx_word' id='word_1_1340' title='bbox 2150 643 2207 669; x_wconf 88' lang='lat' dir='ltr'>Cic.</span> 
     </span>
     <span class='ocr_line' id='line_1_142' title="bbox 1168 665 2208 711; baseline 0.016 -23"><span class='ocrx_word' id='word_1_1341' title='bbox 1168 674 1217 700; x_wconf 83' lang='lat' dir='ltr'>pro</span> <span class='ocrx_word' id='word_1_1342' title='bbox 1235 665 1311 705; x_wconf 49' lang='lat' dir='ltr'>itote.</span> <span class='ocrx_word' id='word_1_1343' title='bbox 1332 666 1423 691; x_wconf 88' lang='lat' dir='ltr'>Amer.</span> <span class='ocrx_word' id='word_1_1344' title='bbox 1439 675 1486 706; x_wconf 76' lang='lat'>97.</span> <span class='ocrx_word' id='word_1_1345' title='bbox 1557 668 1657 695; x_wconf 80' lang='lat' dir='ltr'>Sallust.</span> <span class='ocrx_word' id='word_1_1346' title='bbox 1677 668 1706 695; x_wconf 87' lang='lat' dir='ltr'>in</span> <span class='ocrx_word' id='word_1_1347' title='bbox 1725 670 1846 701; x_wconf 70' lang='lat' dir='ltr'>Iugurth.</span> <span class='ocrx_word' id='word_1_1348' title='bbox 1866 681 1889 703; x_wconf 81' lang='lat'>13</span> <span class='ocrx_word' id='word_1_1349' title='bbox 1925 675 1961 700; x_wconf 77' lang='lat' dir='ltr'>Ex</span> <span class='ocrx_word' id='word_1_1350' title='bbox 1976 677 2077 709; x_wconf 73' lang='lat' dir='ltr'>praelio</span> <span class='ocrx_word' id='word_1_1351' title='bbox 2094 678 2164 711; x_wconf 71' lang='lat' dir='ltr'>fugit</span> <span class='ocrx_word' id='word_1_1352' title='bbox 2180 679 2208 705; x_wconf 84' lang='lat' dir='ltr'>in</span> 
     </span>
     <span class='ocr_line' id='line_1_143' title="bbox 1167 701 2209 744; baseline 0.013 -17"><span class='ocrx_word' id='word_1_1353' title='bbox 1167 709 1348 735; x_wconf 75' lang='lat' dir='ltr'>proumcmm,</span> <span class='ocrx_word' id='word_1_1354' title='bbox 1359 710 1389 727; x_wconf 90' lang='lat' dir='ltr'>ac</span> <span class='ocrx_word' id='word_1_1355' title='bbox 1403 701 1499 728; x_wconf 83' lang='lat' dir='ltr'>demde</span> <span class='ocrx_word' id='word_1_1356' title='bbox 1513 703 1625 730; x_wconf 83' lang='lat' dir='ltr'>Romam</span> <span class='ocrx_word' id='word_1_1357' title='bbox 1637 706 1781 732; x_wconf 86' lang='lat' dir='ltr'>contendit.</span> <span class='ocrx_word' id='word_1_1358' title='bbox 1853 707 1959 736; x_wconf 85' lang='lat' dir='ltr'>Nonius</span> <span class='ocrx_word' id='word_1_1359' title='bbox 1973 721 1999 744; x_wconf 74' lang='lat'>4.</span> <span class='ocrx_word' id='word_1_1360' title='bbox 2013 716 2043 741; x_wconf 65' lang='lat'>63</span> <span class='ocrx_word' id='word_1_1361' title='bbox 2057 721 2087 738; x_wconf 84' lang='lat' dir='ltr'>ex</span> <span class='ocrx_word' id='word_1_1362' title='bbox 2108 708 2163 739; x_wconf 79' lang='lat' dir='ltr'>Cic.</span> <span class='ocrx_word' id='word_1_1363' title='bbox 2177 715 2209 741; x_wconf 85' lang='lat' dir='ltr'>de</span> 
     </span>
    </p>
   </div>
   <div class='ocr_carea' id='block_1_50' title="bbox 2114 170 2206 210">
    <p class='ocr_par' dir='ltr' id='par_1_62' title="bbox 2114 170 2206 210">
     <span class='ocr_line' id='line_1_144' title="bbox 2114 170 2206 210; baseline 0.043 -4"><span class='ocrx_word' id='word_1_1364' title='bbox 2114 170 2206 210; x_wconf 84' lang='lat'>1206</span> 
     </span>
    </p>
   </div>
   <div class='ocr_carea' id='block_1_51' title="bbox 1132 736 2207 783">
    <p class='ocr_par' dir='ltr' id='par_1_63' title="bbox 1132 736 2207 783">
     <span class='ocr_line' id='line_1_145' title="bbox 1132 736 2207 783; baseline 0.013 -20"><span class='ocrx_word' id='word_1_1365' title='bbox 1132 743 1159 771; x_wconf 82' lang='lat'>15</span> <span class='ocrx_word' id='word_1_1366' title='bbox 1170 737 1272 771; x_wconf 78' lang='lat' dir='ltr'>Repub.</span> <span class='ocrx_word' id='word_1_1367' title='bbox 1299 737 1345 763; x_wconf 86' lang='lat' dir='ltr'>Sed</span> <span class='ocrx_word' id='word_1_1368' title='bbox 1357 736 1453 764; x_wconf 84' lang='lat' dir='ltr'>audisse</span> <span class='ocrx_word' id='word_1_1369' title='bbox 1467 743 1493 763; x_wconf 85' lang='lat' dir='ltr'>te</span> <span class='ocrx_word' id='word_1_1370' title='bbox 1504 738 1582 763; x_wconf 84' lang='lat' dir='ltr'>credo</span> <span class='ocrx_word' id='word_1_1371' title='bbox 1591 759 1598 771; x_wconf 91' lang='lat'>,</span> <span class='ocrx_word' id='word_1_1372' title='bbox 1617 746 1675 766; x_wconf 87' lang='lat' dir='ltr'>turn</span> <span class='ocrx_word' id='word_1_1373' title='bbox 1688 749 1753 767; x_wconf 90' lang='lat' dir='ltr'>vero</span> <span class='ocrx_word' id='word_1_1374' title='bbox 1768 740 1901 768; x_wconf 88' lang='lat' dir='ltr'>Platonem</span> <span class='ocrx_word' id='word_1_1375' title='bbox 1916 745 2021 772; x_wconf 76' lang='lat' dir='ltr'>Socrate</span> <span class='ocrx_word' id='word_1_1376' title='bbox 2034 755 2142 775; x_wconf 83' lang='lat' dir='ltr'>mortuo</span> <span class='ocrx_word' id='word_1_1377' title='bbox 2156 750 2207 783; x_wconf 78' lang='lat' dir='ltr'>pri-</span> 
     </span>
    </p>
   </div>
   <div class='ocr_carea' id='block_1_52' title="bbox 1168 772 2093 811">
    <p class='ocr_par' dir='ltr' id='par_1_64' title="bbox 1168 772 2093 811">
     <span class='ocr_line' id='line_1_146' title="bbox 1168 772 2093 811; baseline 0.013 -14"><span class='ocrx_word' id='word_1_1378' title='bbox 1168 782 1242 798; x_wconf 85' lang='lat' dir='ltr'>mum</span> <span class='ocrx_word' id='word_1_1379' title='bbox 1255 773 1285 798; x_wconf 90' lang='lat' dir='ltr'>in</span> <span class='ocrx_word' id='word_1_1380' title='bbox 1298 773 1444 807; x_wconf 82' lang='lat' dir='ltr'>Aegyptum</span> <span class='ocrx_word' id='word_1_1381' title='bbox 1458 772 1574 799; x_wconf 83' lang='lat' dir='ltr'>discendi</span> <span class='ocrx_word' id='word_1_1382' title='bbox 1590 776 1679 807; x_wconf 82' lang='lat' dir='ltr'>causa,</span> <span class='ocrx_word' id='word_1_1383' title='bbox 1699 778 1754 811; x_wconf 78' lang='lat' dir='ltr'>post</span> <span class='ocrx_word' id='word_1_1384' title='bbox 1769 777 1796 803; x_wconf 87' lang='lat' dir='ltr'>in</span> <span class='ocrx_word' id='word_1_1385' title='bbox 1809 777 1912 804; x_wconf 85' lang='lat' dir='ltr'>Italiam</span> <span class='ocrx_word' id='word_1_1386' title='bbox 1927 783 2093 810; x_wconf 72' lang='lat' dir='ltr'>contendisse.</span> 
     </span>
    </p>
   </div>
   <div class='ocr_carea' id='block_1_53' title="bbox 1168 787 2209 848">
    <p class='ocr_par' dir='ltr' id='par_1_65' title="bbox 1168 787 2209 848">
     <span class='ocr_line' id='line_1_147' title="bbox 1168 787 2209 848; baseline 0.012 -15"><span class='ocrx_word' id='word_1_1387' title='bbox 1168 808 1275 834; x_wconf 85' lang='lat' dir='ltr'>tendere</span> <span class='ocrx_word' id='word_1_1388' title='bbox 1289 809 1389 843; x_wconf 82' lang='lat' dir='ltr'>magnis</span> <span class='ocrx_word' id='word_1_1389' title='bbox 1402 807 1543 835; x_wconf 83' lang='lat' dir='ltr'>itineribus</span> <span class='ocrx_word' id='word_1_1390' title='bbox 1559 808 1587 834; x_wconf 89' lang='lat' dir='ltr'>in</span> <span class='ocrx_word' id='word_1_1391' title='bbox 1599 810 1703 837; x_wconf 85' lang='lat' dir='ltr'>Italiam</span> <span class='ocrx_word' id='word_1_1392' title='bbox 1719 813 1791 838; x_wconf 82' lang='lat' dir='ltr'>Caes.</span> <span class='ocrx_word' id='word_1_1393' title='bbox 1805 812 1868 840; x_wconf 83' lang='lat' dir='ltr'>Bell.</span> <span class='ocrx_word' id='word_1_1394' title='bbox 1884 815 1951 841; x_wconf 84' lang='lat' dir='ltr'>Gall.</span> <span class='ocrx_word' id='word_1_1395' title='bbox 1967 825 1986 848; x_wconf 84' lang='lat'>1,</span> <span class='ocrx_word' id='word_1_1396' title='bbox 2001 826 2036 843; x_wconf 88' lang='lat'>10.</span> <span class='ocrx_word' id='word_1_1397' title='bbox 2139 787 2209 811; x_wconf 51' lang='lat' dir='ltr'>con—</span> 
     </span>
    </p>
   </div>
   <div class='ocr_carea' id='block_1_54' title="bbox 1149 820 2212 3848">
    <p class='ocr_par' dir='ltr' id='par_1_66' title="bbox 1153 820 2212 2475">
     <span class='ocr_line' id='line_1_148' title="bbox 1167 820 2209 889; baseline 0.013 -20"><span class='ocrx_word' id='word_1_1398' title='bbox 1167 844 1309 870; x_wconf 85' lang='lat' dir='ltr'>itineribus</span> <span class='ocrx_word' id='word_1_1399' title='bbox 1323 844 1354 870; x_wconf 90' lang='lat' dir='ltr'>ad</span> <span class='ocrx_word' id='word_1_1400' title='bbox 1368 844 1512 870; x_wconf 81' lang='lat' dir='ltr'>exercitum</span> <span class='ocrx_word' id='word_1_1401' title='bbox 1530 844 1634 871; x_wconf 80' lang='lat' dir='ltr'>Afranii</span> <span class='ocrx_word' id='word_1_1402' title='bbox 1649 847 1784 874; x_wconf 78' lang='lat' dir='ltr'>contendit</span> <span class='ocrx_word' id='word_1_1403' title='bbox 1797 849 1870 875; x_wconf 84' lang='lat' dir='ltr'>Idem</span> <span class='ocrx_word' id='word_1_1404' title='bbox 1885 850 1946 876; x_wconf 58' lang='lat' dir='ltr'>lit-11.</span> <span class='ocrx_word' id='word_1_1405' title='bbox 1961 852 2041 879; x_wconf 87' lang='lat' dir='ltr'>Ciuil.</span> <span class='ocrx_word' id='word_1_1406' title='bbox 2056 862 2065 879; x_wconf 88' lang='lat'>1</span> <span class='ocrx_word' id='word_1_1407' title='bbox 2090 820 2209 889; x_wconf 30' lang='lat' dir='ltr'>325³anss</span> 
     </span>
     <span class='ocr_line' id='line_1_149' title="bbox 1166 874 2209 921; baseline 0.012 -16"><span class='ocrx_word' id='word_1_1408' title='bbox 1166 879 1260 905; x_wconf 88' lang='lat' dir='ltr'>orbem</span> <span class='ocrx_word' id='word_1_1409' title='bbox 1273 880 1408 906; x_wconf 86' lang='lat' dir='ltr'>diuersum</span> <span class='ocrx_word' id='word_1_1410' title='bbox 1426 880 1496 906; x_wconf 84' lang='lat' dir='ltr'>fama</span> <span class='ocrx_word' id='word_1_1411' title='bbox 1518 879 1692 913; x_wconf 84' lang='lat' dir='ltr'>contendere,</span> <span class='ocrx_word' id='word_1_1412' title='bbox 1712 884 1731 907; x_wconf 84' lang='lat' dir='ltr'>i.</span> <span class='ocrx_word' id='word_1_1413' title='bbox 1751 892 1834 909; x_wconf 74' lang='lat' dir='ltr'>nome-12</span> <span class='ocrx_word' id='word_1_1414' title='bbox 1847 885 1920 920; x_wconf 73' lang='lat' dir='ltr'>finan</span> <span class='ocrx_word' id='word_1_1415' title='bbox 1935 888 2002 921; x_wconf 76' lang='lat' dir='ltr'>apud</span> <span class='ocrx_word' id='word_1_1416' title='bbox 2020 874 2116 916; x_wconf 60' lang='lat' dir='ltr'>extc’ras</span> <span class='ocrx_word' id='word_1_1417' title='bbox 2129 896 2209 918; x_wconf 76' lang='lat' dir='ltr'>natio-</span> 
     </span>
     <span class='ocr_line' id='line_1_150' title="bbox 1167 916 2208 956; baseline 0.012 -16"><span class='ocrx_word' id='word_1_1418' title='bbox 1167 924 1209 954; x_wconf 64' lang='lat' dir='ltr'>nes</span> <span class='ocrx_word' id='word_1_1419' title='bbox 1217 922 1359 951; x_wconf 71' lang='lat' dir='ltr'>propagare</span> <span class='ocrx_word' id='word_1_1420' title='bbox 1373 916 1453 942; x_wconf 87' lang='lat' dir='ltr'>Ouid.</span> <span class='ocrx_word' id='word_1_1421' title='bbox 1467 924 1498 942; x_wconf 86' lang='lat' dir='ltr'>cx</span> <span class='ocrx_word' id='word_1_1422' title='bbox 1511 916 1584 942; x_wconf 88' lang='lat' dir='ltr'>Pont.</span> <span class='ocrx_word' id='word_1_1423' title='bbox 1598 924 1618 948; x_wconf 87' lang='lat'>1,</span> <span class='ocrx_word' id='word_1_1424' title='bbox 1634 923 1657 949; x_wconf 77' lang='grc' dir='ltr'>ς,</span> <span class='ocrx_word' id='word_1_1425' title='bbox 1672 919 1716 951; x_wconf 87' lang='grc'>67.</span> <span class='ocrx_word' id='word_1_1426' title='bbox 1795 920 1870 946; x_wconf 81' lang='lat' dir='ltr'>Curt.</span> <span class='ocrx_word' id='word_1_1427' title='bbox 1883 929 1906 952; x_wconf 85' lang='grc'>3,</span> <span class='ocrx_word' id='word_1_1428' title='bbox 1922 929 1939 956; x_wconf 87' lang='lat'>7</span> <span class='ocrx_word' id='word_1_1429' title='bbox 1973 923 2007 949; x_wconf 80' lang='lat' dir='ltr'>At</span> <span class='ocrx_word' id='word_1_1430' title='bbox 2021 924 2114 951; x_wconf 81' lang='lat' dir='ltr'>Darius</span> <span class='ocrx_word' id='word_1_1431' title='bbox 2143 936 2208 953; x_wconf 89' lang='lat' dir='ltr'>nun-</span> 
     </span>
     <span class='ocr_line' id='line_1_151' title="bbox 1167 946 2208 994; baseline 0.013 -18"><span class='ocrx_word' id='word_1_1432' title='bbox 1167 957 1206 976; x_wconf 79' lang='lat' dir='ltr'>tio</span> <span class='ocrx_word' id='word_1_1433' title='bbox 1227 950 1258 976; x_wconf 88' lang='lat' dir='ltr'>de</span> <span class='ocrx_word' id='word_1_1434' title='bbox 1271 951 1378 977; x_wconf 85' lang='lat' dir='ltr'>aduersa</span> <span class='ocrx_word' id='word_1_1435' title='bbox 1391 951 1447 977; x_wconf 86' lang='lat' dir='ltr'>eius</span> <span class='ocrx_word' id='word_1_1436' title='bbox 1467 951 1618 978; x_wconf 84' lang='lat' dir='ltr'>valetudine</span> <span class='ocrx_word' id='word_1_1437' title='bbox 1637 959 1759 986; x_wconf 86' lang='lat' dir='ltr'>accepto,</span> <span class='ocrx_word' id='word_1_1438' title='bbox 1773 952 1906 981; x_wconf 82' lang='lat' dir='ltr'>celeritate</span> <span class='ocrx_word' id='word_1_1439' title='bbox 1923 966 2019 990; x_wconf 76' lang='lat' dir='ltr'>quanta</span> <span class='ocrx_word' id='word_1_1440' title='bbox 2034 946 2136 994; x_wconf 59' lang='lat' dir='ltr'>potera&#39;t</span> <span class='ocrx_word' id='word_1_1441' title='bbox 2155 969 2208 989; x_wconf 82' lang='lat' dir='ltr'>tam</span> 
     </span>
     <span class='ocr_line' id='line_1_152' title="bbox 1166 986 2209 1031; baseline 0.007 -20"><span class='ocrx_word' id='word_1_1442' title='bbox 1166 994 1245 1020; x_wconf 81' lang='lat' dir='ltr'>graue</span> <span class='ocrx_word' id='word_1_1443' title='bbox 1260 994 1352 1020; x_wconf 83' lang='lat' dir='ltr'>agmen</span> <span class='ocrx_word' id='word_1_1444' title='bbox 1366 986 1397 1012; x_wconf 90' lang='lat' dir='ltr'>ad</span> <span class='ocrx_word' id='word_1_1445' title='bbox 1411 987 1570 1021; x_wconf 83' lang='lat' dir='ltr'>Euphratem</span> <span class='ocrx_word' id='word_1_1446' title='bbox 1584 988 1729 1014; x_wconf 82' lang='lat' dir='ltr'>contendit.</span> <span class='ocrx_word' id='word_1_1447' title='bbox 1926 991 1946 1029; x_wconf 66' lang='grc' dir='ltr'>Ε]</span> <span class='ocrx_word' id='word_1_1448' title='bbox 1968 1002 1980 1024; x_wconf 79' lang='lat'>3</span> <span class='ocrx_word' id='word_1_1449' title='bbox 2017 995 2063 1021; x_wconf 67' lang='lat' dir='ltr'>Sed</span> <span class='ocrx_word' id='word_1_1450' title='bbox 2073 1001 2209 1031; x_wconf 56' lang='lat' dir='ltr'>gem-,uim</span> 
     </span>
     <span class='ocr_line' id='line_1_153' title="bbox 1166 1021 2210 1063; baseline 0.009 -16"><span class='ocrx_word' id='word_1_1451' title='bbox 1166 1022 1334 1048; x_wconf 86' lang='lat' dir='ltr'>Contendere</span> <span class='ocrx_word' id='word_1_1452' title='bbox 1353 1021 1386 1054; x_wconf 77' lang='lat' dir='ltr'>est</span> <span class='ocrx_word' id='word_1_1453' title='bbox 1406 1023 1556 1048; x_wconf 74' lang='lat' dir='ltr'>uehementer</span> <span class='ocrx_word' id='word_1_1454' title='bbox 1570 1025 1628 1049; x_wconf 84' lang='lat' dir='ltr'>niti.</span> <span class='ocrx_word' id='word_1_1455' title='bbox 1656 1024 1743 1058; x_wconf 77' lang='lat' dir='ltr'>Virg.</span> <span class='ocrx_word' id='word_1_1456' title='bbox 1757 1023 1822 1051; x_wconf 84' lang='lat' dir='ltr'>Aen.</span> <span class='ocrx_word' id='word_1_1457' title='bbox 1835 1032 1856 1056; x_wconf 92' lang='lat'>1,</span> <span class='ocrx_word' id='word_1_1458' title='bbox 1870 1026 1916 1051; x_wconf 84' lang='lat'>162</span> <span class='ocrx_word' id='word_1_1459' title='bbox 1955 1028 2030 1062; x_wconf 69' lang='lat' dir='ltr'>Quae</span> <span class='ocrx_word' id='word_1_1460' title='bbox 2045 1033 2164 1063; x_wconf 81' lang='lat' dir='ltr'>proxima</span> <span class='ocrx_word' id='word_1_1461' title='bbox 2177 1034 2210 1060; x_wconf 75' lang='lat' dir='ltr'>li.</span> 
     </span>
     <span class='ocr_line' id='line_1_154' title="bbox 1165 1058 2208 1100; baseline 0.01 -18"><span class='ocrx_word' id='word_1_1462' title='bbox 1165 1063 1224 1083; x_wconf 80' lang='lat' dir='ltr'>tora</span> <span class='ocrx_word' id='word_1_1463' title='bbox 1245 1058 1320 1084; x_wconf 89' lang='lat' dir='ltr'>cursu</span> <span class='ocrx_word' id='word_1_1464' title='bbox 1346 1058 1516 1084; x_wconf 84' lang='lat' dir='ltr'>Contendunt</span> <span class='ocrx_word' id='word_1_1465' title='bbox 1536 1064 1632 1092; x_wconf 88' lang='lat' dir='ltr'>petere.</span> <span class='ocrx_word' id='word_1_1466' title='bbox 1703 1061 1758 1086; x_wconf 89' lang='lat' dir='ltr'>Cic.</span> <span class='ocrx_word' id='word_1_1467' title='bbox 1773 1068 1822 1093; x_wconf 91' lang='lat' dir='ltr'>pro</span> <span class='ocrx_word' id='word_1_1468' title='bbox 1836 1061 1957 1088; x_wconf 88' lang='lat' dir='ltr'>Muraen.</span> <span class='ocrx_word' id='word_1_1469' title='bbox 1971 1066 2002 1096; x_wconf 76' lang='lat'>65</span> <span class='ocrx_word' id='word_1_1470' title='bbox 2033 1066 2067 1091; x_wconf 88' lang='lat' dir='ltr'>Vt</span> <span class='ocrx_word' id='word_1_1471' title='bbox 2081 1075 2160 1100; x_wconf 80' lang='lat' dir='ltr'>quum</span> <span class='ocrx_word' id='word_1_1472' title='bbox 2176 1070 2208 1096; x_wconf 70' lang='lat' dir='ltr'>ad</span> 
     </span>
     <span class='ocr_line' id='line_1_155' title="bbox 1165 1091 2209 1131; baseline 0.011 -13"><span class='ocrx_word' id='word_1_1473' title='bbox 1165 1091 1290 1120; x_wconf 83' lang='lat' dir='ltr'>Vltimum</span> <span class='ocrx_word' id='word_1_1474' title='bbox 1309 1094 1400 1120; x_wconf 84' lang='lat' dir='ltr'>animo</span> <span class='ocrx_word' id='word_1_1475' title='bbox 1417 1093 1635 1120; x_wconf 77' lang='lat' dir='ltr'>contendiss&#39;ernus</span> <span class='ocrx_word' id='word_1_1476' title='bbox 1644 1115 1652 1127; x_wconf 92' lang='lat'>‚</span> <span class='ocrx_word' id='word_1_1477' title='bbox 1665 1094 1705 1121; x_wconf 89' lang='lat' dir='ltr'>ibi</span> <span class='ocrx_word' id='word_1_1478' title='bbox 1719 1101 1821 1126; x_wconf 82' lang='lat' dir='ltr'>tamen,</span> <span class='ocrx_word' id='word_1_1479' title='bbox 1834 1095 1882 1121; x_wconf 87' lang='lat' dir='ltr'>vbi</span> <span class='ocrx_word' id='word_1_1480' title='bbox 1896 1104 2047 1131; x_wconf 83' lang='lat' dir='ltr'>oporteret,</span> <span class='ocrx_word' id='word_1_1481' title='bbox 2063 1102 2209 1130; x_wconf 80' lang='lat' dir='ltr'>confiflere-</span> 
     </span>
     <span class='ocr_line' id='line_1_156' title="bbox 1165 1128 2210 1165; baseline 0.01 -11"><span class='ocrx_word' id='word_1_1482' title='bbox 1165 1137 1231 1155; x_wconf 85' lang='lat' dir='ltr'>mus.</span> <span class='ocrx_word' id='word_1_1483' title='bbox 1305 1128 1377 1156; x_wconf 89' lang='lat' dir='ltr'>Idem</span> <span class='ocrx_word' id='word_1_1484' title='bbox 1391 1130 1443 1156; x_wconf 83' lang='lat' dir='ltr'>Off.</span> <span class='ocrx_word' id='word_1_1485' title='bbox 1458 1138 1481 1162; x_wconf 83' lang='grc'>3,</span> <span class='ocrx_word' id='word_1_1486' title='bbox 1495 1138 1530 1162; x_wconf 82' lang='lat'>42</span> <span class='ocrx_word' id='word_1_1487' title='bbox 1554 1131 1610 1163; x_wconf 84' lang='lat' dir='ltr'>Qi</span> <span class='ocrx_word' id='word_1_1488' title='bbox 1625 1130 1737 1157; x_wconf 79' lang='lat' dir='ltr'>stadium</span> <span class='ocrx_word' id='word_1_1489' title='bbox 1751 1132 1849 1164; x_wconf 86' lang='lat' dir='ltr'>currit,</span> <span class='ocrx_word' id='word_1_1490' title='bbox 1863 1133 1930 1160; x_wconf 88' lang='lat' dir='ltr'>eniti</span> <span class='ocrx_word' id='word_1_1491' title='bbox 1952 1139 1977 1160; x_wconf 87' lang='lat' dir='ltr'>et</span> <span class='ocrx_word' id='word_1_1492' title='bbox 1995 1136 2155 1163; x_wconf 80' lang='lat' dir='ltr'>contendere</span> <span class='ocrx_word' id='word_1_1493' title='bbox 2168 1139 2210 1165; x_wconf 85' lang='lat' dir='ltr'>de-</span> 
     </span>
     <span class='ocr_line' id='line_1_157' title="bbox 1165 1164 2210 1206; baseline 0.009 -15"><span class='ocrx_word' id='word_1_1494' title='bbox 1165 1164 1210 1191; x_wconf 87' lang='lat' dir='ltr'>bet</span> <span class='ocrx_word' id='word_1_1495' title='bbox 1232 1165 1429 1199; x_wconf 83' lang='lat' dir='ltr'>quammaxime</span> <span class='ocrx_word' id='word_1_1496' title='bbox 1452 1165 1541 1200; x_wconf 87' lang='lat' dir='ltr'>possit‚</span> <span class='ocrx_word' id='word_1_1497' title='bbox 1555 1172 1584 1192; x_wconf 89' lang='lat' dir='ltr'>vt</span> <span class='ocrx_word' id='word_1_1498' title='bbox 1602 1166 1698 1193; x_wconf 89' lang='lat' dir='ltr'>vincat.</span> <span class='ocrx_word' id='word_1_1499' title='bbox 1771 1168 1801 1193; x_wconf 78' lang='lat' dir='ltr'>Et</span> <span class='ocrx_word' id='word_1_1500' title='bbox 1813 1167 1865 1193; x_wconf 79' lang='lat' dir='ltr'>Off.</span> <span class='ocrx_word' id='word_1_1501' title='bbox 1884 1175 1907 1200; x_wconf 83' lang='grc'>3,</span> <span class='ocrx_word' id='word_1_1502' title='bbox 1920 1170 1938 1195; x_wconf 88' lang='lat'>6</span> <span class='ocrx_word' id='word_1_1503' title='bbox 1976 1171 2065 1204; x_wconf 71' lang='lat' dir='ltr'>Qiare</span> <span class='ocrx_word' id='word_1_1504' title='bbox 2083 1179 2210 1206; x_wconf 85' lang='lat' dir='ltr'>quantum</span> 
     </span>
     <span class='ocr_line' id='line_1_158' title="bbox 1164 1201 2211 1237; baseline 0.011 -12"><span class='ocrx_word' id='word_1_1505' title='bbox 1164 1201 1266 1226; x_wconf 84' lang='lat' dir='ltr'>conniti</span> <span class='ocrx_word' id='word_1_1506' title='bbox 1286 1201 1377 1227; x_wconf 89' lang='lat' dir='ltr'>animo</span> <span class='ocrx_word' id='word_1_1507' title='bbox 1393 1206 1482 1236; x_wconf 87' lang='lat' dir='ltr'>potes,</span> <span class='ocrx_word' id='word_1_1508' title='bbox 1498 1207 1628 1236; x_wconf 86' lang='lat' dir='ltr'>quantum</span> <span class='ocrx_word' id='word_1_1509' title='bbox 1647 1202 1740 1229; x_wconf 85' lang='lat' dir='ltr'>labore</span> <span class='ocrx_word' id='word_1_1510' title='bbox 1757 1204 1931 1237; x_wconf 80' lang='lat' dir='ltr'>contendere,</span> <span class='ocrx_word' id='word_1_1511' title='bbox 1945 1212 1989 1232; x_wconf 68' lang='lat' dir='ltr'>etc.</span> <span class='ocrx_word' id='word_1_1512' title='bbox 2009 1213 2111 1234; x_wconf 80' lang='lat' dir='ltr'>tantum</span> <span class='ocrx_word' id='word_1_1513' title='bbox 2127 1208 2168 1235; x_wconf 84' lang='lat' dir='ltr'>sac</span> <span class='ocrx_word' id='word_1_1514' title='bbox 2182 1215 2211 1236; x_wconf 86' lang='lat' dir='ltr'>vt</span> 
     </span>
     <span class='ocr_line' id='line_1_159' title="bbox 1167 1235 2211 1280; baseline 0.01 -18"><span class='ocrx_word' id='word_1_1515' title='bbox 1167 1235 1280 1269; x_wconf 80' lang='lat' dir='ltr'>efficias,</span> <span class='ocrx_word' id='word_1_1516' title='bbox 1300 1243 1346 1263; x_wconf 81' lang='lat' dir='ltr'>etc.</span> <span class='ocrx_word' id='word_1_1517' title='bbox 1418 1236 1614 1269; x_wconf 85' lang='lat' dir='ltr'>Dyrrhachium</span> <span class='ocrx_word' id='word_1_1518' title='bbox 1637 1244 1725 1272; x_wconf 89' lang='lat' dir='ltr'>petere</span> <span class='ocrx_word' id='word_1_1519' title='bbox 1746 1239 1884 1266; x_wconf 74' lang='lat' dir='ltr'>contendit</span> <span class='ocrx_word' id='word_1_1520' title='bbox 1916 1241 1971 1267; x_wconf 88' lang='lat' dir='ltr'>Cic.</span> <span class='ocrx_word' id='word_1_1521' title='bbox 1991 1251 2040 1276; x_wconf 92' lang='lat' dir='ltr'>pro</span> <span class='ocrx_word' id='word_1_1522' title='bbox 2062 1243 2146 1271; x_wconf 82' lang='lat' dir='ltr'>Plane.</span> <span class='ocrx_word' id='word_1_1523' title='bbox 2166 1253 2211 1280; x_wconf 83' lang='lat'>97.</span> 
     </span>
     <span class='ocr_line' id='line_1_160' title="bbox 1165 1272 2212 1314; baseline 0.01 -16"><span class='ocrx_word' id='word_1_1524' title='bbox 1165 1273 1266 1298; x_wconf 85' lang='lat' dir='ltr'>Contra</span> <span class='ocrx_word' id='word_1_1525' title='bbox 1285 1274 1341 1299; x_wconf 80' lang='lat' dir='ltr'>vim</span> <span class='ocrx_word' id='word_1_1526' title='bbox 1354 1272 1565 1307; x_wconf 79' lang='lat' dir='ltr'>grauitatemque</span> <span class='ocrx_word' id='word_1_1527' title='bbox 1579 1274 1669 1300; x_wconf 85' lang='lat' dir='ltr'>morbi</span> <span class='ocrx_word' id='word_1_1528' title='bbox 1689 1275 1841 1307; x_wconf 84' lang='lat' dir='ltr'>contendit,</span> <span class='ocrx_word' id='word_1_1529' title='bbox 1862 1281 1891 1301; x_wconf 95' lang='lat' dir='ltr'>vt</span> <span class='ocrx_word' id='word_1_1530' title='bbox 1910 1276 1943 1303; x_wconf 83' lang='lat' dir='ltr'>ad</span> <span class='ocrx_word' id='word_1_1531' title='bbox 1963 1278 2043 1305; x_wconf 79' lang='lat' dir='ltr'>castra</span> <span class='ocrx_word' id='word_1_1532' title='bbox 2058 1281 2212 1314; x_wconf 75' lang='lat' dir='ltr'>perueniret</span> 
     </span>
     <span class='ocr_line' id='line_1_161' title="bbox 1165 1307 2212 1348; baseline 0.009 -14"><span class='ocrx_word' id='word_1_1533' title='bbox 1165 1308 1220 1334; x_wconf 88' lang='lat' dir='ltr'>Cic.</span> <span class='ocrx_word' id='word_1_1534' title='bbox 1235 1307 1347 1343; x_wconf 83' lang='lat' dir='ltr'>Philipp.</span> <span class='ocrx_word' id='word_1_1535' title='bbox 1362 1317 1388 1341; x_wconf 90' lang='lat'>9,</span> <span class='ocrx_word' id='word_1_1536' title='bbox 1404 1316 1437 1342; x_wconf 76' lang='grc' dir='ltr'>ις.</span> <span class='ocrx_word' id='word_1_1537' title='bbox 1509 1309 1582 1336; x_wconf 84' lang='lat' dir='ltr'>Idem</span> <span class='ocrx_word' id='word_1_1538' title='bbox 1601 1318 1650 1343; x_wconf 91' lang='lat' dir='ltr'>pro</span> <span class='ocrx_word' id='word_1_1539' title='bbox 1663 1308 1731 1336; x_wconf 74' lang='lat' dir='ltr'>Sext.</span> <span class='ocrx_word' id='word_1_1540' title='bbox 1753 1318 1765 1343; x_wconf 71' lang='grc' dir='ltr'><strong><em>ς</em></strong></span> <span class='ocrx_word' id='word_1_1541' title='bbox 1804 1310 2023 1348; x_wconf 86' lang='lat' dir='ltr'>Contendamque</span> <span class='ocrx_word' id='word_1_1542' title='bbox 2037 1315 2072 1346; x_wconf 84' lang='lat' dir='ltr'>(li</span> <span class='ocrx_word' id='word_1_1543' title='bbox 2086 1316 2167 1342; x_wconf 89' lang='lat' dir='ltr'>modo</span> <span class='ocrx_word' id='word_1_1544' title='bbox 2182 1316 2212 1343; x_wconf 86' lang='lat' dir='ltr'>id</span> 
     </span>
     <span class='ocr_line' id='line_1_162' title="bbox 1165 1344 2211 1382; baseline 0.01 -13"><span class='ocrx_word' id='word_1_1545' title='bbox 1165 1344 1292 1378; x_wconf 86' lang='lat' dir='ltr'>consequi</span> <span class='ocrx_word' id='word_1_1546' title='bbox 1305 1347 1417 1379; x_wconf 88' lang='lat' dir='ltr'>potero)</span> <span class='ocrx_word' id='word_1_1547' title='bbox 1436 1349 1466 1370; x_wconf 89' lang='lat' dir='ltr'>vt</span> <span class='ocrx_word' id='word_1_1548' title='bbox 1485 1344 1513 1370; x_wconf 87' lang='lat' dir='ltr'>in</span> <span class='ocrx_word' id='word_1_1549' title='bbox 1534 1344 1581 1371; x_wconf 85' lang='lat' dir='ltr'>hac</span> <span class='ocrx_word' id='word_1_1550' title='bbox 1603 1347 1676 1372; x_wconf 79' lang='lat' dir='ltr'>causa</span> <span class='ocrx_word' id='word_1_1551' title='bbox 1691 1352 1770 1381; x_wconf 89' lang='lat' dir='ltr'>atque</span> <span class='ocrx_word' id='word_1_1552' title='bbox 1790 1346 1914 1374; x_wconf 80' lang='lat' dir='ltr'>vniuersa</span> <span class='ocrx_word' id='word_1_1553' title='bbox 1931 1348 2095 1382; x_wconf 77' lang='lat' dir='ltr'>defensione,</span> <span class='ocrx_word' id='word_1_1554' title='bbox 2107 1351 2176 1378; x_wconf 89' lang='lat' dir='ltr'>nihil</span> <span class='ocrx_word' id='word_1_1555' title='bbox 2195 1361 2211 1379; x_wconf 83' lang='lat' dir='ltr'>a</span> 
     </span>
     <span class='ocr_line' id='line_1_163' title="bbox 1164 1379 2212 1418; baseline 0.01 -13"><span class='ocrx_word' id='word_1_1556' title='bbox 1164 1389 1206 1405; x_wconf 88' lang='lat' dir='ltr'>me</span> <span class='ocrx_word' id='word_1_1557' title='bbox 1220 1379 1290 1413; x_wconf 85' lang='lat' dir='ltr'>quod</span> <span class='ocrx_word' id='word_1_1558' title='bbox 1300 1399 1308 1412; x_wconf 87' lang='lat'>,</span> <span class='ocrx_word' id='word_1_1559' title='bbox 1323 1386 1368 1406; x_wconf 80' lang='lat' dir='ltr'>etc.</span> <span class='ocrx_word' id='word_1_1560' title='bbox 1383 1380 1591 1414; x_wconf 74' lang='lat' dir='ltr'>praetermissum</span> <span class='ocrx_word' id='word_1_1561' title='bbox 1605 1382 1653 1407; x_wconf 78' lang='lat' dir='ltr'>effe</span> <span class='ocrx_word' id='word_1_1562' title='bbox 1665 1382 1796 1408; x_wconf 86' lang='lat' dir='ltr'>videatur.</span> <span class='ocrx_word' id='word_1_1563' title='bbox 1867 1383 2026 1418; x_wconf 84' lang='lat' dir='ltr'>Contendit,</span> <span class='ocrx_word' id='word_1_1564' title='bbox 2037 1392 2066 1412; x_wconf 84' lang='lat' dir='ltr'>vt</span> <span class='ocrx_word' id='word_1_1565' title='bbox 2079 1387 2112 1413; x_wconf 85' lang='lat' dir='ltr'>ad</span> <span class='ocrx_word' id='word_1_1566' title='bbox 2130 1388 2212 1415; x_wconf 80' lang='lat' dir='ltr'>castra</span> 
     </span>
     <span class='ocr_line' id='line_1_164' title="bbox 1163 1415 2210 1459; baseline 0.011 -20"><span class='ocrx_word' id='word_1_1567' title='bbox 1163 1415 1300 1454; x_wconf 70' lang='lat' dir='ltr'>perueniat</span> <span class='ocrx_word' id='word_1_1568' title='bbox 1319 1415 1375 1441; x_wconf 88' lang='lat' dir='ltr'>Cic.</span> <span class='ocrx_word' id='word_1_1569' title='bbox 1393 1415 1506 1450; x_wconf 88' lang='lat' dir='ltr'>Philipp.</span> <span class='ocrx_word' id='word_1_1570' title='bbox 1525 1425 1551 1449; x_wconf 91' lang='lat'>9,</span> <span class='ocrx_word' id='word_1_1571' title='bbox 1573 1424 1607 1450; x_wconf 76' lang='grc' dir='ltr'>ις.</span> <span class='ocrx_word' id='word_1_1572' title='bbox 1678 1417 1790 1445; x_wconf 81' lang='lat' dir='ltr'>Viribus</span> <span class='ocrx_word' id='word_1_1573' title='bbox 1809 1420 1968 1447; x_wconf 86' lang='lat' dir='ltr'>contendere</span> <span class='ocrx_word' id='word_1_1574' title='bbox 1988 1421 2091 1448; x_wconf 86' lang='lat' dir='ltr'>Lucret.</span> <span class='ocrx_word' id='word_1_1575' title='bbox 2109 1432 2129 1455; x_wconf 89' lang='grc'>3,</span> <span class='ocrx_word' id='word_1_1576' title='bbox 2150 1429 2210 1459; x_wconf 85' lang='lat'>784.</span> 
     </span>
     <span class='ocr_line' id='line_1_165' title="bbox 1164 1450 2212 1493; baseline 0.01 -18"><span class='ocrx_word' id='word_1_1577' title='bbox 1164 1450 1289 1476; x_wconf 80' lang='lat' dir='ltr'>Maximis</span> <span class='ocrx_word' id='word_1_1578' title='bbox 1307 1450 1445 1476; x_wconf 81' lang='lat' dir='ltr'>laboribus</span> <span class='ocrx_word' id='word_1_1579' title='bbox 1466 1457 1492 1478; x_wconf 86' lang='lat' dir='ltr'>et</span> <span class='ocrx_word' id='word_1_1580' title='bbox 1510 1452 1634 1486; x_wconf 81' lang='lat' dir='ltr'>periculis</span> <span class='ocrx_word' id='word_1_1581' title='bbox 1652 1452 1684 1479; x_wconf 86' lang='lat' dir='ltr'>ad</span> <span class='ocrx_word' id='word_1_1582' title='bbox 1703 1454 1830 1480; x_wconf 85' lang='lat' dir='ltr'>summam</span> <span class='ocrx_word' id='word_1_1583' title='bbox 1849 1453 1953 1482; x_wconf 85' lang='lat' dir='ltr'>laudem</span> <span class='ocrx_word' id='word_1_1584' title='bbox 1968 1456 2134 1493; x_wconf 86' lang='lat' dir='ltr'>gloriamque</span> <span class='ocrx_word' id='word_1_1585' title='bbox 2149 1468 2212 1486; x_wconf 86' lang='lat' dir='ltr'>con-</span> 
     </span>
     <span class='ocr_line' id='line_1_166' title="bbox 1162 1485 2211 1527; baseline 0.01 -16"><span class='ocrx_word' id='word_1_1586' title='bbox 1162 1485 1270 1512; x_wconf 87' lang='lat' dir='ltr'>tendere</span> <span class='ocrx_word' id='word_1_1587' title='bbox 1283 1486 1339 1512; x_wconf 86' lang='lat' dir='ltr'>Cic.</span> <span class='ocrx_word' id='word_1_1588' title='bbox 1355 1485 1468 1520; x_wconf 83' lang='lat' dir='ltr'>Philipp.</span> <span class='ocrx_word' id='word_1_1589' title='bbox 1485 1496 1525 1521; x_wconf 69' lang='grc'>14,</span> <span class='ocrx_word' id='word_1_1590' title='bbox 1536 1497 1564 1519; x_wconf 79' lang='lat'>32</span> <span class='ocrx_word' id='word_1_1591' title='bbox 1586 1497 1607 1514; x_wconf 90' lang='lat' dir='ltr'>c.</span> <span class='ocrx_word' id='word_1_1592' title='bbox 1622 1496 1658 1514; x_wconf 87' lang='lat'>12.</span> <span class='ocrx_word' id='word_1_1593' title='bbox 1729 1490 1816 1515; x_wconf 68' lang='lat' dir='ltr'>Pteme</span> <span class='ocrx_word' id='word_1_1594' title='bbox 1827 1489 1907 1524; x_wconf 82' lang='lat' dir='ltr'>sunt,</span> <span class='ocrx_word' id='word_1_1595' title='bbox 1921 1498 1944 1517; x_wconf 83' lang='lat' dir='ltr'>et</span> <span class='ocrx_word' id='word_1_1596' title='bbox 1957 1493 2106 1527; x_wconf 77' lang='lat' dir='ltr'>reliquarum</span> <span class='ocrx_word' id='word_1_1597' title='bbox 2120 1495 2211 1522; x_wconf 77' lang='lat' dir='ltr'>intelli—</span> 
     </span>
     <span class='ocr_line' id='line_1_167' title="bbox 1161 1522 2211 1564; baseline 0.009 -17"><span class='ocrx_word' id='word_1_1598' title='bbox 1161 1524 1272 1557; x_wconf 72' lang='lat' dir='ltr'>gentiam</span> <span class='ocrx_word' id='word_1_1599' title='bbox 1292 1524 1381 1548; x_wconf 75' lang='lat' dir='ltr'>iuuant</span> <span class='ocrx_word' id='word_1_1600' title='bbox 1401 1531 1439 1547; x_wconf 70' lang='lat' dir='ltr'>ear</span> <span class='ocrx_word' id='word_1_1601' title='bbox 1451 1522 1595 1556; x_wconf 67' lang='lat' dir='ltr'>formulae,</span> <span class='ocrx_word' id='word_1_1602' title='bbox 1611 1526 1638 1549; x_wconf 82' lang='lat' dir='ltr'>in</span> <span class='ocrx_word' id='word_1_1603' title='bbox 1657 1523 1744 1559; x_wconf 77' lang='lat' dir='ltr'>quibus</span> <span class='ocrx_word' id='word_1_1604' title='bbox 1757 1524 1915 1551; x_wconf 86' lang='lat' dir='ltr'>Neruorum</span> <span class='ocrx_word' id='word_1_1605' title='bbox 1934 1531 2024 1553; x_wconf 74' lang='lat' dir='ltr'>mentio</span> <span class='ocrx_word' id='word_1_1606' title='bbox 2036 1528 2088 1564; x_wconf 81' lang='lat' dir='ltr'>fit,</span> <span class='ocrx_word' id='word_1_1607' title='bbox 2105 1537 2133 1555; x_wconf 83' lang='grc' dir='ltr'>υι</span> <span class='ocrx_word' id='word_1_1608' title='bbox 2154 1531 2211 1558; x_wconf 77' lang='lat' dir='ltr'>Cic.</span> 
     </span>
     <span class='ocr_line' id='line_1_168' title="bbox 1165 1557 2212 1599; baseline 0.01 -16"><span class='ocrx_word' id='word_1_1609' title='bbox 1165 1559 1241 1584; x_wconf 87' lang='lat' dir='ltr'>Verr.</span> <span class='ocrx_word' id='word_1_1610' title='bbox 1255 1566 1277 1589; x_wconf 80' lang='lat'>3,</span> <span class='ocrx_word' id='word_1_1611' title='bbox 1294 1565 1336 1589; x_wconf 80' lang='lat'>130</span> <span class='ocrx_word' id='word_1_1612' title='bbox 1373 1557 1506 1584; x_wconf 84' lang='lat' dir='ltr'>Omnibus</span> <span class='ocrx_word' id='word_1_1613' title='bbox 1525 1559 1595 1584; x_wconf 86' lang='lat' dir='ltr'>enim</span> <span class='ocrx_word' id='word_1_1614' title='bbox 1610 1559 1698 1585; x_wconf 86' lang='lat' dir='ltr'>neruis</span> <span class='ocrx_word' id='word_1_1615' title='bbox 1718 1559 1787 1587; x_wconf 88' lang='lat' dir='ltr'>mihi</span> <span class='ocrx_word' id='word_1_1616' title='bbox 1801 1568 1851 1586; x_wconf 87' lang='lat' dir='ltr'>con</span> <span class='ocrx_word' id='word_1_1617' title='bbox 1898 1560 2013 1589; x_wconf 85' lang='lat' dir='ltr'>dendum</span> <span class='ocrx_word' id='word_1_1618' title='bbox 2027 1563 2077 1598; x_wconf 87' lang='lat' dir='ltr'>est,</span> <span class='ocrx_word' id='word_1_1619' title='bbox 2090 1571 2169 1599; x_wconf 85' lang='lat' dir='ltr'>atque</span> <span class='ocrx_word' id='word_1_1620' title='bbox 2183 1567 2212 1592; x_wconf 88' lang='lat' dir='ltr'>in</span> 
     </span>
     <span class='ocr_line' id='line_1_169' title="bbox 1163 1592 2212 1633; baseline 0.01 -15"><span class='ocrx_word' id='word_1_1621' title='bbox 1163 1592 1214 1619; x_wconf 89' lang='lat' dir='ltr'>hoc</span> <span class='ocrx_word' id='word_1_1622' title='bbox 1228 1592 1434 1625; x_wconf 83' lang='lat' dir='ltr'>elaborandum,</span> <span class='ocrx_word' id='word_1_1623' title='bbox 1448 1600 1477 1620; x_wconf 89' lang='lat' dir='ltr'>vt</span> <span class='ocrx_word' id='word_1_1624' title='bbox 1491 1603 1583 1620; x_wconf 88' lang='lat' dir='ltr'>omnes</span> <span class='ocrx_word' id='word_1_1625' title='bbox 1597 1593 1755 1629; x_wconf 79' lang='lat' dir='ltr'>intelligant.</span> <span class='ocrx_word' id='word_1_1626' title='bbox 1825 1597 1838 1622; x_wconf 87' lang='lat'>1</span> <span class='ocrx_word' id='word_1_1627' title='bbox 1892 1606 1900 1622; x_wconf 76' lang='lat'><em>2</em></span> <span class='ocrx_word' id='word_1_1628' title='bbox 1915 1597 1988 1625; x_wconf 84' lang='lat' dir='ltr'>Fam.</span> <span class='ocrx_word' id='word_1_1629' title='bbox 2004 1607 2039 1632; x_wconf 79' lang='grc' dir='ltr'>ις,</span> <span class='ocrx_word' id='word_1_1630' title='bbox 2052 1609 2082 1633; x_wconf 87' lang='lat'>14</span> <span class='ocrx_word' id='word_1_1631' title='bbox 2114 1601 2153 1628; x_wconf 88' lang='lat' dir='ltr'>De</span> <span class='ocrx_word' id='word_1_1632' title='bbox 2167 1611 2212 1629; x_wconf 86' lang='lat' dir='ltr'>me</span> 
     </span>
     <span class='ocr_line' id='line_1_170' title="bbox 1162 1629 2212 1665; baseline 0.01 -10"><span class='ocrx_word' id='word_1_1633' title='bbox 1162 1635 1250 1656; x_wconf 81' lang='lat' dir='ltr'>antem</span> <span class='ocrx_word' id='word_1_1634' title='bbox 1264 1629 1336 1655; x_wconf 85' lang='lat' dir='ltr'>idem</span> <span class='ocrx_word' id='word_1_1635' title='bbox 1352 1634 1441 1655; x_wconf 79' lang='lat' dir='ltr'>tecum</span> <span class='ocrx_word' id='word_1_1636' title='bbox 1453 1629 1495 1657; x_wconf 88' lang='lat' dir='ltr'>his</span> <span class='ocrx_word' id='word_1_1637' title='bbox 1509 1639 1558 1664; x_wconf 82' lang='lat' dir='ltr'>ago</span> <span class='ocrx_word' id='word_1_1638' title='bbox 1573 1630 1674 1663; x_wconf 86' lang='lat' dir='ltr'>literis,</span> <span class='ocrx_word' id='word_1_1639' title='bbox 1689 1630 1761 1665; x_wconf 86' lang='lat' dir='ltr'>quod</span> <span class='ocrx_word' id='word_1_1640' title='bbox 1780 1632 1977 1665; x_wconf 86' lang='lat' dir='ltr'>superioribus:</span> <span class='ocrx_word' id='word_1_1641' title='bbox 2003 1639 2031 1661; x_wconf 86' lang='lat' dir='ltr'>vt</span> <span class='ocrx_word' id='word_1_1642' title='bbox 2045 1644 2137 1663; x_wconf 85' lang='lat' dir='ltr'>ornnes</span> <span class='ocrx_word' id='word_1_1643' title='bbox 2151 1643 2212 1665; x_wconf 82' lang='lat' dir='ltr'>tuos</span> 
     </span>
     <span class='ocr_line' id='line_1_171' title="bbox 1161 1664 2210 1707; baseline 0.01 -17"><span class='ocrx_word' id='word_1_1644' title='bbox 1161 1674 1259 1691; x_wconf 86' lang='lat' dir='ltr'>neruos</span> <span class='ocrx_word' id='word_1_1645' title='bbox 1274 1665 1301 1691; x_wconf 85' lang='lat' dir='ltr'>in</span> <span class='ocrx_word' id='word_1_1646' title='bbox 1316 1674 1348 1691; x_wconf 87' lang='lat' dir='ltr'>eo</span> <span class='ocrx_word' id='word_1_1647' title='bbox 1361 1664 1512 1697; x_wconf 72' lang='lat' dir='ltr'>contendas,</span> <span class='ocrx_word' id='word_1_1648' title='bbox 1531 1675 1564 1692; x_wconf 89' lang='lat' dir='ltr'>ne</span> <span class='ocrx_word' id='word_1_1649' title='bbox 1577 1666 1642 1701; x_wconf 90' lang='lat' dir='ltr'>quid</span> <span class='ocrx_word' id='word_1_1650' title='bbox 1656 1666 1725 1693; x_wconf 82' lang='lat' dir='ltr'>mihi</span> <span class='ocrx_word' id='word_1_1651' title='bbox 1739 1666 1771 1693; x_wconf 86' lang='lat' dir='ltr'>ad</span> <span class='ocrx_word' id='word_1_1652' title='bbox 1784 1666 1851 1694; x_wconf 89' lang='lat' dir='ltr'>hanc</span> <span class='ocrx_word' id='word_1_1653' title='bbox 1862 1670 2046 1703; x_wconf 87' lang='lat' dir='ltr'>prouinciam,</span> <span class='ocrx_word' id='word_1_1654' title='bbox 2061 1681 2151 1707; x_wconf 83' lang='lat' dir='ltr'>quam,</span> <span class='ocrx_word' id='word_1_1655' title='bbox 2163 1680 2210 1701; x_wconf 83' lang='lat' dir='ltr'>etc.</span> 
     </span>
     <span class='ocr_line' id='line_1_172' title="bbox 1161 1702 2211 1736; baseline 0.01 -10"><span class='ocrx_word' id='word_1_1656' title='bbox 1161 1703 1179 1726; x_wconf 85' lang='lat' dir='ltr'>i.</span> <span class='ocrx_word' id='word_1_1657' title='bbox 1203 1702 1293 1727; x_wconf 69' lang='lat' dir='ltr'>Omnes</span> <span class='ocrx_word' id='word_1_1658' title='bbox 1313 1708 1370 1727; x_wconf 77' lang='lat' dir='ltr'>tuas</span> <span class='ocrx_word' id='word_1_1659' title='bbox 1388 1704 1458 1727; x_wconf 78' lang='lat' dir='ltr'>vires</span> <span class='ocrx_word' id='word_1_1660' title='bbox 1474 1702 1610 1735; x_wconf 72' lang='lat' dir='ltr'>impendas.</span> <span class='ocrx_word' id='word_1_1661' title='bbox 1669 1702 1710 1728; x_wconf 81' lang='lat' dir='ltr'>Sic</span> <span class='ocrx_word' id='word_1_1662' title='bbox 1723 1703 1893 1730; x_wconf 86' lang='lat' dir='ltr'>Contendere</span> <span class='ocrx_word' id='word_1_1663' title='bbox 1909 1713 2008 1732; x_wconf 89' lang='lat' dir='ltr'>neruos</span> <span class='ocrx_word' id='word_1_1664' title='bbox 2023 1708 2116 1734; x_wconf 85' lang='lat' dir='ltr'>aetatis</span> <span class='ocrx_word' id='word_1_1665' title='bbox 2133 1709 2211 1736; x_wconf 89' lang='lat' dir='ltr'>indu-</span> 
     </span>
     <span class='ocr_line' id='line_1_173' title="bbox 1161 1735 2210 1778; baseline 0.006 -16"><span class='ocrx_word' id='word_1_1666' title='bbox 1161 1735 1292 1771; x_wconf 83' lang='lat' dir='ltr'>striaeque</span> <span class='ocrx_word' id='word_1_1667' title='bbox 1306 1737 1366 1764; x_wconf 86' lang='lat' dir='ltr'>suae</span> <span class='ocrx_word' id='word_1_1668' title='bbox 1381 1737 1408 1762; x_wconf 89' lang='lat' dir='ltr'>in</span> <span class='ocrx_word' id='word_1_1669' title='bbox 1422 1745 1451 1762; x_wconf 90' lang='lat' dir='ltr'>re</span> <span class='ocrx_word' id='word_1_1670' title='bbox 1464 1736 1555 1771; x_wconf 84' lang='lat' dir='ltr'>aliqua</span> <span class='ocrx_word' id='word_1_1671' title='bbox 1567 1737 1623 1764; x_wconf 85' lang='lat' dir='ltr'>Cic.</span> <span class='ocrx_word' id='word_1_1672' title='bbox 1633 1737 1691 1763; x_wconf 70' lang='grc' dir='ltr'>Αᾶὶ.</span> <span class='ocrx_word' id='word_1_1673' title='bbox 1707 1745 1717 1764; x_wconf 90' lang='grc'>1</span> <span class='ocrx_word' id='word_1_1674' title='bbox 1730 1738 1758 1765; x_wconf 86' lang='lat' dir='ltr'>in</span> <span class='ocrx_word' id='word_1_1675' title='bbox 1767 1740 1844 1766; x_wconf 84' lang='lat' dir='ltr'>Verr.</span> <span class='ocrx_word' id='word_1_1676' title='bbox 1858 1748 1894 1772; x_wconf 78' lang='lat'>33.</span> <span class='ocrx_word' id='word_1_1677' title='bbox 1949 1741 2050 1771; x_wconf 13' lang='lat' dir='ltr'>1d 0ff.</span> <span class='ocrx_word' id='word_1_1678' title='bbox 2065 1752 2088 1776; x_wconf 69' lang='grc' dir='ltr'>ε,</span> <span class='ocrx_word' id='word_1_1679' title='bbox 2103 1752 2136 1778; x_wconf 81' lang='grc' dir='ltr'>4ς</span> <span class='ocrx_word' id='word_1_1680' title='bbox 2152 1745 2210 1771; x_wconf 82' lang='lat' dir='ltr'>Ma.</span> 
     </span>
     <span class='ocr_line' id='line_1_174' title="bbox 1161 1771 2210 1808; baseline 0.01 -10"><span class='ocrx_word' id='word_1_1681' title='bbox 1161 1781 1211 1806; x_wconf 85' lang='lat' dir='ltr'>gna</span> <span class='ocrx_word' id='word_1_1682' title='bbox 1230 1772 1359 1806; x_wconf 65' lang='lat' dir='ltr'>speeiare,</span> <span class='ocrx_word' id='word_1_1683' title='bbox 1385 1778 1410 1798; x_wconf 88' lang='lat' dir='ltr'>et</span> <span class='ocrx_word' id='word_1_1684' title='bbox 1431 1771 1465 1799; x_wconf 86' lang='lat' dir='ltr'>ad</span> <span class='ocrx_word' id='word_1_1685' title='bbox 1486 1780 1516 1799; x_wconf 85' lang='lat' dir='ltr'>ea</span> <span class='ocrx_word' id='word_1_1686' title='bbox 1534 1773 1615 1801; x_wconf 65' lang='lat' dir='ltr'>rectis</span> <span class='ocrx_word' id='word_1_1687' title='bbox 1634 1773 1726 1800; x_wconf 84' lang='lat' dir='ltr'>studiis</span> <span class='ocrx_word' id='word_1_1688' title='bbox 1746 1774 1842 1802; x_wconf 87' lang='lat' dir='ltr'>debent</span> <span class='ocrx_word' id='word_1_1689' title='bbox 1854 1777 2031 1805; x_wconf 81' lang='lat' dir='ltr'>Contendere.</span> <span class='ocrx_word' id='word_1_1690' title='bbox 2103 1773 2210 1808; x_wconf 74' lang='lat' dir='ltr'>Frustra</span> 
     </span>
     <span class='ocr_line' id='line_1_175' title="bbox 1161 1806 2211 1851; baseline 0.01 -18"><span class='ocrx_word' id='word_1_1691' title='bbox 1161 1808 1235 1841; x_wconf 84' lang='lat' dir='ltr'>Virg.</span> <span class='ocrx_word' id='word_1_1692' title='bbox 1250 1807 1302 1834; x_wconf 80' lang='lat' dir='ltr'>Ecl.</span> <span class='ocrx_word' id='word_1_1693' title='bbox 1317 1816 1347 1851; x_wconf 64' lang='lat'>7,</span> <span class='ocrx_word' id='word_1_1694' title='bbox 1358 1810 1402 1841; x_wconf 84' lang='lat'>69.</span> <span class='ocrx_word' id='word_1_1695' title='bbox 1600 1806 1620 1846; x_wconf 55' lang='grc' dir='ltr'>ᾖ</span> <span class='ocrx_word' id='word_1_1696' title='bbox 1639 1818 1659 1843; x_wconf 86' lang='lat'>4</span> <span class='ocrx_word' id='word_1_1697' title='bbox 1693 1811 1797 1850; x_wconf 78' lang='lat' dir='ltr'>Dicitur</span> <span class='ocrx_word' id='word_1_1698' title='bbox 1816 1815 1890 1838; x_wconf 82' lang='lat' dir='ltr'>etiam</span> <span class='ocrx_word' id='word_1_1699' title='bbox 1910 1814 2079 1842; x_wconf 89' lang='lat' dir='ltr'>Contendere</span> <span class='ocrx_word' id='word_1_1700' title='bbox 2106 1816 2211 1851; x_wconf 83' lang='lat' dir='ltr'>aliquid</span> 
     </span>
     <span class='ocr_line' id='line_1_176' title="bbox 1159 1843 2211 1885; baseline 0.01 -16"><span class='ocrx_word' id='word_1_1701' title='bbox 1159 1843 1193 1870; x_wconf 84' lang='lat' dir='ltr'>ab</span> <span class='ocrx_word' id='word_1_1702' title='bbox 1209 1844 1317 1878; x_wconf 80' lang='lat' dir='ltr'>aliquo,</span> <span class='ocrx_word' id='word_1_1703' title='bbox 1337 1854 1355 1870; x_wconf 83' lang='lat'>1.</span> <span class='ocrx_word' id='word_1_1704' title='bbox 1375 1844 1533 1872; x_wconf 71' lang='lat' dir='ltr'>Vehementer</span> <span class='ocrx_word' id='word_1_1705' title='bbox 1541 1851 1634 1881; x_wconf 76' lang='lat' dir='ltr'>petere.</span> <span class='ocrx_word' id='word_1_1706' title='bbox 1681 1846 1737 1872; x_wconf 75' lang='lat' dir='ltr'>Cic.</span> <span class='ocrx_word' id='word_1_1707' title='bbox 1747 1847 1818 1874; x_wconf 86' lang='lat' dir='ltr'>Fam.</span> <span class='ocrx_word' id='word_1_1708' title='bbox 1834 1856 1870 1880; x_wconf 82' lang='grc'>13,</span> <span class='ocrx_word' id='word_1_1709' title='bbox 1883 1853 1897 1878; x_wconf 88' lang='lat'>8</span> <span class='ocrx_word' id='word_1_1710' title='bbox 1918 1848 1984 1876; x_wconf 90' lang='lat' dir='ltr'>Non</span> <span class='ocrx_word' id='word_1_1711' title='bbox 1998 1857 2055 1877; x_wconf 82' lang='lat' dir='ltr'>erat</span> <span class='ocrx_word' id='word_1_1712' title='bbox 2065 1853 2149 1885; x_wconf 86' lang='lat' dir='ltr'>causa,</span> <span class='ocrx_word' id='word_1_1713' title='bbox 2162 1861 2211 1880; x_wconf 82' lang='lat' dir='ltr'>cur</span> 
     </span>
     <span class='ocr_line' id='line_1_177' title="bbox 1159 1879 2210 1920; baseline 0.01 -15"><span class='ocrx_word' id='word_1_1714' title='bbox 1159 1888 1174 1905; x_wconf 89' lang='lat' dir='ltr'>a</span> <span class='ocrx_word' id='word_1_1715' title='bbox 1190 1879 1285 1919; x_wconf 56' lang='lat' dir='ltr'>tehoc</span> <span class='ocrx_word' id='word_1_1716' title='bbox 1305 1886 1426 1915; x_wconf 82' lang='lat' dir='ltr'>tempore</span> <span class='ocrx_word' id='word_1_1717' title='bbox 1446 1881 1550 1916; x_wconf 84' lang='lat' dir='ltr'>aliquid</span> <span class='ocrx_word' id='word_1_1718' title='bbox 1570 1881 1764 1909; x_wconf 86' lang='lat' dir='ltr'>contenderem.</span> <span class='ocrx_word' id='word_1_1719' title='bbox 1837 1883 1909 1911; x_wconf 85' lang='lat' dir='ltr'>Idem</span> <span class='ocrx_word' id='word_1_1720' title='bbox 1924 1885 1995 1912; x_wconf 84' lang='lat' dir='ltr'>Fam.</span> <span class='ocrx_word' id='word_1_1721' title='bbox 2011 1894 2045 1919; x_wconf 86' lang='lat'>12,</span> <span class='ocrx_word' id='word_1_1722' title='bbox 2058 1895 2092 1920; x_wconf 85' lang='lat'>29</span> <span class='ocrx_word' id='word_1_1723' title='bbox 2130 1888 2179 1915; x_wconf 88' lang='lat' dir='ltr'>Sed</span> <span class='ocrx_word' id='word_1_1724' title='bbox 2193 1897 2210 1916; x_wconf 89' lang='lat' dir='ltr'>a</span> 
     </span>
     <span class='ocr_line' id='line_1_178' title="bbox 1160 1915 2210 1957; baseline 0.01 -16"><span class='ocrx_word' id='word_1_1725' title='bbox 1160 1915 1290 1950; x_wconf 77' lang='lat' dir='ltr'>magistris</span> <span class='ocrx_word' id='word_1_1726' title='bbox 1305 1925 1388 1951; x_wconf 88' lang='lat' dir='ltr'>quum</span> <span class='ocrx_word' id='word_1_1727' title='bbox 1410 1917 1597 1944; x_wconf 85' lang='lat' dir='ltr'>contenderem</span> <span class='ocrx_word' id='word_1_1728' title='bbox 1617 1917 1649 1943; x_wconf 88' lang='lat' dir='ltr'>de</span> <span class='ocrx_word' id='word_1_1729' title='bbox 1668 1918 1831 1952; x_wconf 86' lang='lat' dir='ltr'>proferendo</span> <span class='ocrx_word' id='word_1_1730' title='bbox 1853 1919 1912 1953; x_wconf 84' lang='lat' dir='ltr'>die,</span> <span class='ocrx_word' id='word_1_1731' title='bbox 1932 1922 2115 1956; x_wconf 84' lang='lat' dir='ltr'>probauerunt</span> <span class='ocrx_word' id='word_1_1732' title='bbox 2128 1924 2210 1957; x_wconf 86' lang='lat' dir='ltr'>mihi,</span> 
     </span>
     <span class='ocr_line' id='line_1_179' title="bbox 1157 1951 2210 1993; baseline 0.009 -16"><span class='ocrx_word' id='word_1_1733' title='bbox 1157 1958 1204 1977; x_wconf 77' lang='lat' dir='ltr'>etc.</span> <span class='ocrx_word' id='word_1_1734' title='bbox 1264 1953 1296 1978; x_wconf 73' lang='lat' dir='ltr'>Et</span> <span class='ocrx_word' id='word_1_1735' title='bbox 1309 1951 1341 1978; x_wconf 89' lang='lat' dir='ltr'>ad</span> <span class='ocrx_word' id='word_1_1736' title='bbox 1355 1953 1427 1979; x_wconf 90' lang='lat' dir='ltr'>Brut.</span> <span class='ocrx_word' id='word_1_1737' title='bbox 1441 1962 1470 1986; x_wconf 88' lang='lat'>14</span> <span class='ocrx_word' id='word_1_1738' title='bbox 1497 1954 1587 1988; x_wconf 76' lang='lat' dir='ltr'>Qiare</span> <span class='ocrx_word' id='word_1_1739' title='bbox 1602 1953 1677 1981; x_wconf 89' lang='lat' dir='ltr'>omni</span> <span class='ocrx_word' id='word_1_1740' title='bbox 1691 1953 1778 1980; x_wconf 86' lang='lat' dir='ltr'>studio</span> <span class='ocrx_word' id='word_1_1741' title='bbox 1797 1964 1812 1981; x_wconf 87' lang='lat' dir='ltr'>a</span> <span class='ocrx_word' id='word_1_1742' title='bbox 1830 1960 1872 1988; x_wconf 88' lang='lat' dir='ltr'>te,</span> <span class='ocrx_word' id='word_1_1743' title='bbox 1891 1956 1929 1983; x_wconf 88' lang='lat' dir='ltr'>mi</span> <span class='ocrx_word' id='word_1_1744' title='bbox 1942 1958 2037 1990; x_wconf 90' lang='lat' dir='ltr'>Brute,</span> <span class='ocrx_word' id='word_1_1745' title='bbox 2058 1960 2210 1993; x_wconf 78' lang='lat' dir='ltr'>Contende,</span> 
     </span>
     <span class='ocr_line' id='line_1_180' title="bbox 1159 1987 2210 2027; baseline 0.01 -14"><span class='ocrx_word' id='word_1_1746' title='bbox 1159 1992 1188 2013; x_wconf 88' lang='lat' dir='ltr'>vt</span> <span class='ocrx_word' id='word_1_1747' title='bbox 1201 1987 1460 2016; x_wconf 75' lang='lat' dir='ltr'>Ciceronem‘meum</span> <span class='ocrx_word' id='word_1_1748' title='bbox 1473 1998 1506 2015; x_wconf 87' lang='lat' dir='ltr'>ne</span> <span class='ocrx_word' id='word_1_1749' title='bbox 1521 1989 1649 2016; x_wconf 78' lang='lat' dir='ltr'>dimittas.</span> <span class='ocrx_word' id='word_1_1750' title='bbox 1695 1990 1750 2016; x_wconf 84' lang='lat' dir='ltr'>Cic.</span> <span class='ocrx_word' id='word_1_1751' title='bbox 1765 1990 1822 2017; x_wconf 70' lang='lat' dir='ltr'>Aet.</span> <span class='ocrx_word' id='word_1_1752' title='bbox 1840 2000 1849 2018; x_wconf 90' lang='lat'>1</span> <span class='ocrx_word' id='word_1_1753' title='bbox 1863 1992 1892 2018; x_wconf 92' lang='lat' dir='ltr'>in</span> <span class='ocrx_word' id='word_1_1754' title='bbox 1905 1993 1981 2020; x_wconf 85' lang='lat' dir='ltr'>Verr.</span> <span class='ocrx_word' id='word_1_1755' title='bbox 1994 2002 2028 2027; x_wconf 85' lang='lat'>29</span> <span class='ocrx_word' id='word_1_1756' title='bbox 2045 1996 2084 2021; x_wconf 89' lang='lat' dir='ltr'>Ita</span> <span class='ocrx_word' id='word_1_1757' title='bbox 2097 1996 2210 2022; x_wconf 84' lang='lat' dir='ltr'>manife—</span> 
     </span>
     <span class='ocr_line' id='line_1_181' title="bbox 1159 2023 2210 2064; baseline 0.009 -15"><span class='ocrx_word' id='word_1_1758' title='bbox 1159 2023 1207 2049; x_wconf 78' lang='lat' dir='ltr'>stas</span> <span class='ocrx_word' id='word_1_1759' title='bbox 1223 2024 1375 2058; x_wconf 85' lang='lat' dir='ltr'>proferam,</span> <span class='ocrx_word' id='word_1_1760' title='bbox 1395 2030 1424 2051; x_wconf 87' lang='lat' dir='ltr'>vt</span> <span class='ocrx_word' id='word_1_1761' title='bbox 1439 2034 1519 2051; x_wconf 89' lang='lat' dir='ltr'>nemo</span> <span class='ocrx_word' id='word_1_1762' title='bbox 1533 2034 1551 2052; x_wconf 80' lang='lat' dir='ltr'>a.</span> <span class='ocrx_word' id='word_1_1763' title='bbox 1561 2025 1654 2057; x_wconf 82' lang='lat' dir='ltr'>vobis,</span> <span class='ocrx_word' id='word_1_1764' title='bbox 1671 2031 1700 2052; x_wconf 87' lang='lat' dir='ltr'>vt</span> <span class='ocrx_word' id='word_1_1765' title='bbox 1713 2025 1791 2052; x_wconf 87' lang='lat' dir='ltr'>istum</span> <span class='ocrx_word' id='word_1_1766' title='bbox 1804 2026 1947 2054; x_wconf 87' lang='lat' dir='ltr'>absoluatis</span> <span class='ocrx_word' id='word_1_1767' title='bbox 1961 2038 2008 2063; x_wconf 83' lang='lat' dir='ltr'>per</span> <span class='ocrx_word' id='word_1_1768' title='bbox 2020 2031 2132 2063; x_wconf 82' lang='lat' dir='ltr'>gratiam</span> <span class='ocrx_word' id='word_1_1769' title='bbox 2141 2051 2150 2064; x_wconf 94' lang='lat'>,</span> <span class='ocrx_word' id='word_1_1770' title='bbox 2167 2040 2210 2058; x_wconf 86' lang='lat' dir='ltr'>co-</span> 
     </span>
     <span class='ocr_line' id='line_1_182' title="bbox 1158 2059 2211 2096; baseline 0.008 -11"><span class='ocrx_word' id='word_1_1771' title='bbox 1158 2065 1236 2089; x_wconf 77' lang='lat' dir='ltr'>netur</span> <span class='ocrx_word' id='word_1_1772' title='bbox 1254 2059 1432 2087; x_wconf 80' lang='lat' dir='ltr'>Contendere.</span> <span class='ocrx_word' id='word_1_1773' title='bbox 1486 2061 1561 2088; x_wconf 88' lang='lat' dir='ltr'>Idem</span> <span class='ocrx_word' id='word_1_1774' title='bbox 1575 2062 1689 2096; x_wconf 76' lang='lat' dir='ltr'>QFrat.</span> <span class='ocrx_word' id='word_1_1775' title='bbox 1705 2070 1728 2094; x_wconf 87' lang='grc'>3,</span> <span class='ocrx_word' id='word_1_1776' title='bbox 1743 2070 1764 2094; x_wconf 91' lang='grc' dir='ltr'>ι,</span> <span class='ocrx_word' id='word_1_1777' title='bbox 1777 2069 1791 2095; x_wconf 79' lang='grc'><em>5</em></span> <span class='ocrx_word' id='word_1_1778' title='bbox 1811 2063 1951 2096; x_wconf 78' lang='lat' dir='ltr'>Pompeius</span> <span class='ocrx_word' id='word_1_1779' title='bbox 1963 2073 1978 2089; x_wconf 89' lang='lat' dir='ltr'>a</span> <span class='ocrx_word' id='word_1_1780' title='bbox 1991 2073 2035 2090; x_wconf 81' lang='lat' dir='ltr'>me</span> <span class='ocrx_word' id='word_1_1781' title='bbox 2047 2065 2133 2092; x_wconf 85' lang='lat' dir='ltr'>Valde</span> <span class='ocrx_word' id='word_1_1782' title='bbox 2148 2075 2211 2093; x_wconf 85' lang='lat' dir='ltr'>con·</span> 
     </span>
     <span class='ocr_line' id='line_1_183' title="bbox 1158 2095 2209 2136; baseline 0.009 -16"><span class='ocrx_word' id='word_1_1783' title='bbox 1158 2095 1243 2121; x_wconf 86' lang='lat' dir='ltr'>tendit</span> <span class='ocrx_word' id='word_1_1784' title='bbox 1256 2095 1288 2121; x_wconf 88' lang='lat' dir='ltr'>de</span> <span class='ocrx_word' id='word_1_1785' title='bbox 1302 2095 1390 2122; x_wconf 84' lang='lat' dir='ltr'>reditu</span> <span class='ocrx_word' id='word_1_1786' title='bbox 1403 2097 1431 2122; x_wconf 88' lang='lat' dir='ltr'>in</span> <span class='ocrx_word' id='word_1_1787' title='bbox 1444 2097 1566 2131; x_wconf 79' lang='lat' dir='ltr'>gratiam.</span> <span class='ocrx_word' id='word_1_1788' title='bbox 1637 2097 1763 2122; x_wconf 86' lang='lat' dir='ltr'>Plurimis</span> <span class='ocrx_word' id='word_1_1789' title='bbox 1778 2097 1868 2123; x_wconf 82' lang='lat' dir='ltr'>verbis</span> <span class='ocrx_word' id='word_1_1790' title='bbox 1881 2097 1984 2132; x_wconf 89' lang='lat' dir='ltr'>aliquid</span> <span class='ocrx_word' id='word_1_1791' title='bbox 1998 2099 2031 2126; x_wconf 87' lang='lat' dir='ltr'>ab</span> <span class='ocrx_word' id='word_1_1792' title='bbox 2044 2100 2138 2136; x_wconf 88' lang='lat' dir='ltr'>aliquo</span> <span class='ocrx_word' id='word_1_1793' title='bbox 2168 2102 2209 2129; x_wconf 87' lang='lat' dir='ltr'>Id.</span> 
     </span>
     <span class='ocr_line' id='line_1_184' title="bbox 1155 2130 2209 2169; baseline 0.01 -15"><span class='ocrx_word' id='word_1_1794' title='bbox 1155 2130 1189 2154; x_wconf 90' lang='lat' dir='ltr'>de</span> <span class='ocrx_word' id='word_1_1795' title='bbox 1203 2131 1277 2156; x_wconf 85' lang='lat' dir='ltr'>Orat.</span> <span class='ocrx_word' id='word_1_1796' title='bbox 1291 2139 1311 2162; x_wconf 86' lang='lat' dir='ltr'>r,</span> <span class='ocrx_word' id='word_1_1797' title='bbox 1326 2133 1380 2157; x_wconf 87' lang='lat'>166.</span> <span class='ocrx_word' id='word_1_1798' title='bbox 1455 2131 1610 2156; x_wconf 83' lang='lat' dir='ltr'>Verecunde</span> <span class='ocrx_word' id='word_1_1799' title='bbox 1623 2130 1726 2165; x_wconf 89' lang='lat' dir='ltr'>aliquid</span> <span class='ocrx_word' id='word_1_1800' title='bbox 1738 2131 1772 2158; x_wconf 89' lang='lat' dir='ltr'>ab</span> <span class='ocrx_word' id='word_1_1801' title='bbox 1784 2131 1877 2167; x_wconf 85' lang='lat' dir='ltr'>aliquo</span> <span class='ocrx_word' id='word_1_1802' title='bbox 1903 2134 1959 2161; x_wconf 81' lang='lat' dir='ltr'>Cic.</span> <span class='ocrx_word' id='word_1_1803' title='bbox 1975 2135 2047 2163; x_wconf 88' lang='lat' dir='ltr'>Fam.</span> <span class='ocrx_word' id='word_1_1804' title='bbox 2061 2145 2087 2169; x_wconf 84' lang='lat'>2,</span> <span class='ocrx_word' id='word_1_1805' title='bbox 2100 2139 2126 2164; x_wconf 89' lang='lat'>6.</span> <span class='ocrx_word' id='word_1_1806' title='bbox 2182 2139 2209 2165; x_wconf 67' lang='lat'>1⁵</span> 
     </span>
     <span class='ocr_line' id='line_1_185' title="bbox 1154 2164 2207 2206; baseline 0.01 -17"><span class='ocrx_word' id='word_1_1807' title='bbox 1154 2164 1321 2198; x_wconf 76' lang='lat' dir='ltr'>magistratus</span> <span class='ocrx_word' id='word_1_1808' title='bbox 1340 2167 1442 2191; x_wconf 85' lang='lat' dir='ltr'>summa</span> <span class='ocrx_word' id='word_1_1809' title='bbox 1455 2164 1604 2192; x_wconf 85' lang='lat' dir='ltr'>ambitione</span> <span class='ocrx_word' id='word_1_1810' title='bbox 1621 2174 1635 2192; x_wconf 90' lang='lat' dir='ltr'>a</span> <span class='ocrx_word' id='word_1_1811' title='bbox 1647 2166 1748 2201; x_wconf 86' lang='lat' dir='ltr'>populo</span> <span class='ocrx_word' id='word_1_1812' title='bbox 1760 2168 1932 2196; x_wconf 84' lang='lat' dir='ltr'>contenditur</span> <span class='ocrx_word' id='word_1_1813' title='bbox 1960 2170 2034 2198; x_wconf 84' lang='lat' dir='ltr'>Idem</span> <span class='ocrx_word' id='word_1_1814' title='bbox 2049 2173 2126 2199; x_wconf 76' lang='lat' dir='ltr'>Verr.</span> <span class='ocrx_word' id='word_1_1815' title='bbox 2140 2181 2167 2206; x_wconf 80' lang='lat'>2,</span> <span class='ocrx_word' id='word_1_1816' title='bbox 2180 2181 2207 2206; x_wconf 81' lang='grc'>31</span> 
     </span>
     <span class='ocr_line' id='line_1_186' title="bbox 1155 2198 2208 2239; baseline 0.008 -15"><span class='ocrx_word' id='word_1_1817' title='bbox 1155 2209 1176 2226; x_wconf 88' lang='lat' dir='ltr'>c.</span> <span class='ocrx_word' id='word_1_1818' title='bbox 1191 2209 1225 2233; x_wconf 72' lang='lat'>53.</span> <span class='ocrx_word' id='word_1_1819' title='bbox 1263 2198 1348 2235; x_wconf 81' lang='lat' dir='ltr'>Affine</span> <span class='ocrx_word' id='word_1_1820' title='bbox 1362 2199 1395 2234; x_wconf 76' lang='lat' dir='ltr'>est</span> <span class='ocrx_word' id='word_1_1821' title='bbox 1413 2201 1470 2228; x_wconf 90' lang='lat' dir='ltr'>Cic.</span> <span class='ocrx_word' id='word_1_1822' title='bbox 1484 2200 1532 2235; x_wconf 78' lang='lat' dir='ltr'>pro</span> <span class='ocrx_word' id='word_1_1823' title='bbox 1546 2201 1636 2235; x_wconf 84' lang='lat' dir='ltr'>Ligar.</span> <span class='ocrx_word' id='word_1_1824' title='bbox 1651 2204 1668 2227; x_wconf 87' lang='lat'>6</span> <span class='ocrx_word' id='word_1_1825' title='bbox 1681 2211 1703 2227; x_wconf 89' lang='lat' dir='ltr'>c.</span> <span class='ocrx_word' id='word_1_1826' title='bbox 1717 2210 1731 2233; x_wconf 79' lang='grc'><strong>3</strong></span> <span class='ocrx_word' id='word_1_1827' title='bbox 1765 2204 1903 2236; x_wconf 78' lang='lat' dir='ltr'>Qiantum</span> <span class='ocrx_word' id='word_1_1828' title='bbox 1926 2211 2038 2239; x_wconf 85' lang='lat' dir='ltr'>potero,</span> <span class='ocrx_word' id='word_1_1829' title='bbox 2066 2217 2132 2235; x_wconf 87' lang='lat' dir='ltr'>voce</span> <span class='ocrx_word' id='word_1_1830' title='bbox 2145 2218 2208 2236; x_wconf 88' lang='lat' dir='ltr'>con.</span> 
     </span>
     <span class='ocr_line' id='line_1_187' title="bbox 1154 2235 2199 2279; baseline 0.009 -17"><span class='ocrx_word' id='word_1_1831' title='bbox 1154 2235 1261 2263; x_wconf 88' lang='lat' dir='ltr'>tendam</span> <span class='ocrx_word' id='word_1_1832' title='bbox 1275 2256 1284 2269; x_wconf 91' lang='lat'>‚</span> <span class='ocrx_word' id='word_1_1833' title='bbox 1314 2242 1343 2262; x_wconf 85' lang='lat' dir='ltr'>vt</span> <span class='ocrx_word' id='word_1_1834' title='bbox 1363 2236 1414 2262; x_wconf 87' lang='lat' dir='ltr'>hoc</span> <span class='ocrx_word' id='word_1_1835' title='bbox 1434 2237 1497 2270; x_wconf 86' lang='lat' dir='ltr'>Pop.</span> <span class='ocrx_word' id='word_1_1836' title='bbox 1524 2237 1601 2262; x_wconf 81' lang='lat' dir='ltr'>Rom.</span> <span class='ocrx_word' id='word_1_1837' title='bbox 1619 2235 1752 2263; x_wconf 81' lang='lat' dir='ltr'>exaudiat.</span> <span class='ocrx_word' id='word_1_1838' title='bbox 1824 2240 1915 2274; x_wconf 67' lang='lat' dir='ltr'>Magis</span> <span class='ocrx_word' id='word_1_1839' title='bbox 1931 2244 2005 2267; x_wconf 80' lang='lat' dir='ltr'>etiam</span> <span class='ocrx_word' id='word_1_1840' title='bbox 2024 2243 2071 2270; x_wconf 82' lang='lat' dir='ltr'>huc</span> <span class='ocrx_word' id='word_1_1841' title='bbox 2084 2247 2199 2279; x_wconf 71' lang='lat' dir='ltr'>pertinet</span> 
     </span>
     <span class='ocr_line' id='line_1_188' title="bbox 1154 2265 2209 2315; baseline 0.01 -18"><span class='ocrx_word' id='word_1_1842' title='bbox 1154 2271 1220 2306; x_wconf 82' lang='lat' dir='ltr'>quod</span> <span class='ocrx_word' id='word_1_1843' title='bbox 1237 2271 1421 2302; x_wconf 88' lang='lat' dir='ltr'>Contendere,</span> <span class='ocrx_word' id='word_1_1844' title='bbox 1442 2279 1491 2304; x_wconf 90' lang='lat' dir='ltr'>pro</span> <span class='ocrx_word' id='word_1_1845' title='bbox 1512 2271 1695 2306; x_wconf 84' lang='lat' dir='ltr'>Extorquere,</span> <span class='ocrx_word' id='word_1_1846' title='bbox 1715 2275 1780 2308; x_wconf 74' lang='lat' dir='ltr'>poni</span> <span class='ocrx_word' id='word_1_1847' title='bbox 1801 2277 1839 2300; x_wconf 80' lang='lat' dir='ltr'>ait</span> <span class='ocrx_word' id='word_1_1848' title='bbox 1871 2276 1979 2303; x_wconf 81' lang='lat' dir='ltr'>Nonius</span> <span class='ocrx_word' id='word_1_1849' title='bbox 1996 2286 2025 2311; x_wconf 91' lang='lat'>4,</span> <span class='ocrx_word' id='word_1_1850' title='bbox 2040 2281 2072 2309; x_wconf 87' lang='lat'>68</span> <span class='ocrx_word' id='word_1_1851' title='bbox 2102 2265 2209 2315; x_wconf 69' lang='lat' dir='ltr'>Turpi-³</span> 
     </span>
     <span class='ocr_line' id='line_1_189' title="bbox 1155 2305 2208 2346; baseline 0.011 -14"><span class='ocrx_word' id='word_1_1852' title='bbox 1155 2307 1207 2345; x_wconf 73' lang='lat' dir='ltr'>liqs</span> <span class='ocrx_word' id='word_1_1853' title='bbox 1220 2306 1356 2338; x_wconf 87' lang='lat' dir='ltr'>Lemniis,</span> <span class='ocrx_word' id='word_1_1854' title='bbox 1379 2305 1469 2332; x_wconf 82' lang='lat' dir='ltr'>Habet</span> <span class='ocrx_word' id='word_1_1855' title='bbox 1486 2306 1641 2341; x_wconf 82' lang='lat' dir='ltr'>potestatem</span> <span class='ocrx_word' id='word_1_1856' title='bbox 1676 2322 1722 2327; x_wconf 90' lang='lat'>—</span> <span class='ocrx_word' id='word_1_1857' title='bbox 1758 2310 1846 2343; x_wconf 86' lang='lat' dir='ltr'>pretio</span> <span class='ocrx_word' id='word_1_1858' title='bbox 1863 2312 2020 2346; x_wconf 79' lang='lat' dir='ltr'>contendas,</span> <span class='ocrx_word' id='word_1_1859' title='bbox 2038 2320 2066 2341; x_wconf 90' lang='lat' dir='ltr'>vt</span> <span class='ocrx_word' id='word_1_1860' title='bbox 2085 2315 2208 2344; x_wconf 73' lang='lat' dir='ltr'>redemta</span> 
     </span>
     <span class='ocr_line' id='line_1_190' title="bbox 1153 2340 2209 2379; baseline 0.012 -12"><span class='ocrx_word' id='word_1_1861' title='bbox 1153 2340 1282 2367; x_wconf 83' lang='lat' dir='ltr'>Phaedria</span> <span class='ocrx_word' id='word_1_1862' title='bbox 1295 2340 1373 2367; x_wconf 87' lang='lat' dir='ltr'>liceat</span> <span class='ocrx_word' id='word_1_1863' title='bbox 1386 2341 1475 2368; x_wconf 87' lang='lat' dir='ltr'>redire</span> <span class='ocrx_word' id='word_1_1864' title='bbox 1488 2342 1626 2377; x_wconf 89' lang='lat' dir='ltr'>antiquam</span> <span class='ocrx_word' id='word_1_1865' title='bbox 1641 2343 1670 2369; x_wconf 91' lang='lat' dir='ltr'>in</span> <span class='ocrx_word' id='word_1_1866' title='bbox 1684 2344 1913 2373; x_wconf 86' lang='lat' dir='ltr'>consuetudinem.</span> <span class='ocrx_word' id='word_1_1867' title='bbox 1959 2349 2001 2376; x_wconf 86' lang='lat' dir='ltr'>Sic</span> <span class='ocrx_word' id='word_1_1868' title='bbox 2013 2350 2099 2377; x_wconf 86' lang='lat' dir='ltr'>Varro</span> <span class='ocrx_word' id='word_1_1869' title='bbox 2133 2353 2209 2379; x_wconf 87' lang='lat' dir='ltr'>Con-</span> 
     </span>
     <span class='ocr_line' id='line_1_191' title="bbox 1154 2371 2207 2421; baseline 0.013 -20"><span class='ocrx_word' id='word_1_1870' title='bbox 1154 2375 1261 2402; x_wconf 86' lang='lat' dir='ltr'>tendere</span> <span class='ocrx_word' id='word_1_1871' title='bbox 1284 2375 1399 2403; x_wconf 88' lang='lat' dir='ltr'>honores</span> <span class='ocrx_word' id='word_1_1872' title='bbox 1418 2377 1487 2404; x_wconf 67' lang='lat' dir='ltr'>dixit</span> <span class='ocrx_word' id='word_1_1873' title='bbox 1506 2378 1568 2405; x_wconf 76' lang='lat' dir='ltr'>ibid.</span> <span class='ocrx_word' id='word_1_1874' title='bbox 1591 2382 1609 2405; x_wconf 84' lang='lat' dir='ltr'>i.</span> <span class='ocrx_word' id='word_1_1875' title='bbox 1621 2377 1710 2412; x_wconf 78' lang='lat' dir='ltr'>studio</span> <span class='ocrx_word' id='word_1_1876' title='bbox 1722 2380 1768 2416; x_wconf 87' lang='lat' dir='ltr'>suo</span> <span class='ocrx_word' id='word_1_1877' title='bbox 1787 2387 1810 2407; x_wconf 72' lang='lat' dir='ltr'>et</span> <span class='ocrx_word' id='word_1_1878' title='bbox 1829 2384 1961 2410; x_wconf 83' lang='lat' dir='ltr'>ambitione</span> <span class='ocrx_word' id='word_1_1879' title='bbox 1979 2371 2121 2421; x_wconf 54' lang='lat' dir='ltr'>impetrari.</span> <span class='ocrx_word' id='word_1_1880' title='bbox 2163 2390 2207 2417; x_wconf 77' lang='lat' dir='ltr'>Sic</span> 
     </span>
     <span class='ocr_line' id='line_1_192' title="bbox 1153 2409 2206 2475; baseline 0.013 -38"><span class='ocrx_word' id='word_1_1881' title='bbox 1153 2409 1175 2475; x_wconf 60' lang='grc' dir='ltr'><em>ἕ</em></span> <span class='ocrx_word' id='word_1_1882' title='bbox 1196 2419 1209 2445; x_wconf 79' lang='grc' dir='ltr'><em>ς</em></span> <span class='ocrx_word' id='word_1_1883' title='bbox 1246 2412 1430 2446; x_wconf 89' lang='lat' dir='ltr'>Contendere,</span> <span class='ocrx_word' id='word_1_1884' title='bbox 1441 2420 1491 2450; x_wconf 79' lang='lat' dir='ltr'>pro</span> <span class='ocrx_word' id='word_1_1885' title='bbox 1500 2414 1656 2450; x_wconf 81' lang='lat' dir='ltr'>Defendere‚</span> <span class='ocrx_word' id='word_1_1886' title='bbox 1672 2422 1695 2442; x_wconf 85' lang='lat' dir='ltr'>et</span> <span class='ocrx_word' id='word_1_1887' title='bbox 1707 2414 1841 2450; x_wconf 78' lang='lat' dir='ltr'>affirmare.</span> <span class='ocrx_word' id='word_1_1888' title='bbox 1862 2419 2031 2448; x_wconf 85' lang='lat' dir='ltr'>Contendere</span> <span class='ocrx_word' id='word_1_1889' title='bbox 2042 2422 2125 2450; x_wconf 83' lang='lat' dir='ltr'>aufim</span> <span class='ocrx_word' id='word_1_1890' title='bbox 2132 2424 2206 2451; x_wconf 85' lang='lat' dir='ltr'>Dial.</span> 
     </span>
    </p>

    <p class='ocr_par' dir='ltr' id='par_1_67' title="bbox 1149 2448 2207 3848">
     <span class='ocr_line' id='line_1_193' title="bbox 1172 2448 2206 2488; baseline 0.014 -15"><span class='ocrx_word' id='word_1_1891' title='bbox 1172 2457 1191 2488; x_wconf 25' lang='lat' dir='ltr'>e*</span> <span class='ocrx_word' id='word_1_1892' title='bbox 1201 2448 1275 2475; x_wconf 89' lang='lat' dir='ltr'>Orat.</span> <span class='ocrx_word' id='word_1_1893' title='bbox 1290 2453 1314 2481; x_wconf 82' lang='lat'>8,</span> <span class='ocrx_word' id='word_1_1894' title='bbox 1328 2457 1339 2475; x_wconf 88' lang='lat'>1</span> <span class='ocrx_word' id='word_1_1895' title='bbox 1360 2450 1450 2482; x_wconf 74' lang='lat' dir='ltr'>Quini</span> <span class='ocrx_word' id='word_1_1896' title='bbox 1465 2451 1599 2477; x_wconf 87' lang='lat' dir='ltr'>neminem</span> <span class='ocrx_word' id='word_1_1897' title='bbox 1614 2450 1665 2478; x_wconf 82' lang='lat' dir='ltr'>hoc</span> <span class='ocrx_word' id='word_1_1898' title='bbox 1678 2457 1799 2487; x_wconf 85' lang='lat' dir='ltr'>tempore</span> <span class='ocrx_word' id='word_1_1899' title='bbox 1818 2461 1954 2482; x_wconf 85' lang='lat' dir='ltr'>oratorem</span> <span class='ocrx_word' id='word_1_1900' title='bbox 1971 2458 2020 2484; x_wconf 67' lang='lat' dir='ltr'>ene</span> <span class='ocrx_word' id='word_1_1901' title='bbox 2032 2459 2206 2488; x_wconf 77' lang='lat' dir='ltr'>contenderes</span> 
     </span>
     <span class='ocr_line' id='line_1_194' title="bbox 1151 2483 2205 2531; baseline 0.011 -21"><span class='ocrx_word' id='word_1_1902' title='bbox 1151 2483 1265 2525; x_wconf 75' lang='lat' dir='ltr'>Ibid.15,</span> <span class='ocrx_word' id='word_1_1903' title='bbox 1278 2493 1296 2510; x_wconf 93' lang='lat'>1.</span> <span class='ocrx_word' id='word_1_1904' title='bbox 1350 2485 1391 2511; x_wconf 82' lang='lat' dir='ltr'>Ad</span> <span class='ocrx_word' id='word_1_1905' title='bbox 1398 2484 1517 2520; x_wconf 88' lang='lat' dir='ltr'>Ephoros</span> <span class='ocrx_word' id='word_1_1906' title='bbox 1525 2486 1633 2519; x_wconf 83' lang='lat' dir='ltr'>accessit,</span> <span class='ocrx_word' id='word_1_1907' title='bbox 1646 2492 1725 2523; x_wconf 87' lang='lat' dir='ltr'>atque</span> <span class='ocrx_word' id='word_1_1908' title='bbox 1736 2488 1805 2523; x_wconf 85' lang='lat' dir='ltr'>apud</span> <span class='ocrx_word' id='word_1_1909' title='bbox 1819 2489 1864 2518; x_wconf 83' lang='lat' dir='ltr'>eos</span> <span class='ocrx_word' id='word_1_1910' title='bbox 1877 2493 2013 2520; x_wconf 88' lang='lat' dir='ltr'>contendit</span> <span class='ocrx_word' id='word_1_1911' title='bbox 2035 2494 2164 2531; x_wconf 84' lang='lat' dir='ltr'>Nep.2,7</span> <span class='ocrx_word' id='word_1_1912' title='bbox 2182 2505 2205 2523; x_wconf 87' lang='lat'>2.</span> 
     </span>
     <span class='ocr_line' id='line_1_195' title="bbox 1153 2516 2207 2561; baseline 0.012 -16"><span class='ocrx_word' id='word_1_1913' title='bbox 1153 2521 1224 2546; x_wconf 84' lang='lat' dir='ltr'>Vere</span> <span class='ocrx_word' id='word_1_1914' title='bbox 1238 2520 1335 2561; x_wconf 76' lang='lat' dir='ltr'>videor</span> <span class='ocrx_word' id='word_1_1915' title='bbox 1347 2522 1416 2555; x_wconf 81' lang='lat' dir='ltr'>poffe</span> <span class='ocrx_word' id='word_1_1916' title='bbox 1428 2521 1588 2549; x_wconf 86' lang='lat' dir='ltr'>contendere</span> <span class='ocrx_word' id='word_1_1917' title='bbox 1607 2522 1647 2549; x_wconf 88' lang='lat' dir='ltr'>Id.</span> <span class='ocrx_word' id='word_1_1918' title='bbox 1657 2531 1695 2556; x_wconf 69' lang='grc' dir='ltr'>ες,</span> <span class='ocrx_word' id='word_1_1919' title='bbox 1709 2532 1743 2556; x_wconf 84' lang='lat'>12,</span> <span class='ocrx_word' id='word_1_1920' title='bbox 1758 2535 1784 2559; x_wconf 88' lang='lat'>4.</span> <span class='ocrx_word' id='word_1_1921' title='bbox 1839 2526 1908 2553; x_wconf 76' lang='lat' dir='ltr'>Add.</span> <span class='ocrx_word' id='word_1_1922' title='bbox 1923 2536 1958 2561; x_wconf 78' lang='grc' dir='ltr'>ις,</span> <span class='ocrx_word' id='word_1_1923' title='bbox 1972 2534 1995 2561; x_wconf 80' lang='lat'>8,</span> <span class='ocrx_word' id='word_1_1924' title='bbox 2011 2538 2031 2556; x_wconf 89' lang='lat'>1.</span> <span class='ocrx_word' id='word_1_1925' title='bbox 2087 2516 2181 2558; x_wconf 66' lang='lat' dir='ltr'>Celsu’s</span> <span class='ocrx_word' id='word_1_1926' title='bbox 2195 2540 2207 2559; x_wconf 84' lang='lat'>1</span> 
     </span>
     <span class='ocr_line' id='line_1_196' title="bbox 1153 2556 2205 2596; baseline 0.013 -15"><span class='ocrx_word' id='word_1_1927' title='bbox 1153 2556 1236 2596; x_wconf 81' lang='lat' dir='ltr'>praef.</span> <span class='ocrx_word' id='word_1_1928' title='bbox 1270 2556 1298 2583; x_wconf 76' lang='lat' dir='ltr'>Si</span> <span class='ocrx_word' id='word_1_1929' title='bbox 1306 2557 1443 2594; x_wconf 33' lang='lat' dir='ltr'>&#39;manantia</span> <span class='ocrx_word' id='word_1_1930' title='bbox 1455 2558 1609 2592; x_wconf 89' lang='lat' dir='ltr'>corpuscula</span> <span class='ocrx_word' id='word_1_1931' title='bbox 1621 2559 1823 2593; x_wconf 79' lang='lat' dir='ltr'>perinuifibilia</span> <span class='ocrx_word' id='word_1_1932' title='bbox 1835 2562 1969 2591; x_wconf 86' lang='lat' dir='ltr'>foramina</span> <span class='ocrx_word' id='word_1_1933' title='bbox 1977 2565 2137 2593; x_wconf 84' lang='lat' dir='ltr'>subfistendo</span> <span class='ocrx_word' id='word_1_1934' title='bbox 2153 2568 2205 2595; x_wconf 86' lang='lat' dir='ltr'>iter</span> 
     </span>
     <span class='ocr_line' id='line_1_197' title="bbox 1153 2591 2204 2634; baseline 0.012 -16"><span class='ocrx_word' id='word_1_1935' title='bbox 1153 2591 1293 2633; x_wconf 74' lang='lat' dir='ltr'>claudunt,</span> <span class='ocrx_word' id='word_1_1936' title='bbox 1310 2599 1342 2633; x_wconf 75' lang='lat' dir='ltr'>yt</span> <span class='ocrx_word' id='word_1_1937' title='bbox 1355 2593 1520 2628; x_wconf 79' lang='lat' dir='ltr'>Asclepiades</span> <span class='ocrx_word' id='word_1_1938' title='bbox 1534 2594 1680 2621; x_wconf 83' lang='lat' dir='ltr'>contendit.</span> <span class='ocrx_word' id='word_1_1939' title='bbox 1716 2595 1784 2623; x_wconf 71' lang='lat' dir='ltr'>Idem</span> <span class='ocrx_word' id='word_1_1940' title='bbox 1792 2598 1877 2633; x_wconf 77' lang='lat' dir='ltr'>paullo</span> <span class='ocrx_word' id='word_1_1941' title='bbox 1884 2598 1957 2634; x_wconf 81' lang='lat' dir='ltr'>post,</span> <span class='ocrx_word' id='word_1_1942' title='bbox 1984 2601 2032 2628; x_wconf 88' lang='lat' dir='ltr'>Sed</span> <span class='ocrx_word' id='word_1_1943' title='bbox 2046 2611 2079 2628; x_wconf 90' lang='lat' dir='ltr'>ne</span> <span class='ocrx_word' id='word_1_1944' title='bbox 2091 2603 2124 2630; x_wconf 88' lang='lat' dir='ltr'>ad</span> <span class='ocrx_word' id='word_1_1945' title='bbox 2139 2602 2204 2630; x_wconf 85' lang='lat' dir='ltr'>haee</span> 
     </span>
     <span class='ocr_line' id='line_1_198' title="bbox 1153 2627 2203 2668; baseline 0.011 -14"><span class='ocrx_word' id='word_1_1946' title='bbox 1153 2627 1261 2663; x_wconf 80' lang='lat' dir='ltr'>quidem</span> <span class='ocrx_word' id='word_1_1947' title='bbox 1274 2628 1375 2655; x_wconf 81' lang='lat' dir='ltr'>aditum</span> <span class='ocrx_word' id='word_1_1948' title='bbox 1390 2629 1449 2656; x_wconf 84' lang='lat' dir='ltr'>fieri</span> <span class='ocrx_word' id='word_1_1949' title='bbox 1462 2630 1584 2664; x_wconf 79' lang='lat' dir='ltr'>potuisse,</span> <span class='ocrx_word' id='word_1_1950' title='bbox 1598 2630 1646 2657; x_wconf 83' lang='lat' dir='ltr'>nisi</span> <span class='ocrx_word' id='word_1_1951' title='bbox 1660 2630 1693 2658; x_wconf 88' lang='lat' dir='ltr'>ab</span> <span class='ocrx_word' id='word_1_1952' title='bbox 1705 2632 1797 2668; x_wconf 88' lang='lat' dir='ltr'>aliqua</span> <span class='ocrx_word' id='word_1_1953' title='bbox 1810 2634 1915 2662; x_wconf 88' lang='lat' dir='ltr'>ratione</span> <span class='ocrx_word' id='word_1_1954' title='bbox 1927 2637 2097 2666; x_wconf 86' lang='lat' dir='ltr'>contendunt.</span> <span class='ocrx_word' id='word_1_1955' title='bbox 2132 2639 2203 2667; x_wconf 87' lang='lat' dir='ltr'>Add.</span> 
     </span>
     <span class='ocr_line' id='line_1_199' title="bbox 1152 2663 2192 2709; baseline 0.012 -19"><span class='ocrx_word' id='word_1_1956' title='bbox 1152 2663 1273 2691; x_wconf 87' lang='lat' dir='ltr'>Scribon.</span> <span class='ocrx_word' id='word_1_1957' title='bbox 1295 2665 1340 2700; x_wconf 85' lang='lat' dir='ltr'>Ep.</span> <span class='ocrx_word' id='word_1_1958' title='bbox 1355 2664 1387 2691; x_wconf 87' lang='lat' dir='ltr'>ad</span> <span class='ocrx_word' id='word_1_1959' title='bbox 1401 2665 1500 2692; x_wconf 87' lang='lat' dir='ltr'>Callist.</span> <span class='ocrx_word' id='word_1_1960' title='bbox 1520 2669 1551 2693; x_wconf 79' lang='lat' dir='ltr'>it.</span> <span class='ocrx_word' id='word_1_1961' title='bbox 1566 2667 1662 2702; x_wconf 88' lang='lat' dir='ltr'>Comp.</span> <span class='ocrx_word' id='word_1_1962' title='bbox 1682 2672 1720 2700; x_wconf 78' lang='lat'>38.</span> <span class='ocrx_word' id='word_1_1963' title='bbox 1918 2668 1940 2709; x_wconf 55' lang='lat' dir='ltr'><strong>ff</strong></span> <span class='ocrx_word' id='word_1_1964' title='bbox 1970 2674 1988 2699; x_wconf 91' lang='lat'>6</span> <span class='ocrx_word' id='word_1_1965' title='bbox 2022 2674 2192 2702; x_wconf 85' lang='lat' dir='ltr'>Contendere</span> 
     </span>
     <span class='ocr_line' id='line_1_200' title="bbox 1153 2696 2202 2743; baseline 0.011 -18"><span class='ocrx_word' id='word_1_1966' title='bbox 1153 2699 1268 2741; x_wconf 51' lang='grc' dir='ltr'><strong>[ἔρι’-ζειν,</strong></span> <span class='ocrx_word' id='word_1_1967' title='bbox 1293 2699 1474 2742; x_wconf 40' lang='grc' dir='ltr'><strong>ἐμφιισζητᾶν,</strong></span> <span class='ocrx_word' id='word_1_1968' title='bbox 1499 2703 1656 2738; x_wconf 66' lang='grc' dir='ltr'>φιλονωκὲἱν]</span> <span class='ocrx_word' id='word_1_1969' title='bbox 1691 2704 1801 2731; x_wconf 72' lang='lat' dir='ltr'>Certare.</span> <span class='ocrx_word' id='word_1_1970' title='bbox 1838 2705 1895 2733; x_wconf 76' lang='lat' dir='ltr'>Cit-</span> <span class='ocrx_word' id='word_1_1971' title='bbox 1910 2708 1962 2735; x_wconf 86' lang='lat' dir='ltr'>Att.</span> <span class='ocrx_word' id='word_1_1972' title='bbox 1978 2716 2019 2742; x_wconf 81' lang='grc'>14,</span> <span class='ocrx_word' id='word_1_1973' title='bbox 2032 2717 2057 2742; x_wconf 83' lang='lat'>13</span> <span class='ocrx_word' id='word_1_1974' title='bbox 2088 2710 2167 2743; x_wconf 76' lang='lat' dir='ltr'>Qlod</span> <span class='ocrx_word' id='word_1_1975' title='bbox 2182 2696 2202 2737; x_wconf 66' lang='lat' dir='ltr'>si</span> 
     </span>
     <span class='ocr_line' id='line_1_201' title="bbox 1153 2736 2201 2776; baseline 0.01 -14"><span class='ocrx_word' id='word_1_1976' title='bbox 1153 2736 1290 2764; x_wconf 74' lang='lat' dir='ltr'>duriorem</span> <span class='ocrx_word' id='word_1_1977' title='bbox 1303 2741 1330 2764; x_wconf 88' lang='lat' dir='ltr'>te</span> <span class='ocrx_word' id='word_1_1978' title='bbox 1343 2746 1400 2765; x_wconf 77' lang='lat' dir='ltr'>eius</span> <span class='ocrx_word' id='word_1_1979' title='bbox 1418 2738 1528 2766; x_wconf 87' lang='lat' dir='ltr'>miserae</span> <span class='ocrx_word' id='word_1_1980' title='bbox 1542 2744 1568 2766; x_wconf 89' lang='lat' dir='ltr'>et</span> <span class='ocrx_word' id='word_1_1981' title='bbox 1581 2739 1694 2766; x_wconf 61' lang='lat' dir='ltr'>afflictae</span> <span class='ocrx_word' id='word_1_1982' title='bbox 1708 2740 1833 2767; x_wconf 87' lang='lat' dir='ltr'>fortunae</span> <span class='ocrx_word' id='word_1_1983' title='bbox 1845 2743 1968 2776; x_wconf 83' lang='lat' dir='ltr'>praebes,</span> <span class='ocrx_word' id='word_1_1984' title='bbox 1977 2753 2032 2770; x_wconf 91' lang='lat' dir='ltr'>non</span> <span class='ocrx_word' id='word_1_1985' title='bbox 2045 2746 2201 2772; x_wconf 84' lang='lat' dir='ltr'>contendam</span> 
     </span>
     <span class='ocr_line' id='line_1_202' title="bbox 1153 2773 2200 2813; baseline 0.01 -15"><span class='ocrx_word' id='word_1_1986' title='bbox 1153 2781 1203 2807; x_wconf 77' lang='lat' dir='ltr'>ego</span> <span class='ocrx_word' id='word_1_1987' title='bbox 1216 2773 1342 2813; x_wconf 76' lang='lat' dir='ltr'>aduersus</span> <span class='ocrx_word' id='word_1_1988' title='bbox 1354 2780 1389 2801; x_wconf 89' lang='lat' dir='ltr'>te.</span> <span class='ocrx_word' id='word_1_1989' title='bbox 1460 2774 1529 2802; x_wconf 86' lang='lat' dir='ltr'>Hor.</span> <span class='ocrx_word' id='word_1_1990' title='bbox 1541 2774 1620 2810; x_wconf 81' lang='lat' dir='ltr'>Epist.</span> <span class='ocrx_word' id='word_1_1991' title='bbox 1635 2784 1654 2809; x_wconf 92' lang='lat'>1,</span> <span class='ocrx_word' id='word_1_1992' title='bbox 1667 2781 1704 2808; x_wconf 86' lang='lat'>18,</span> <span class='ocrx_word' id='word_1_1993' title='bbox 1719 2781 1750 2806; x_wconf 91' lang='lat'>28</span> <span class='ocrx_word' id='word_1_1994' title='bbox 1769 2777 1843 2803; x_wconf 88' lang='lat' dir='ltr'>Mihi</span> <span class='ocrx_word' id='word_1_1995' title='bbox 1856 2779 2014 2806; x_wconf 86' lang='lat' dir='ltr'>contendere</span> <span class='ocrx_word' id='word_1_1996' title='bbox 2027 2780 2093 2807; x_wconf 83' lang='lat' dir='ltr'>noli.</span> <span class='ocrx_word' id='word_1_1997' title='bbox 2137 2782 2200 2807; x_wconf 87' lang='lat' dir='ltr'>Cer-</span> 
     </span>
     <span class='ocr_line' id='line_1_203' title="bbox 1152 2810 2200 2852; baseline 0.008 -17"><span class='ocrx_word' id='word_1_1998' title='bbox 1152 2814 1207 2835; x_wconf 86' lang='lat' dir='ltr'>tare</span> <span class='ocrx_word' id='word_1_1999' title='bbox 1222 2810 1331 2844; x_wconf 77' lang='lat' dir='ltr'>ingenio</span> <span class='ocrx_word' id='word_1_2000' title='bbox 1339 2830 1348 2843; x_wconf 89' lang='lat'>,</span> <span class='ocrx_word' id='word_1_2001' title='bbox 1369 2810 1529 2839; x_wconf 86' lang='lat' dir='ltr'>contendere</span> <span class='ocrx_word' id='word_1_2002' title='bbox 1540 2811 1681 2839; x_wconf 86' lang='lat' dir='ltr'>nobilitate</span> <span class='ocrx_word' id='word_1_2003' title='bbox 1700 2812 1805 2839; x_wconf 90' lang='lat' dir='ltr'>Lucret.</span> <span class='ocrx_word' id='word_1_2004' title='bbox 1819 2822 1842 2846; x_wconf 80' lang='lat'>2,</span> <span class='ocrx_word' id='word_1_2005' title='bbox 1856 2822 1889 2839; x_wconf 84' lang='lat'>11.</span> <span class='ocrx_word' id='word_1_2006' title='bbox 1933 2814 1987 2841; x_wconf 88' lang='lat' dir='ltr'>Cic.</span> <span class='ocrx_word' id='word_1_2007' title='bbox 2001 2824 2051 2850; x_wconf 85' lang='lat' dir='ltr'>pro</span> <span class='ocrx_word' id='word_1_2008' title='bbox 2066 2816 2168 2843; x_wconf 89' lang='lat' dir='ltr'>Cluent.</span> <span class='ocrx_word' id='word_1_2009' title='bbox 2181 2824 2200 2852; x_wconf 84' lang='lat'>7</span> 
     </span>
     <span class='ocr_line' id='line_1_204' title="bbox 1152 2845 2200 2886; baseline 0.008 -15"><span class='ocrx_word' id='word_1_2010' title='bbox 1152 2845 1327 2886; x_wconf 39' lang='lat' dir='ltr'>Itaque—feci,</span> <span class='ocrx_word' id='word_1_2011' title='bbox 1358 2846 1391 2874; x_wconf 81' lang='lat' dir='ltr'>sic</span> <span class='ocrx_word' id='word_1_2012' title='bbox 1404 2847 1538 2883; x_wconf 85' lang='lat' dir='ltr'>Pugnaui,</span> <span class='ocrx_word' id='word_1_2013' title='bbox 1564 2847 1599 2874; x_wconf 84' lang='lat' dir='ltr'>fle</span> <span class='ocrx_word' id='word_1_2014' title='bbox 1615 2849 1691 2875; x_wconf 85' lang='lat' dir='ltr'>omni</span> <span class='ocrx_word' id='word_1_2015' title='bbox 1711 2849 1817 2875; x_wconf 84' lang='lat' dir='ltr'>ratione</span> <span class='ocrx_word' id='word_1_2016' title='bbox 1835 2849 1976 2882; x_wconf 87' lang='lat' dir='ltr'>contendi,</span> <span class='ocrx_word' id='word_1_2017' title='bbox 2008 2850 2041 2878; x_wconf 84' lang='lat' dir='ltr'>fic</span> <span class='ocrx_word' id='word_1_2018' title='bbox 2063 2852 2094 2878; x_wconf 86' lang='lat' dir='ltr'>ad</span> <span class='ocrx_word' id='word_1_2019' title='bbox 2106 2853 2200 2879; x_wconf 85' lang='lat' dir='ltr'>omnia</span> 
     </span>
     <span class='ocr_line' id='line_1_205' title="bbox 1152 2881 2199 2922; baseline 0.008 -15"><span class='ocrx_word' id='word_1_2020' title='bbox 1152 2881 1262 2922; x_wconf 74' lang='lat' dir='ltr'>confugl</span> <span class='ocrx_word' id='word_1_2021' title='bbox 1273 2902 1281 2915; x_wconf 87' lang='lat'>,</span> <span class='ocrx_word' id='word_1_2022' title='bbox 1308 2888 1435 2917; x_wconf 75' lang='lat' dir='ltr'>quantum</span> <span class='ocrx_word' id='word_1_2023' title='bbox 1454 2892 1505 2918; x_wconf 83' lang='lat' dir='ltr'>ego</span> <span class='ocrx_word' id='word_1_2024' title='bbox 1529 2884 1626 2919; x_wconf 70' lang='lat' dir='ltr'>assequi</span> <span class='ocrx_word' id='word_1_2025' title='bbox 1645 2884 1737 2920; x_wconf 85' lang='lat' dir='ltr'>potui,</span> <span class='ocrx_word' id='word_1_2026' title='bbox 1759 2884 1892 2916; x_wconf 78' lang='lat' dir='ltr'>remedia,</span> <span class='ocrx_word' id='word_1_2027' title='bbox 1912 2892 1956 2912; x_wconf 80' lang='lat' dir='ltr'>etc.</span> <span class='ocrx_word' id='word_1_2028' title='bbox 2029 2888 2199 2915; x_wconf 85' lang='lat' dir='ltr'>Contendere</span> 
     </span>
     <span class='ocr_line' id='line_1_206' title="bbox 1152 2917 2200 2958; baseline 0.009 -16"><span class='ocrx_word' id='word_1_2029' title='bbox 1152 2917 1256 2952; x_wconf 78' lang='lat' dir='ltr'>ahquid</span> <span class='ocrx_word' id='word_1_2030' title='bbox 1270 2924 1361 2945; x_wconf 86' lang='lat' dir='ltr'>contra</span> <span class='ocrx_word' id='word_1_2031' title='bbox 1373 2919 1544 2953; x_wconf 87' lang='lat' dir='ltr'>aequitatem.</span> <span class='ocrx_word' id='word_1_2032' title='bbox 1581 2919 1655 2947; x_wconf 89' lang='lat' dir='ltr'>Idem</span> <span class='ocrx_word' id='word_1_2033' title='bbox 1663 2920 1715 2947; x_wconf 84' lang='lat' dir='ltr'>Off.</span> <span class='ocrx_word' id='word_1_2034' title='bbox 1723 2926 1758 2954; x_wconf 77' lang='lat'>27</span> <span class='ocrx_word' id='word_1_2035' title='bbox 1771 2929 1792 2946; x_wconf 89' lang='lat' dir='ltr'>c.</span> <span class='ocrx_word' id='word_1_2036' title='bbox 1801 2928 1835 2946; x_wconf 81' lang='lat'>20</span> <span class='ocrx_word' id='word_1_2037' title='bbox 1859 2921 2011 2948; x_wconf 85' lang='lat' dir='ltr'>Extremum</span> <span class='ocrx_word' id='word_1_2038' title='bbox 2025 2929 2114 2950; x_wconf 84' lang='lat' dir='ltr'>antem</span> <span class='ocrx_word' id='word_1_2039' title='bbox 2127 2932 2200 2958; x_wconf 88' lang='lat' dir='ltr'>prae-</span> 
     </span>
     <span class='ocr_line' id='line_1_207' title="bbox 1153 2953 2199 2994; baseline 0.008 -15"><span class='ocrx_word' id='word_1_2040' title='bbox 1153 2959 1258 2988; x_wconf 87' lang='lat' dir='ltr'>ceptum</span> <span class='ocrx_word' id='word_1_2041' title='bbox 1271 2954 1299 2980; x_wconf 89' lang='lat' dir='ltr'>in</span> <span class='ocrx_word' id='word_1_2042' title='bbox 1311 2953 1462 2989; x_wconf 82' lang='lat' dir='ltr'>beneficiis,</span> <span class='ocrx_word' id='word_1_2043' title='bbox 1481 2964 1616 2991; x_wconf 86' lang='lat' dir='ltr'>operaque</span> <span class='ocrx_word' id='word_1_2044' title='bbox 1636 2955 1720 2982; x_wconf 89' lang='lat' dir='ltr'>danda</span> <span class='ocrx_word' id='word_1_2045' title='bbox 1733 2955 1785 2988; x_wconf 86' lang='lat' dir='ltr'>est,</span> <span class='ocrx_word' id='word_1_2046' title='bbox 1805 2963 1838 2981; x_wconf 89' lang='lat' dir='ltr'>ne</span> <span class='ocrx_word' id='word_1_2047' title='bbox 1848 2956 1914 2990; x_wconf 89' lang='lat' dir='ltr'>quid</span> <span class='ocrx_word' id='word_1_2048' title='bbox 1928 2963 2020 2984; x_wconf 87' lang='lat' dir='ltr'>contra</span> <span class='ocrx_word' id='word_1_2049' title='bbox 2037 2960 2199 2994; x_wconf 82' lang='lat' dir='ltr'>aequitatem</span> 
     </span>
     <span class='ocr_line' id='line_1_208' title="bbox 1153 2990 2199 3026; baseline 0.008 -11"><span class='ocrx_word' id='word_1_2050' title='bbox 1153 2990 1310 3023; x_wconf 81' lang='lat' dir='ltr'>contendas,</span> <span class='ocrx_word' id='word_1_2051' title='bbox 1331 2999 1365 3017; x_wconf 91' lang='lat' dir='ltr'>ne</span> <span class='ocrx_word' id='word_1_2052' title='bbox 1382 2991 1448 3026; x_wconf 86' lang='lat' dir='ltr'>quid</span> <span class='ocrx_word' id='word_1_2053' title='bbox 1461 3000 1512 3026; x_wconf 89' lang='lat' dir='ltr'>pro</span> <span class='ocrx_word' id='word_1_2054' title='bbox 1524 2991 1633 3019; x_wconf 83' lang='lat' dir='ltr'>iniuria.</span> <span class='ocrx_word' id='word_1_2055' title='bbox 1704 2991 1806 3019; x_wconf 84' lang='lat' dir='ltr'>Contra</span> <span class='ocrx_word' id='word_1_2056' title='bbox 1823 2997 1944 3019; x_wconf 85' lang='lat' dir='ltr'>natura111</span> <span class='ocrx_word' id='word_1_2057' title='bbox 1963 2994 2111 3022; x_wconf 75' lang='lat' dir='ltr'>vniuersam</span> <span class='ocrx_word' id='word_1_2058' title='bbox 2127 2995 2199 3023; x_wconf 79' lang='lat' dir='ltr'>nihil</span> 
     </span>
     <span class='ocr_line' id='line_1_209' title="bbox 1153 3026 2200 3066; baseline 0.006 -14"><span class='ocrx_word' id='word_1_2059' title='bbox 1153 3026 1342 3053; x_wconf 87' lang='lat' dir='ltr'>contendamus</span> <span class='ocrx_word' id='word_1_2060' title='bbox 1362 3027 1402 3054; x_wconf 87' lang='lat' dir='ltr'>1d.</span> <span class='ocrx_word' id='word_1_2061' title='bbox 1416 3027 1469 3055; x_wconf 83' lang='lat' dir='ltr'>Off.</span> <span class='ocrx_word' id='word_1_2062' title='bbox 1485 3036 1496 3054; x_wconf 93' lang='lat'>1</span> <span class='ocrx_word' id='word_1_2063' title='bbox 1509 3037 1531 3055; x_wconf 85' lang='lat' dir='ltr'>c.</span> <span class='ocrx_word' id='word_1_2064' title='bbox 1546 3036 1580 3060; x_wconf 84' lang='lat'>31.</span> <span class='ocrx_word' id='word_1_2065' title='bbox 1651 3026 1821 3053; x_wconf 84' lang='lat' dir='ltr'>contendunt</span> <span class='ocrx_word' id='word_1_2066' title='bbox 1833 3027 1923 3054; x_wconf 86' lang='lat' dir='ltr'>verbis</span> <span class='ocrx_word' id='word_1_2067' title='bbox 1944 3028 2014 3055; x_wconf 89' lang='lat' dir='ltr'>inter</span> <span class='ocrx_word' id='word_1_2068' title='bbox 2026 3031 2065 3063; x_wconf 82' lang='lat' dir='ltr'>se,</span> <span class='ocrx_word' id='word_1_2069' title='bbox 2084 3040 2138 3058; x_wconf 90' lang='lat' dir='ltr'>non</span> <span class='ocrx_word' id='word_1_2070' title='bbox 2152 3041 2200 3066; x_wconf 84' lang='lat' dir='ltr'>pu-</span> 
     </span>
     <span class='ocr_line' id='line_1_210' title="bbox 1155 3062 2199 3096; baseline 0.007 -8"><span class='ocrx_word' id='word_1_2071' title='bbox 1155 3062 1212 3096; x_wconf 85' lang='lat' dir='ltr'>gnis</span> <span class='ocrx_word' id='word_1_2072' title='bbox 1233 3062 1290 3089; x_wconf 88' lang='lat' dir='ltr'>Cic.</span> <span class='ocrx_word' id='word_1_2073' title='bbox 1303 3062 1332 3089; x_wconf 86' lang='lat' dir='ltr'>in</span> <span class='ocrx_word' id='word_1_2074' title='bbox 1344 3062 1433 3090; x_wconf 85' lang='lat' dir='ltr'>Parad.</span> <span class='ocrx_word' id='word_1_2075' title='bbox 1447 3071 1469 3096; x_wconf 86' lang='grc'>3.</span> <span class='ocrx_word' id='word_1_2076' title='bbox 1528 3063 1601 3090; x_wconf 86' lang='lat' dir='ltr'>Idem</span> <span class='ocrx_word' id='word_1_2077' title='bbox 1616 3062 1767 3096; x_wconf 71' lang='lat' dir='ltr'>pro&#39;Qiint.</span> <span class='ocrx_word' id='word_1_2078' title='bbox 1781 3070 1815 3095; x_wconf 84' lang='lat'>92</span> <span class='ocrx_word' id='word_1_2079' title='bbox 1828 3071 1849 3088; x_wconf 92' lang='lat' dir='ltr'>c.</span> <span class='ocrx_word' id='word_1_2080' title='bbox 1860 3072 1891 3095; x_wconf 86' lang='lat'>30</span> <span class='ocrx_word' id='word_1_2081' title='bbox 1913 3063 1939 3090; x_wconf 89' lang='lat' dir='ltr'>Si</span> <span class='ocrx_word' id='word_1_2082' title='bbox 1952 3065 2034 3092; x_wconf 85' lang='lat' dir='ltr'>Causa</span> <span class='ocrx_word' id='word_1_2083' title='bbox 2048 3075 2107 3093; x_wconf 90' lang='lat' dir='ltr'>cum</span> <span class='ocrx_word' id='word_1_2084' title='bbox 2115 3068 2199 3095; x_wconf 86' lang='lat' dir='ltr'>Causa</span> 
     </span>
     <span class='ocr_line' id='line_1_211' title="bbox 1154 3098 2198 3137; baseline 0.006 -13"><span class='ocrx_word' id='word_1_2085' title='bbox 1154 3098 1340 3131; x_wconf 87' lang='lat' dir='ltr'>contenderet,</span> <span class='ocrx_word' id='word_1_2086' title='bbox 1368 3106 1417 3126; x_wconf 85' lang='lat' dir='ltr'>nos</span> <span class='ocrx_word' id='word_1_2087' title='bbox 1439 3099 1555 3126; x_wconf 83' lang='lat' dir='ltr'>nostram</span> <span class='ocrx_word' id='word_1_2088' title='bbox 1574 3098 1702 3133; x_wconf 77' lang='lat' dir='ltr'>perfacile</span> <span class='ocrx_word' id='word_1_2089' title='bbox 1724 3098 1810 3124; x_wconf 84' lang='lat' dir='ltr'>cuiuis</span> <span class='ocrx_word' id='word_1_2090' title='bbox 1831 3098 1989 3133; x_wconf 84' lang='lat' dir='ltr'>probaturos</span> <span class='ocrx_word' id='word_1_2091' title='bbox 2012 3101 2198 3137; x_wconf 77' lang='lat' dir='ltr'>statuebamus‚</span> 
     </span>
     <span class='ocr_line' id='line_1_212' title="bbox 1153 3133 2198 3168; baseline 0.007 -8"><span class='ocrx_word' id='word_1_2092' title='bbox 1153 3133 1225 3168; x_wconf 88' lang='lat' dir='ltr'>quod</span> <span class='ocrx_word' id='word_1_2093' title='bbox 1244 3135 1316 3161; x_wconf 87' lang='lat' dir='ltr'>vitae</span> <span class='ocrx_word' id='word_1_2094' title='bbox 1333 3135 1404 3162; x_wconf 86' lang='lat' dir='ltr'>ratio</span> <span class='ocrx_word' id='word_1_2095' title='bbox 1422 3143 1483 3162; x_wconf 85' lang='lat' dir='ltr'>cum</span> <span class='ocrx_word' id='word_1_2096' title='bbox 1503 3134 1574 3161; x_wconf 84' lang='lat' dir='ltr'>vitae</span> <span class='ocrx_word' id='word_1_2097' title='bbox 1593 3134 1695 3160; x_wconf 80' lang='lat' dir='ltr'>ratione</span> <span class='ocrx_word' id='word_1_2098' title='bbox 1721 3133 1882 3160; x_wconf 85' lang='lat' dir='ltr'>decerneret.</span> <span class='ocrx_word' id='word_1_2099' title='bbox 1972 3137 2084 3165; x_wconf 85' lang='lat' dir='ltr'>Causam</span> <span class='ocrx_word' id='word_1_2100' title='bbox 2104 3145 2198 3167; x_wconf 87' lang='lat' dir='ltr'>contra</span> 
     </span>
     <span class='ocr_line' id='line_1_213' title="bbox 1153 3168 2197 3207; baseline 0.004 -11"><span class='ocrx_word' id='word_1_2101' title='bbox 1153 3170 1269 3205; x_wconf 85' lang='lat' dir='ltr'>aliquem</span> <span class='ocrx_word' id='word_1_2102' title='bbox 1304 3171 1409 3198; x_wconf 88' lang='lat' dir='ltr'>Lucret.</span> <span class='ocrx_word' id='word_1_2103' title='bbox 1427 3179 1456 3204; x_wconf 92' lang='lat'>4,</span> <span class='ocrx_word' id='word_1_2104' title='bbox 1474 3178 1532 3204; x_wconf 79' lang='lat'>473.</span> <span class='ocrx_word' id='word_1_2105' title='bbox 1604 3170 1659 3196; x_wconf 88' lang='lat' dir='ltr'>Cic.</span> <span class='ocrx_word' id='word_1_2106' title='bbox 1675 3168 1727 3197; x_wconf 81' lang='lat' dir='ltr'>Off.</span> <span class='ocrx_word' id='word_1_2107' title='bbox 1748 3178 1768 3201; x_wconf 91' lang='lat'>1,</span> <span class='ocrx_word' id='word_1_2108' title='bbox 1782 3174 1809 3201; x_wconf 79' lang='lat'>38</span> <span class='ocrx_word' id='word_1_2109' title='bbox 1844 3170 1880 3196; x_wconf 89' lang='lat' dir='ltr'>Vt</span> <span class='ocrx_word' id='word_1_2110' title='bbox 1893 3171 1964 3198; x_wconf 85' lang='lat' dir='ltr'>enim</span> <span class='ocrx_word' id='word_1_2111' title='bbox 1981 3181 2064 3207; x_wconf 88' lang='lat' dir='ltr'>quum</span> <span class='ocrx_word' id='word_1_2112' title='bbox 2077 3171 2197 3202; x_wconf 66' lang='lat' dir='ltr'>ciuiliter</span> 
     </span>
     <span class='ocr_line' id='line_1_214' title="bbox 1152 3204 2197 3241; baseline 0.007 -10"><span class='ocrx_word' id='word_1_2113' title='bbox 1152 3206 1353 3239; x_wconf 87' lang='lat' dir='ltr'>contendimus,</span> <span class='ocrx_word' id='word_1_2114' title='bbox 1367 3207 1446 3235; x_wconf 83' lang='lat' dir='ltr'>aliter</span> <span class='ocrx_word' id='word_1_2115' title='bbox 1458 3206 1476 3232; x_wconf 82' lang='lat' dir='ltr'>ss</span> <span class='ocrx_word' id='word_1_2116' title='bbox 1489 3205 1526 3232; x_wconf 83' lang='lat' dir='ltr'>est</span> <span class='ocrx_word' id='word_1_2117' title='bbox 1538 3205 1678 3237; x_wconf 82' lang='lat' dir='ltr'>inimicus,</span> <span class='ocrx_word' id='word_1_2118' title='bbox 1703 3205 1780 3232; x_wconf 86' lang='lat' dir='ltr'>aliter</span> <span class='ocrx_word' id='word_1_2119' title='bbox 1799 3204 1817 3231; x_wconf 79' lang='lat' dir='ltr'>fi</span> <span class='ocrx_word' id='word_1_2120' title='bbox 1836 3205 1872 3231; x_wconf 88' lang='lat' dir='ltr'>est</span> <span class='ocrx_word' id='word_1_2121' title='bbox 1885 3210 2051 3241; x_wconf 86' lang='lat' dir='ltr'>competitor.</span> <span class='ocrx_word' id='word_1_2122' title='bbox 2123 3211 2197 3238; x_wconf 88' lang='lat' dir='ltr'>Idem</span> 
     </span>
     <span class='ocr_line' id='line_1_215' title="bbox 1152 3239 2196 3277; baseline 0.005 -9"><span class='ocrx_word' id='word_1_2123' title='bbox 1152 3241 1235 3268; x_wconf 89' lang='lat' dir='ltr'>Tusc.</span> <span class='ocrx_word' id='word_1_2124' title='bbox 1248 3251 1271 3276; x_wconf 83' lang='lat'>3,</span> <span class='ocrx_word' id='word_1_2125' title='bbox 1308 3262 1314 3270; x_wconf 90' lang='lat'>.</span> <span class='ocrx_word' id='word_1_2126' title='bbox 1352 3263 1360 3270; x_wconf 89' lang='lat'>.</span> <span class='ocrx_word' id='word_1_2127' title='bbox 1414 3243 1452 3268; x_wconf 84' lang='lat' dir='ltr'>Ita</span> <span class='ocrx_word' id='word_1_2128' title='bbox 1465 3241 1560 3273; x_wconf 87' lang='lat' dir='ltr'>credo,</span> <span class='ocrx_word' id='word_1_2129' title='bbox 1581 3241 1612 3267; x_wconf 90' lang='lat' dir='ltr'>de</span> <span class='ocrx_word' id='word_1_2130' title='bbox 1625 3240 1727 3267; x_wconf 87' lang='lat' dir='ltr'>honore</span> <span class='ocrx_word' id='word_1_2131' title='bbox 1746 3246 1791 3267; x_wconf 85' lang='lat' dir='ltr'>aut</span> <span class='ocrx_word' id='word_1_2132' title='bbox 1811 3239 1844 3266; x_wconf 89' lang='lat' dir='ltr'>de</span> <span class='ocrx_word' id='word_1_2133' title='bbox 1862 3241 1989 3277; x_wconf 81' lang='lat' dir='ltr'>dignitate</span> <span class='ocrx_word' id='word_1_2134' title='bbox 2003 3246 2196 3273; x_wconf 81' lang='lat' dir='ltr'>contendimus.</span> 
     </span>
     <span class='ocr_line' id='line_1_216' title="bbox 1152 3276 2196 3312; baseline 0.004 -8"><span class='ocrx_word' id='word_1_2135' title='bbox 1152 3278 1262 3305; x_wconf 62' lang='lat' dir='ltr'>Caeslss.</span> <span class='ocrx_word' id='word_1_2136' title='bbox 1271 3279 1303 3305; x_wconf 88' lang='lat' dir='ltr'>G.</span> <span class='ocrx_word' id='word_1_2137' title='bbox 1311 3285 1373 3312; x_wconf 82' lang='grc' dir='ltr'><strong>ς,43</strong></span> <span class='ocrx_word' id='word_1_2138' title='bbox 1393 3276 1580 3311; x_wconf 84' lang='lat' dir='ltr'>Omnibusque</span> <span class='ocrx_word' id='word_1_2139' title='bbox 1592 3277 1666 3302; x_wconf 84' lang='lat' dir='ltr'>annis</span> <span class='ocrx_word' id='word_1_2140' title='bbox 1673 3276 1704 3302; x_wconf 86' lang='lat' dir='ltr'>de</span> <span class='ocrx_word' id='word_1_2141' title='bbox 1713 3276 1772 3302; x_wconf 87' lang='lat' dir='ltr'>loco</span> <span class='ocrx_word' id='word_1_2142' title='bbox 1785 3277 1892 3304; x_wconf 76' lang='lat' dir='ltr'>summis</span> <span class='ocrx_word' id='word_1_2143' title='bbox 1906 3277 2083 3308; x_wconf 70' lang='lat' dir='ltr'>simultatibus</span> <span class='ocrx_word' id='word_1_2144' title='bbox 2091 3290 2196 3308; x_wconf 87' lang='lat' dir='ltr'>conten-</span> 
     </span>
     <span class='ocr_line' id='line_1_217' title="bbox 1152 3312 2195 3349; baseline 0.005 -10"><span class='ocrx_word' id='word_1_2145' title='bbox 1152 3313 1257 3341; x_wconf 77' lang='lat' dir='ltr'>debant.</span> <span class='ocrx_word' id='word_1_2146' title='bbox 1294 3316 1349 3341; x_wconf 84' lang='lat' dir='ltr'>Cic.</span> <span class='ocrx_word' id='word_1_2147' title='bbox 1359 3313 1420 3340; x_wconf 85' lang='lat' dir='ltr'>Diu.</span> <span class='ocrx_word' id='word_1_2148' title='bbox 1430 3313 1458 3339; x_wconf 86' lang='lat' dir='ltr'>in</span> <span class='ocrx_word' id='word_1_2149' title='bbox 1466 3313 1542 3340; x_wconf 84' lang='lat' dir='ltr'>Caec.</span> <span class='ocrx_word' id='word_1_2150' title='bbox 1552 3317 1576 3342; x_wconf 84' lang='lat'>¹8</span> <span class='ocrx_word' id='word_1_2151' title='bbox 1597 3312 1691 3346; x_wconf 81' lang='lat' dir='ltr'>Ecquis</span> <span class='ocrx_word' id='word_1_2152' title='bbox 1698 3320 1814 3346; x_wconf 87' lang='lat' dir='ltr'>vnquam</span> <span class='ocrx_word' id='word_1_2153' title='bbox 1823 3319 1874 3339; x_wconf 84' lang='lat' dir='ltr'>tam</span> <span class='ocrx_word' id='word_1_2154' title='bbox 1887 3315 1972 3348; x_wconf 89' lang='lat' dir='ltr'>palam</span> <span class='ocrx_word' id='word_1_2155' title='bbox 1982 3315 2014 3342; x_wconf 84' lang='lat' dir='ltr'>de</span> <span class='ocrx_word' id='word_1_2156' title='bbox 2023 3316 2132 3349; x_wconf 84' lang='lat' dir='ltr'>honore,</span> <span class='ocrx_word' id='word_1_2157' title='bbox 2141 3325 2195 3343; x_wconf 85' lang='lat' dir='ltr'>tam</span> 
     </span>
     <span class='ocr_line' id='line_1_218' title="bbox 1152 3347 2194 3382; baseline 0.004 -7"><span class='ocrx_word' id='word_1_2158' title='bbox 1152 3348 1323 3377; x_wconf 84' lang='lat' dir='ltr'>vehementer</span> <span class='ocrx_word' id='word_1_2159' title='bbox 1329 3350 1361 3376; x_wconf 88' lang='lat' dir='ltr'>de</span> <span class='ocrx_word' id='word_1_2160' title='bbox 1373 3349 1453 3375; x_wconf 87' lang='lat' dir='ltr'>salute</span> <span class='ocrx_word' id='word_1_2161' title='bbox 1465 3347 1510 3375; x_wconf 84' lang='lat' dir='ltr'>sua</span> <span class='ocrx_word' id='word_1_2162' title='bbox 1522 3347 1667 3380; x_wconf 83' lang='lat' dir='ltr'>contendit,</span> <span class='ocrx_word' id='word_1_2163' title='bbox 1681 3356 1759 3382; x_wconf 86' lang='lat' dir='ltr'>quam</span> <span class='ocrx_word' id='word_1_2164' title='bbox 1767 3347 1823 3381; x_wconf 88' lang='lat' dir='ltr'>ille,</span> <span class='ocrx_word' id='word_1_2165' title='bbox 1831 3356 1876 3375; x_wconf 90' lang='lat' dir='ltr'>aut</span> <span class='ocrx_word' id='word_1_2166' title='bbox 1889 3350 1961 3378; x_wconf 77' lang='lat' dir='ltr'>iilius</span> <span class='ocrx_word' id='word_1_2167' title='bbox 1974 3353 2071 3379; x_wconf 68' lang='lat' dir='ltr'>amici?</span> <span class='ocrx_word' id='word_1_2168' title='bbox 2090 3354 2128 3379; x_wconf 86' lang='lat' dir='ltr'>De</span> <span class='ocrx_word' id='word_1_2169' title='bbox 2140 3362 2194 3379; x_wconf 87' lang='lat' dir='ltr'>am-</span> 
     </span>
     <span class='ocr_line' id='line_1_219' title="bbox 1152 3383 2193 3422; baseline 0.003 -11"><span class='ocrx_word' id='word_1_2170' title='bbox 1152 3385 1283 3419; x_wconf 80' lang='lat' dir='ltr'>plitudine</span> <span class='ocrx_word' id='word_1_2171' title='bbox 1299 3384 1436 3413; x_wconf 85' lang='lat' dir='ltr'>humilitas</span> <span class='ocrx_word' id='word_1_2172' title='bbox 1456 3393 1515 3410; x_wconf 90' lang='lat' dir='ltr'>cnm</span> <span class='ocrx_word' id='word_1_2173' title='bbox 1535 3383 1663 3418; x_wconf 80' lang='lat' dir='ltr'>dignitate</span> <span class='ocrx_word' id='word_1_2174' title='bbox 1683 3383 1820 3410; x_wconf 85' lang='lat' dir='ltr'>contendit</span> <span class='ocrx_word' id='word_1_2175' title='bbox 1847 3384 1921 3412; x_wconf 78' lang='lat' dir='ltr'>Idem</span> <span class='ocrx_word' id='word_1_2176' title='bbox 1940 3395 1989 3422; x_wconf 89' lang='lat' dir='ltr'>pro</span> <span class='ocrx_word' id='word_1_2177' title='bbox 2009 3389 2083 3414; x_wconf 85' lang='lat' dir='ltr'>Rosc.</span> <span class='ocrx_word' id='word_1_2178' title='bbox 2104 3389 2193 3414; x_wconf 71' lang='lat' dir='ltr'>Amet.</span> 
     </span>
     <span class='ocr_line' id='line_1_220' title="bbox 1153 3418 2194 3457; baseline 0.002 -10"><span class='ocrx_word' id='word_1_2179' title='bbox 1153 3422 1205 3453; x_wconf 84' lang='grc'>136.</span> <span class='ocrx_word' id='word_1_2180' title='bbox 1260 3423 1293 3449; x_wconf 85' lang='lat' dir='ltr'>Et</span> <span class='ocrx_word' id='word_1_2181' title='bbox 1304 3430 1354 3457; x_wconf 88' lang='lat' dir='ltr'>pro</span> <span class='ocrx_word' id='word_1_2182' title='bbox 1368 3420 1473 3447; x_wconf 85' lang='lat' dir='ltr'>Caecin.</span> <span class='ocrx_word' id='word_1_2183' title='bbox 1491 3421 1552 3453; x_wconf 76' lang='lat' dir='ltr'>Qia</span> <span class='ocrx_word' id='word_1_2184' title='bbox 1566 3418 1598 3445; x_wconf 82' lang='lat' dir='ltr'>de</span> <span class='ocrx_word' id='word_1_2185' title='bbox 1609 3428 1639 3446; x_wconf 91' lang='lat' dir='ltr'>re</span> <span class='ocrx_word' id='word_1_2186' title='bbox 1651 3419 1781 3446; x_wconf 85' lang='lat' dir='ltr'>decertari</span> <span class='ocrx_word' id='word_1_2187' title='bbox 1790 3427 1945 3455; x_wconf 79' lang='lat' dir='ltr'>oporteret,</span> <span class='ocrx_word' id='word_1_2188' title='bbox 1965 3432 2018 3449; x_wconf 88' lang='lat' dir='ltr'>non</span> <span class='ocrx_word' id='word_1_2189' title='bbox 2035 3423 2194 3450; x_wconf 81' lang='lat' dir='ltr'>contendere</span> 
     </span>
     <span class='ocr_line' id='line_1_221' title="bbox 1152 3454 2192 3493; baseline 0.003 -11"><span class='ocrx_word' id='word_1_2190' title='bbox 1152 3457 1250 3486; x_wconf 76' lang='lat' dir='ltr'>Armis,</span> <span class='ocrx_word' id='word_1_2191' title='bbox 1321 3456 1409 3483; x_wconf 85' lang='lat' dir='ltr'>Armis</span> <span class='ocrx_word' id='word_1_2192' title='bbox 1430 3464 1489 3481; x_wconf 89' lang='lat' dir='ltr'>cum</span> <span class='ocrx_word' id='word_1_2193' title='bbox 1510 3456 1602 3490; x_wconf 90' lang='lat' dir='ltr'>aliquo</span> <span class='ocrx_word' id='word_1_2194' title='bbox 1633 3454 1690 3481; x_wconf 88' lang='lat' dir='ltr'>Cic.</span> <span class='ocrx_word' id='word_1_2195' title='bbox 1708 3455 1763 3482; x_wconf 76' lang='lat' dir='ltr'>Art.</span> <span class='ocrx_word' id='word_1_2196' title='bbox 1781 3463 1806 3489; x_wconf 89' lang='lat'>7,</span> <span class='ocrx_word' id='word_1_2197' title='bbox 1826 3465 1852 3489; x_wconf 90' lang='lat'>9.</span> <span class='ocrx_word' id='word_1_2198' title='bbox 1925 3458 1999 3493; x_wconf 84' lang='lat' dir='ltr'>Virg.</span> <span class='ocrx_word' id='word_1_2199' title='bbox 2015 3460 2077 3484; x_wconf 82' lang='lat' dir='ltr'>Aen.</span> <span class='ocrx_word' id='word_1_2200' title='bbox 2097 3467 2125 3491; x_wconf 85' lang='lat'>4,</span> <span class='ocrx_word' id='word_1_2201' title='bbox 2147 3463 2192 3488; x_wconf 81' lang='lat'>108</span> 
     </span>
     <span class='ocr_line' id='line_1_222' title="bbox 1152 3490 2191 3526; baseline 0.003 -9"><span class='ocrx_word' id='word_1_2202' title='bbox 1152 3493 1206 3525; x_wconf 70' lang='lat' dir='ltr'>Aut</span> <span class='ocrx_word' id='word_1_2203' title='bbox 1223 3498 1309 3520; x_wconf 74' lang='lat' dir='ltr'>tecum</span> <span class='ocrx_word' id='word_1_2204' title='bbox 1322 3492 1398 3518; x_wconf 86' lang='lat' dir='ltr'>malit</span> <span class='ocrx_word' id='word_1_2205' title='bbox 1410 3490 1568 3517; x_wconf 86' lang='lat' dir='ltr'>contendere</span> <span class='ocrx_word' id='word_1_2206' title='bbox 1583 3490 1676 3517; x_wconf 63' lang='lat' dir='ltr'>bello?</span> <span class='ocrx_word' id='word_1_2207' title='bbox 1718 3492 1805 3518; x_wconf 85' lang='lat' dir='ltr'>Cursu</span> <span class='ocrx_word' id='word_1_2208' title='bbox 1823 3492 1909 3520; x_wconf 77' lang='lat' dir='ltr'>Ouid.</span> <span class='ocrx_word' id='word_1_2209' title='bbox 1921 3495 1985 3520; x_wconf 74' lang='lat' dir='ltr'>Met.</span> <span class='ocrx_word' id='word_1_2210' title='bbox 1998 3503 2026 3526; x_wconf 90' lang='lat'>4,</span> <span class='ocrx_word' id='word_1_2211' title='bbox 2040 3501 2093 3525; x_wconf 75' lang='lat'>303.</span> <span class='ocrx_word' id='word_1_2212' title='bbox 2139 3494 2191 3520; x_wconf 88' lang='lat' dir='ltr'>Ini-</span> 
     </span>
     <span class='ocr_line' id='line_1_223' title="bbox 1152 3526 2192 3563; baseline 0 -9"><span class='ocrx_word' id='word_1_2213' title='bbox 1152 3527 1287 3556; x_wconf 82' lang='lat' dir='ltr'>miciffime</span> <span class='ocrx_word' id='word_1_2214' title='bbox 1299 3534 1378 3563; x_wconf 89' lang='lat' dir='ltr'>atque</span> <span class='ocrx_word' id='word_1_2215' title='bbox 1392 3526 1552 3553; x_wconf 85' lang='lat' dir='ltr'>infestiffime</span> <span class='ocrx_word' id='word_1_2216' title='bbox 1581 3526 1637 3553; x_wconf 89' lang='lat' dir='ltr'>Cic.</span> <span class='ocrx_word' id='word_1_2217' title='bbox 1651 3535 1701 3561; x_wconf 85' lang='lat' dir='ltr'>pro</span> <span class='ocrx_word' id='word_1_2218' title='bbox 1714 3527 1808 3561; x_wconf 82' lang='lat' dir='ltr'>Qint.</span> <span class='ocrx_word' id='word_1_2219' title='bbox 1818 3530 1866 3555; x_wconf 87' lang='lat'>66.</span> <span class='ocrx_word' id='word_1_2220' title='bbox 1936 3529 2007 3554; x_wconf 79' lang='lat' dir='ltr'>Idem</span> <span class='ocrx_word' id='word_1_2221' title='bbox 2028 3529 2080 3554; x_wconf 88' lang='lat' dir='ltr'>Att.</span> <span class='ocrx_word' id='word_1_2222' title='bbox 2103 3531 2139 3563; x_wconf 90' lang='lat'>16,</span> <span class='ocrx_word' id='word_1_2223' title='bbox 2161 3538 2192 3563; x_wconf 75' lang='lat'>¹4</span> 
     </span>
     <span class='ocr_line' id='line_1_224' title="bbox 1152 3558 2190 3599; baseline 0 -9"><span class='ocrx_word' id='word_1_2224' title='bbox 1152 3566 1214 3597; x_wconf 78' lang='grc' dir='ltr'>(ις)</span> <span class='ocrx_word' id='word_1_2225' title='bbox 1235 3565 1290 3599; x_wconf 86' lang='lat' dir='ltr'>Ego</span> <span class='ocrx_word' id='word_1_2226' title='bbox 1303 3563 1321 3590; x_wconf 85' lang='lat' dir='ltr'>si</span> <span class='ocrx_word' id='word_1_2227' title='bbox 1337 3571 1378 3590; x_wconf 87' lang='lat' dir='ltr'>me</span> <span class='ocrx_word' id='word_1_2228' title='bbox 1391 3570 1446 3588; x_wconf 89' lang='lat' dir='ltr'>non</span> <span class='ocrx_word' id='word_1_2229' title='bbox 1458 3561 1648 3597; x_wconf 82' lang='lat' dir='ltr'>improbiffime</span> <span class='ocrx_word' id='word_1_2230' title='bbox 1661 3558 1801 3590; x_wconf 84' lang='lat' dir='ltr'>Dolabella</span> <span class='ocrx_word' id='word_1_2231' title='bbox 1817 3563 1954 3595; x_wconf 45' lang='lat' dir='ltr'>natasset,</span> <span class='ocrx_word' id='word_1_2232' title='bbox 1970 3563 2122 3590; x_wconf 77' lang='lat' dir='ltr'>dubitatsem</span> <span class='ocrx_word' id='word_1_2233' title='bbox 2135 3564 2190 3591; x_wconf 86' lang='lat' dir='ltr'>for-</span> 
     </span>
     <span class='ocr_line' id='line_1_225' title="bbox 2129 3601 2191 3627; baseline 0.016 -1"><span class='ocrx_word' id='word_1_2234' title='bbox 2129 3601 2150 3626; x_wconf 79' lang='lat'>11</span> <span class='ocrx_word' id='word_1_2235' title='bbox 2175 3608 2191 3627; x_wconf 81' lang='lat' dir='ltr'>e</span> 
     </span>
     <span class='ocr_line' id='line_1_226' title="bbox 1149 3609 2189 3670; baseline 0.002 -9"><span class='ocrx_word' id='word_1_2236' title='bbox 1149 3638 1212 3662; x_wconf 83' lang='lat' dir='ltr'>&#39;cum</span> <span class='ocrx_word' id='word_1_2237' title='bbox 1230 3635 1321 3670; x_wconf 85' lang='lat' dir='ltr'>aliquo</span> <span class='ocrx_word' id='word_1_2238' title='bbox 1346 3633 1385 3661; x_wconf 85' lang='lat' dir='ltr'>Id.</span> <span class='ocrx_word' id='word_1_2239' title='bbox 1407 3642 1456 3669; x_wconf 89' lang='lat' dir='ltr'>pro</span> <span class='ocrx_word' id='word_1_2240' title='bbox 1469 3634 1563 3667; x_wconf 82' lang='lat' dir='ltr'>Qint.</span> <span class='ocrx_word' id='word_1_2241' title='bbox 1580 3635 1624 3666; x_wconf 74' lang='lat'>96.</span> <span class='ocrx_word' id='word_1_2242' title='bbox 1658 3667 1661 3669; x_wconf 65' lang='lat'>‚</span> <span class='ocrx_word' id='word_1_2243' title='bbox 1694 3634 1787 3670; x_wconf 83' lang='lat' dir='ltr'>Iurgio</span> <span class='ocrx_word' id='word_1_2244' title='bbox 1801 3641 1860 3661; x_wconf 83' lang='lat' dir='ltr'>cum</span> <span class='ocrx_word' id='word_1_2245' title='bbox 1879 3634 1969 3667; x_wconf 77' lang='lat' dir='ltr'>aliquo</span> <span class='ocrx_word' id='word_1_2246' title='bbox 2000 3634 2056 3660; x_wconf 86' lang='lat' dir='ltr'>Cic.</span> <span class='ocrx_word' id='word_1_2247' title='bbox 2070 3634 2102 3660; x_wconf 84' lang='lat' dir='ltr'>de</span> <span class='ocrx_word' id='word_1_2248' title='bbox 2119 3609 2189 3663; x_wconf 51' lang='lat' dir='ltr'>Clzlstr.</span> 
     </span>
     <span class='ocr_line' id='line_1_227' title="bbox 1151 3669 2190 3705; baseline 0 -7"><span class='ocrx_word' id='word_1_2249' title='bbox 1151 3671 1226 3698; x_wconf 86' lang='lat' dir='ltr'>Orat.</span> <span class='ocrx_word' id='word_1_2250' title='bbox 1241 3673 1302 3705; x_wconf 81' lang='lat'>246.</span> <span class='ocrx_word' id='word_1_2251' title='bbox 1373 3669 1432 3696; x_wconf 83' lang='lat' dir='ltr'>Lite</span> <span class='ocrx_word' id='word_1_2252' title='bbox 1445 3669 1477 3695; x_wconf 91' lang='lat' dir='ltr'>de</span> <span class='ocrx_word' id='word_1_2253' title='bbox 1488 3674 1518 3696; x_wconf 73' lang='lat' dir='ltr'>re</span> <span class='ocrx_word' id='word_1_2254' title='bbox 1531 3669 1620 3704; x_wconf 83' lang='lat' dir='ltr'>aliqua</span> <span class='ocrx_word' id='word_1_2255' title='bbox 1646 3670 1779 3704; x_wconf 69' lang='lat' dir='ltr'>Qinoii.</span> <span class='ocrx_word' id='word_1_2256' title='bbox 1793 3679 1814 3702; x_wconf 81' lang='lat'>3,</span> <span class='ocrx_word' id='word_1_2257' title='bbox 1828 3680 1854 3703; x_wconf 82' lang='lat'>4.</span> <span class='ocrx_word' id='word_1_2258' title='bbox 1925 3669 2000 3695; x_wconf 87' lang='lat' dir='ltr'>Ludo</span> <span class='ocrx_word' id='word_1_2259' title='bbox 2014 3678 2074 3697; x_wconf 85' lang='lat' dir='ltr'>cum</span> <span class='ocrx_word' id='word_1_2260' title='bbox 2088 3671 2190 3705; x_wconf 87' lang='lat' dir='ltr'>aliquo,</span> 
     </span>
     <span class='ocr_line' id='line_1_228' title="bbox 1151 3704 2191 3740; baseline 0 -7"><span class='ocrx_word' id='word_1_2261' title='bbox 1151 3709 1169 3732; x_wconf 84' lang='lat' dir='ltr'>i.</span> <span class='ocrx_word' id='word_1_2262' title='bbox 1183 3707 1297 3733; x_wconf 80' lang='lat' dir='ltr'>Ludendo</span> <span class='ocrx_word' id='word_1_2263' title='bbox 1316 3711 1413 3732; x_wconf 81' lang='lat' dir='ltr'>certare</span> <span class='ocrx_word' id='word_1_2264' title='bbox 1439 3705 1514 3740; x_wconf 85' lang='lat' dir='ltr'>Virg.</span> <span class='ocrx_word' id='word_1_2265' title='bbox 1533 3706 1597 3733; x_wconf 75' lang='lat' dir='ltr'>Aen.</span> <span class='ocrx_word' id='word_1_2266' title='bbox 1619 3707 1647 3739; x_wconf 89' lang='lat'>6,</span> <span class='ocrx_word' id='word_1_2267' title='bbox 1666 3709 1726 3739; x_wconf 82' lang='lat'>643.</span> <span class='ocrx_word' id='word_1_2268' title='bbox 1814 3704 1902 3731; x_wconf 78' lang='lat' dir='ltr'>Marte</span> <span class='ocrx_word' id='word_1_2269' title='bbox 1926 3704 1997 3730; x_wconf 87' lang='lat' dir='ltr'>Idem</span> <span class='ocrx_word' id='word_1_2270' title='bbox 2013 3706 2078 3732; x_wconf 77' lang='lat' dir='ltr'>Aen.</span> <span class='ocrx_word' id='word_1_2271' title='bbox 2096 3715 2124 3739; x_wconf 86' lang='lat'>9,</span> <span class='ocrx_word' id='word_1_2272' title='bbox 2140 3711 2191 3738; x_wconf 81' lang='lat'><em>5¹8-</em></span> 
     </span>
     <span class='ocr_line' id='line_1_229' title="bbox 1150 3739 2189 3776; baseline -0.002 -7"><span class='ocrx_word' id='word_1_2273' title='bbox 1150 3742 1308 3769; x_wconf 90' lang='lat' dir='ltr'>Muneribus</span> <span class='ocrx_word' id='word_1_2274' title='bbox 1321 3749 1381 3766; x_wconf 92' lang='lat' dir='ltr'>cum</span> <span class='ocrx_word' id='word_1_2275' title='bbox 1395 3740 1487 3774; x_wconf 90' lang='lat' dir='ltr'>aliquo</span> <span class='ocrx_word' id='word_1_2276' title='bbox 1506 3741 1623 3768; x_wconf 88' lang='lat' dir='ltr'>Martial.</span> <span class='ocrx_word' id='word_1_2277' title='bbox 1637 3749 1664 3776; x_wconf 82' lang='lat'>7,</span> <span class='ocrx_word' id='word_1_2278' title='bbox 1679 3750 1717 3775; x_wconf 80' lang='lat'>4¹-</span> <span class='ocrx_word' id='word_1_2279' title='bbox 1788 3739 1898 3768; x_wconf 76' lang='lat' dir='ltr'>Pedibus</span> <span class='ocrx_word' id='word_1_2280' title='bbox 1910 3747 1968 3765; x_wconf 87' lang='lat' dir='ltr'>cum</span> <span class='ocrx_word' id='word_1_2281' title='bbox 1986 3739 2079 3775; x_wconf 81' lang='lat' dir='ltr'>aliquo</span> <span class='ocrx_word' id='word_1_2282' title='bbox 2105 3742 2189 3769; x_wconf 86' lang='lat' dir='ltr'>Ouid.</span> 
     </span>
     <span class='ocr_line' id='line_1_230' title="bbox 1681 3774 2188 3811; baseline 0.002 -8"><span class='ocrx_word' id='word_1_2283' title='bbox 1681 3777 1794 3811; x_wconf 84' lang='lat' dir='ltr'>Pignore</span> <span class='ocrx_word' id='word_1_2284' title='bbox 1804 3775 1899 3810; x_wconf 80' lang='lat' dir='ltr'>aliquo</span> <span class='ocrx_word' id='word_1_2285' title='bbox 1912 3774 2001 3801; x_wconf 73' lang='lat' dir='ltr'>catut.</span> <span class='ocrx_word' id='word_1_2286' title='bbox 2014 3784 2095 3810; x_wconf 70' lang='lat'>42,4.</span> <span class='ocrx_word' id='word_1_2287' title='bbox 2132 3778 2188 3805; x_wconf 90' lang='lat' dir='ltr'>Cic.</span> 
     </span>
     <span class='ocr_line' id='line_1_231' title="bbox 1151 3809 2188 3848; baseline 0.003 -8"><span class='ocrx_word' id='word_1_2288' title='bbox 1151 3814 1222 3840; x_wconf 85' lang='lat' dir='ltr'>Fam.</span> <span class='ocrx_word' id='word_1_2289' title='bbox 1244 3821 1271 3848; x_wconf 87' lang='lat'>7,</span> <span class='ocrx_word' id='word_1_2290' title='bbox 1288 3821 1315 3844; x_wconf 82' lang='grc'>33</span> <span class='ocrx_word' id='word_1_2291' title='bbox 1347 3812 1383 3838; x_wconf 86' lang='lat' dir='ltr'>Vt</span> <span class='ocrx_word' id='word_1_2292' title='bbox 1394 3811 1560 3840; x_wconf 77' lang='lat' dir='ltr'>sacramento</span> <span class='ocrx_word' id='word_1_2293' title='bbox 1573 3812 1712 3840; x_wconf 86' lang='lat' dir='ltr'>contendas</span> <span class='ocrx_word' id='word_1_2294' title='bbox 1721 3819 1781 3839; x_wconf 83' lang='lat' dir='ltr'>mea</span> <span class='ocrx_word' id='word_1_2295' title='bbox 1799 3819 1852 3836; x_wconf 76' lang='lat' dir='ltr'>non</span> <span class='ocrx_word' id='word_1_2296' title='bbox 1865 3809 1921 3836; x_wconf 68' lang='lat' dir='ltr'>effe·</span> <span class='ocrx_word' id='word_1_2297' title='bbox 1991 3811 2087 3838; x_wconf 62' lang='lat' dir='ltr'>Velbis</span> <span class='ocrx_word' id='word_1_2298' title='bbox 2107 3812 2188 3839; x_wconf 74' lang='lat' dir='ltr'>Ouid·</span> 
     </span>
    </p>
   </div>
   <div class='ocr_carea' id='block_1_55' title="bbox 1376 3845 2187 3882">
    <p class='ocr_par' dir='ltr' id='par_1_68' title="bbox 1376 3845 2187 3882">
     <span class='ocr_line' id='line_1_232' title="bbox 1376 3845 2187 3882; baseline -0.002 -8"><span class='ocrx_word' id='word_1_2299' title='bbox 1376 3847 1501 3875; x_wconf 79' lang='lat' dir='ltr'>Verfibus</span> <span class='ocrx_word' id='word_1_2300' title='bbox 1514 3849 1621 3875; x_wconf 82' lang='lat' dir='ltr'>alteruis</span> <span class='ocrx_word' id='word_1_2301' title='bbox 1640 3847 1716 3882; x_wconf 84' lang='lat' dir='ltr'>Virg.</span> <span class='ocrx_word' id='word_1_2302' title='bbox 1731 3846 1783 3873; x_wconf 86' lang='lat' dir='ltr'>Ecl.</span> <span class='ocrx_word' id='word_1_2303' title='bbox 1797 3853 1824 3880; x_wconf 86' lang='lat'>7,</span> <span class='ocrx_word' id='word_1_2304' title='bbox 1837 3850 1872 3875; x_wconf 83' lang='grc'>18.</span> <span class='ocrx_word' id='word_1_2305' title='bbox 1944 3845 1979 3871; x_wconf 88' lang='lat' dir='ltr'>Vi</span> <span class='ocrx_word' id='word_1_2306' title='bbox 1992 3845 2094 3873; x_wconf 87' lang='lat' dir='ltr'>summa</span> <span class='ocrx_word' id='word_1_2307' title='bbox 2106 3848 2187 3881; x_wconf 82' lang='lat' dir='ltr'>impe-</span> 
     </span>
    </p>
   </div>
   <div class='ocr_carea' id='block_1_56' title="bbox 1150 3849 2185 3915">
    <p class='ocr_par' dir='ltr' id='par_1_69' title="bbox 1150 3849 2185 3915">
     <span class='ocr_line' id='line_1_233' title="bbox 1150 3849 2185 3915; baseline 0.003 -10"><span class='ocrx_word' id='word_1_2308' title='bbox 1150 3849 1215 3876; x_wconf 38' lang='grc' dir='ltr'>Μετ’</span> <span class='ocrx_word' id='word_1_2309' title='bbox 1232 3857 1265 3881; x_wconf 61' lang='lat'>¹3⁹</span> <span class='ocrx_word' id='word_1_2310' title='bbox 1279 3857 1303 3880; x_wconf 48' lang='lat'>9⁶</span> <span class='ocrx_word' id='word_1_2311' title='bbox 1858 3879 1933 3906; x_wconf 86' lang='lat' dir='ltr'>Idem</span> <span class='ocrx_word' id='word_1_2312' title='bbox 1947 3881 2023 3908; x_wconf 87' lang='lat' dir='ltr'>Verr.</span> <span class='ocrx_word' id='word_1_2313' title='bbox 2042 3892 2068 3915; x_wconf 86' lang='lat'>2,</span> <span class='ocrx_word' id='word_1_2314' title='bbox 2082 3891 2112 3915; x_wconf 78' lang='lat'>52</span> <span class='ocrx_word' id='word_1_2315' title='bbox 2130 3883 2185 3908; x_wconf 86' lang='lat' dir='ltr'>Iam</span> 
     </span>
    </p>
   </div>
   <div class='ocr_carea' id='block_1_57' title="bbox 1147 3882 2188 4013">
    <p class='ocr_par' dir='ltr' id='par_1_70' title="bbox 1147 3882 2187 3987">
     <span class='ocr_line' id='line_1_234' title="bbox 1150 3882 1877 3920; baseline -0.007 -9"><span class='ocrx_word' id='word_1_2316' title='bbox 1150 3891 1231 3920; x_wconf 84' lang='lat' dir='ltr'>tuque</span> <span class='ocrx_word' id='word_1_2317' title='bbox 1246 3889 1337 3910; x_wconf 84' lang='lat' dir='ltr'>contra</span> <span class='ocrx_word' id='word_1_2318' title='bbox 1348 3882 1465 3918; x_wconf 85' lang='lat' dir='ltr'>aliquem</span> <span class='ocrx_word' id='word_1_2319' title='bbox 1492 3885 1548 3912; x_wconf 89' lang='lat' dir='ltr'>Cic.</span> <span class='ocrx_word' id='word_1_2320' title='bbox 1562 3884 1595 3910; x_wconf 79' lang='lat' dir='ltr'>de</span> <span class='ocrx_word' id='word_1_2321' title='bbox 1607 3883 1694 3910; x_wconf 86' lang='lat' dir='ltr'>Finib.</span> <span class='ocrx_word' id='word_1_2322' title='bbox 1709 3891 1731 3914; x_wconf 82' lang='lat'>3,</span> <span class='ocrx_word' id='word_1_2323' title='bbox 1743 3883 1788 3907; x_wconf 81' lang='lat'>66.</span> <span class='ocrx_word' id='word_1_2324' title='bbox 1814 3915 1819 3920; x_wconf 45' lang='grc' dir='ltr'>Ι</span> <span class='ocrx_word' id='word_1_2325' title='bbox 1871 3915 1877 3920; x_wconf 39' lang='grc'><em>·</em></span> 
     </span>
     <span class='ocr_line' id='line_1_235' title="bbox 1147 3915 2186 3954; baseline -0.005 -7"><span class='ocrx_word' id='word_1_2326' title='bbox 1147 3919 1177 3947; x_wconf 86' lang='lat' dir='ltr'>in</span> <span class='ocrx_word' id='word_1_2327' title='bbox 1191 3926 1261 3946; x_wconf 85' lang='lat' dir='ltr'>tanta</span> <span class='ocrx_word' id='word_1_2328' title='bbox 1273 3919 1346 3945; x_wconf 88' lang='lat' dir='ltr'>istius</span> <span class='ocrx_word' id='word_1_2329' title='bbox 1358 3919 1523 3954; x_wconf 88' lang='lat' dir='ltr'>impudentia</span> <span class='ocrx_word' id='word_1_2330' title='bbox 1535 3918 1724 3947; x_wconf 87' lang='lat' dir='ltr'>remittendum</span> <span class='ocrx_word' id='word_1_2331' title='bbox 1737 3915 1839 3950; x_wconf 80' lang='lat' dir='ltr'>aliquid</span> <span class='ocrx_word' id='word_1_2332' title='bbox 1849 3915 1967 3948; x_wconf 81' lang='lat' dir='ltr'>videtur,</span> <span class='ocrx_word' id='word_1_2333' title='bbox 1979 3925 2013 3943; x_wconf 90' lang='lat' dir='ltr'>ne</span> <span class='ocrx_word' id='word_1_2334' title='bbox 2025 3918 2116 3944; x_wconf 84' lang='lat' dir='ltr'>omnia</span> <span class='ocrx_word' id='word_1_2335' title='bbox 2126 3925 2186 3943; x_wconf 89' lang='lat' dir='ltr'>con-</span> 
     </span>
     <span class='ocr_line' id='line_1_236' title="bbox 1955 3952 2187 3987; baseline -0.013 -8"><span class='ocrx_word' id='word_1_2336' title='bbox 1955 3952 2071 3987; x_wconf 79' lang='lat' dir='ltr'>Propcrt.</span> <span class='ocrx_word' id='word_1_2337' title='bbox 2086 3960 2107 3984; x_wconf 85' lang='grc' dir='ltr'>ι,</span> <span class='ocrx_word' id='word_1_2338' title='bbox 2120 3960 2159 3984; x_wconf 69' lang='grc'>14,</span> <span class='ocrx_word' id='word_1_2339' title='bbox 2169 3959 2187 3985; x_wconf 82' lang='grc'><strong>7</strong></span> 
     </span>
    </p>

    <p class='ocr_par' dir='ltr' id='par_1_71' title="bbox 2125 3987 2188 4013">
     <span class='ocr_line' id='line_1_237' title="bbox 2125 3987 2188 4013; baseline 0.016 -1"><span class='ocrx_word' id='word_1_2340' title='bbox 2125 3987 2188 4013; x_wconf 80' lang='lat' dir='ltr'>Non</span> 
     </span>
    </p>
   </div>
   <div class='ocr_carea' id='block_1_58' title="bbox 1299 3990 1422 4026">
    <p class='ocr_par' dir='ltr' id='par_1_72' title="bbox 1299 3990 1422 4026">
     <span class='ocr_line' id='line_1_238' title="bbox 1299 3990 1422 4026; baseline 0 -7"><span class='ocrx_word' id='word_1_2341' title='bbox 1299 3990 1422 4026; x_wconf 70' lang='lat' dir='ltr'>7Na</span> 
     </span>
    </p>
   </div>
  </div>
 </body>
</html>
