2474 4182
298 127 359 171 5¹5
701 115 739 154 A
810 110 856 151 T
921 108 953 148 R
1758 79 1809 147 'A
1877 106 1920 156 Τ
1998 107 2043 148 Τ
2367 87 2451 168 515³

300 205 375 242 quod
389 207 473 233 secum
482 226 489 238 ‚
510 213 556 232 etc.
626 202 750 238 Szzperlat.
788 197 920 232 Qiinffil.
935 199 967 230 6,
981 204 1008 230 t,
1024 204 1048 230 15
1068 197 1173 224 Summa
1193 195 1344 222 concitandi
1431 201 1453 220 A
1462 200 1483 220 T
1494 200 1515 221 Τ
1527 201 1543 221 Ε
1553 203 1569 221 1,
1580 201 1596 222 L
1606 195 1629 222 A
1638 203 1658 222 N
1671 202 1690 221 v
1700 204 1711 223 s
1720 216 1729 229 ,
1744 195 1865 233 fipotius
1884 203 1906 222 Α
1917 201 1939 222 Τ
1950 202 1966 222 1:
1975 203 1992 222 1.
2001 202 2017 222 L
2026 203 2048 223 Α
2057 172 2109 224 N‘v
2117 204 2139 225 s.
2167 200 2228 227 Adi.
2252 188 2432 243 ['Ars>.>.oei.0'3-]
2450 188 2451 194 ¹

301 242 409 270 affctstus
423 243 451 269 in
465 242 613 268 accusatore
627 240 654 265 in
669 238 718 263 hoc
734 235 785 265 est,
805 241 833 260 vt
847 234 891 267 id,
905 232 978 269 quod
991 232 1103 265 obiicit,
1122 239 1166 260 aut
1181 241 1260 267 quam
1274 239 1343 257 atro·
1396 230 1527 264 Epitheton
1549 230 1710 258 fabularum.
1754 233 1888 264 Donatus,
1910 232 1938 258 in
1958 232 2014 258 vita
2027 232 2170 267 Terentii,
2189 237 2330 264 Atteuanas
2344 247 2359 265 a
2371 241 2433 269 ciui.
2450 253 2453 263 ι

302 277 443 310 cillimum,
481 291 526 297 ——
560 275 691 301 videatur.
761 271 861 301 Atrox,
885 269 1013 296 Crudum.
1041 279 1069 295 cx
1090 269 1174 296 Naeu.
1195 267 1258 294 Bell.
1278 268 1342 292 Pun.
1396 272 1448 291 tate
1463 266 1635 300 Campaniae,
1657 267 1704 294 vbi
1723 267 1846 294 actitatae
1864 268 1922 293 sunt
1940 267 2078 302 plurimae.
2116 269 2199 303 Idem,
2218 273 2363 300 Attellanae
2379 276 2430 304 sali,
2445 267 2449 291 Ῐ

302 314 350 342 lib.
364 324 382 348 4
401 313 484 340 Simul
503 311 601 338 atrocia
615 308 780 343 porricerent
796 312 855 333 exta
868 305 1075 337 ministratores,
1094 305 1201 331 Nonius
1216 312 1241 333 2,
1256 305 1297 328 62.
1389 301 1446 334 ⁴bus
1461 307 1487 327 et
1501 301 1568 327 iocis
1582 303 1755 337 conipolitac,
1774 312 1842 338 quae
1855 303 1884 329 in
1896 304 1922 329 se
1941 312 1995 329 non
2007 303 2119 336 habent,
2133 305 2182 331 nisi
2195 308 2323 334 vetustam
2337 309 2432 345 elegati·
2444 292 2451 328 ¹l

340 356 420 377 A'rR
431 356 475 375 oc
486 346 498 373 ἴ
507 353 528 372 Τ
538 352 597 377 AS,
630 344 688 370 atis.
724 342 744 369 f.
781 341 922 376 [ἐπήνειοι]
964 341 1112 367 Crudelitas.
1155 340 1210 366 Cic.
1228 340 1302 364 Verr.
1319 347 1345 370 4,
1362 344 1374 369 5
1398 337 1472 364 tiam.
1544 335 1658 363 Vrbicus
1676 339 1774 366 exodio
1801 339 1883 366 risum
1903 345 1994 365 mouet
2011 338 2146 366 Atellanae
2163 341 2285 368 Gestibus
2307 345 2446 375 Autonoe..

303 395 340 420 94
371 386 465 419 Neque
489 389 575 408 tamen
594 379 655 406 finis
675 378 738 406 huic
759 378 892 410 iniuriae,
917 376 1121 410 crudelitatique
1140 375 1236 407 fiebat,
1264 374 1346 400 donec
1398 372 1515 399 quenal.
1530 374 1556 405 6,
1569 381 1608 407 71.
1650 374 1781 410 originem
1799 381 1890 402 narrat
1905 375 1966 401 Liu.
1980 383 2007 409 7,
2020 383 2034 401 2
2054 374 2194 410 Postquam
2205 376 2263 412 lege
2281 378 2328 405 hae
2340 367 2445 410 fabula-⁴

303 421 415 457 populus
429 425 505 452 atque
518 417 641 442 vniuersa
654 413 802 441 multitudo
816 413 955 441 atrocitate
969 412 1010 439 rei
1023 410 1259 444 misericordiaque
1277 418 1346 436 com-
1399 418 1458 435 rum
1472 408 1504 435 ab
1519 408 1571 434 risu
1587 417 1615 434 ac
1631 408 1719 435 soluto
1731 409 1793 436 ioco
1807 419 1847 437 res
1859 410 2029 442 auocabatur,
2041 416 2066 437 et
2079 410 2155 437 ludus
2170 411 2199 437 in
2208 419 2290 440 artem
2304 415 2445 448 paullatim.
2462 439 2465 442 .

302 465 391 487 mota,
410 456 531 480 Senatum
555 452 670 478 clamore
684 450 787 485 co‘e'git,
804 455 850 482 vt,
873 455 919 476 etc.
975 447 1084 474 Sceleris
1096 446 1195 473 Sallust.
1212 445 1290 471 Catil.
1305 453 1344 471 22.
1397 450 1528 475 verterat,
1550 444 1674 470 iuuentus
1687 443 1861 473 histrionibus
1877 446 2036 472 fabellarum
2054 445 2115 472 aaa
2136 446 2246 478 reli&0‚
2266 450 2319 484 ipsa
2333 450 2399 480 inter
2410 439 2451 481 sei

302 491 414 521 Crudeli
426 488 496 515 necis
508 488 647 514 atrocitate
661 486 796 522 deperire,
821 488 924 522 itemque
943 483 1041 510 Flebili
1054 482 1124 508 vitae
1147 481 1286 508 atrocitate
1300 480 1347 506 ho·
1398 488 1475 519 more
1497 479 1608 513 antiquo
1633 479 1748 506 ridicula
1766 481 1865 508 intexta
1885 481 2001 508 versibus
2023 481 2144 508 iaetitare
2163 483 2259 518 coepit.
2293 493 2358 520 quae
2377 481 2472 518 uideri>

303 529 402 556 minem
418 523 568 558 disperdere
588 523 695 550 Firmic.
710 531 732 555 3,
745 530 767 555 5.
838 521 895 547 Cic.
909 520 938 546 in
950 518 1072 558 Catil-⁴4,
1086 526 1107 544 11
1128 527 1149 543 c.
1163 519 1180 543 6
1205 518 1260 551 Ego
1270 515 1345 578 cquod
1358 525 1385 542 ιο
1398 515 1494 542 exodia
1518 515 1607 549 postea
1628 514 1773 549 appellata,
1801 517 1972 553 consertaque
1995 517 2102 544 fabellis
2123 518 2282 552 potiffinium
2304 521 2435 553 Attellanig
2446 526 2474 556 fl

301 565 332 590 in
345 562 392 588 hac
407 561 481 587 causa
494 558 680 586 vehementior
692 559 766 590 sum,
784 565 839 583 non
851 555 988 583 atrocitate
1001 553 1086 582 animi
1099 562 1225 593 mouere,
1244 553 1268 578 sc
1300 552 1347 592 lin·
1400 552 1478 590 sunt.-
1501 551 1574 591 quod
1593 559 1673 585 genus
1694 550 1819 591 ludorum
1839 552 1871 579 ab
1885 554 1958 580 Oscis
1977 558 2112 588 acceptum
2131 554 2218 581 tenuit
2236 555 2372 590 iuuentus,
2390 546 2471 591 ”ees—⁸

300 597 390 633 gulari
403 595 515 632 quadam
529 594 691 622 humanitate
703 600 731 620 et
743 592 936 620 misericordia.
1007 591 1109 616 Leuare
1121 595 1286 616 atrocitatem
1301 588 1348 613 ali·
1400 587 1433 613 ab
1453 585 1626 613 histrionibus
1646 586 1732 621 pollui
1749 587 1815 621 pass‘a
1831 588 1876 614 est.
1933 589 2021 616 Valer.
2040 590 2110 616 Max.
2126 598 2158 622 z,
2176 599 2205 622 4,
2217 599 2236 623 4
2266 592 2389 621 Attellani
2400 594 2455 624 egb-¹

302 634 377 660 euius
390 632 449 664 rei,
473 631 527 658 υίιί.
548 638 647 658 LEvis.
741 629 868 663 Mitigare
884 627 1051 654 atrocitatem
1070 631 1221 659 temporum
1242 625 1348 650 Sueton.
1401 623 1474 649 Oscis
1487 622 1564 648 acciti
1578 623 1650 648 sunt:
1672 621 1744 657 quod
1758 631 1839 656 genus
1852 623 2037 651 delectationis
2051 624 2143 652 Italica
2160 626 2300 653 seueritate
2315 633 2444 664 tempera...
2463 625 2466 631 ’

301 669 372 696 Tib.
394 678 415 695 c.
429 672 471 703 48.
525 666 601 694 Auci.
618 666 650 693 ad
665 667 782 692 Herenn.
796 673 824 695 2,
843 672 859 695 9
883 664 914 689 In
934 662 1010 688 causa
1029 660 1204 688 coniecturali
1223 659 1347 694 proprius
1400 664 1473 689 tum,
1494 658 1609 692 ideoque
1622 666 1734 684 vacuum
1752 664 1816 684 nota
1830 658 1874 685 est.
1917 660 1988 687 Nam
2007 669 2093 696 neque
2110 660 2184 687 tribu
2202 668 2342 696 mouetur,
2357 673 2456 702 nequ!

302 706 376 732 locus
390 703 547 731 accusatoris
560 702 610 734 est,
629 711 712 737 quum
725 700 791 727 dicit
805 699 938 725 malorum
957 697 1080 725 misereri
1092 705 1147 722 non
1159 702 1300 730 oportere,
1321 700 1347 720 et
1359 698 1384 724 ις
1400 702 1412 719 a
1428 693 1562 727 stipendiis
1582 692 1744 720 militaribus
1763 693 1909 728 repellitur.
1965 696 2022 724 Cic.
2035 697 2106 723 Fam.
2120 705 2152 730 9,
2168 698 2197 723 16
2219 697 2296 724 Nunc
2312 699 2391 728 venio
2405 709 2419 730 ῃ

302 750 386 776 quum
400 745 477 774 auget
491 739 589 774 peccati
602 737 776 765 atrocitatem.
827 733 960 768 Quinctil.
975 736 1007 765 6,
1021 743 1044 765 1,
1061 741 1084 764 13
1104 731 1235 758 Atrocitas
1255 730 1347 757 crescit
1397 729 1542 756 iocationes
1556 736 1628 762 tuas,
1651 728 1758 765 quando
1775 734 1804 756 tu
1816 729 1958 757 secundum
1971 733 2138 759 Oenomaum
2153 733 2244 765 Accii,
2261 742 2316 760 non
2332 741 2361 762 vt
2373 728 2445 766 oliim

301 786 336 804 ex
348 776 407 808 his,
428 774 493 811 quid
506 774 607 801 saelum
622 773 668 805 lit,
688 781 702 799 a
717 780 787 807 quo,
802 771 830 798 in
843 779 939 805 quem,
959 778 1014 804 quo
1025 769 1133 799 animo,
1147 775 1201 806 quo
1216 772 1346 805 tempore,
1401 764 1517 805 solebat,
1537 765 1700 804 Attellamun
1713 775 1718 790 ι
1744 764 1789 792 sed
1802 771 1830 792 vt
1843 774 1912 792 nunc
1926 766 1970 799 fit,
1989 767 2103 794 mimum
2121 767 2302 796 introduxisti.
2373 772 2439 802 ΑΨ

303 821 359 848 quo
378 811 455 844 loco,
473 819 527 846 quo
546 809 652 836 modo?
687 807 791 834 Paullus
810 807 889 833 ICtus
908 805 925 832 1.
945 810 958 836 8
978 804 1004 831 ff.
1039 804 1072 830 de
1095 803 1203 828 iniuriis
1222 801 1348 827 Vulneris
1402 800 1487 826 lannis
1500 801 1660 828 notiffimum
1674 801 1807 828 canticum
1819 801 1916 829 exorsis
1930 802 1999 829 Suet.
2015 803 2091 830 Galb.
2112 812 2134 830 c.
2151 812 2184 836 13.
2204 807 2223 831 i.
2236 804 2363 832 attoribus‘
2390 801 2408 826 Ἀ
2428 812 2432 820 ’
2448 824 2449 827 1

302 846 460 883 magnitudo
473 845 640 873 atrocitatem
653 843 809 876 (iniuriae)
829 843 901 869 facit.
1049 838 1069 876 ff
1092 847 1106 864 2
1140 837 1271 863 Atrocitas
1292 837 1348 862 for·
1396 837 1519 863 lanarum.
2399 822 2449 896 ’ᾋ;

303 885 434 911 mularum
450 880 560 915 Qun&
574 889 602 915 7,
615 888 624 906 1
633 900 642 913 ,
654 887 696 914 37,
717 879 753 905 est
767 878 879 914 ἄκρίβιωι
898 876 942 902 iLla
959 882 983 901 ει
997 871 1230 913 rigoryiurisflet‘h'
1243 871 1347 935 ruff—ius.
1358 880 1391 898 20
1437 879 1459 898 A
1468 879 1489 898 Τ
1499 879 1520 898 Τ
1529 879 1545 898 13
1556 878 1572 897 L
1583 878 1600 897 1.
1609 879 1662 899 AN
1673 880 1682 899 1
1692 879 1712 899 v
1722 880 1734 899 s
1743 892 1752 905 ,
1791 872 1834 899 vel
1866 879 1888 899 Α
1901 878 1923 898 Τ
1933 879 1954 899 Τ
1963 880 2006 900 Ei.
2015 881 2031 901 L
2042 882 2063 901 A
2073 882 2094 901 N
2104 882 2113 901 1
2122 882 2139 902 c
2150 883 2200 902 vs.
2238 875 2299 902 Adi.
2340 875 2364 910 [²
2388 882 2394 885 -
2446 870 2449 894 Ι

302 921 358 947 Cic.
374 922 412 953 Q
424 919 507 945 Fratr.
523 925 544 950 1,
557 925 570 943 2
590 917 647 943 Hae
661 915 754 942 literae
770 914 815 940 abs
829 920 854 940 te
866 920 915 948 per
930 911 1018 950 iocum
1039 909 1127 935 missae
1146 908 1179 934 ad
1192 908 1221 934 C.
1236 908 1270 935 Fa
1292 916 1348 948 ium
1401 908 1487 941 λαῖος]
1523 907 1578 934 Cic.
1595 907 1626 933 de
1639 908 1731 934 Diuin.
1743 917 1758 934 2
1778 917 1799 934 c.
1813 916 1842 933 10
1862 908 1969 935 Totum
1982 911 2095 937 omnino
2108 910 2194 937 fatum
2207 911 2288 938 etiam
2301 911 2371 939 Attel
2387 913 2404 935 f*
2424 902 2448 938 ll!

302 955 435 987 (simodo
448 954 507 980 sunt
519 955 595 985 tuae)
617 960 700 987 quum
719 951 858 985 leguntur,
876 946 1038 974 inuidiosam
1060 943 1207 972 verborum
1226 950 1348 971 atrocita-
1402 943 1479 970 versu
1495 943 1553 970 iure
1573 943 1643 970 mihi
1662 944 1709 970 esse
1729 944 1837 970 irrisum
1855 943 1972 971 videtur.
2043 946 2174 973 Exodium
2187 947 2365 974 Atellanicum
2380 943 2396 962 *¹
2428 942 2447 970 ‘l‘

299 998 355 1019 gem
368 989 475 1018 habent,
1077 1015 1082 1019 ι
1180 1015 1185 1020 .
1401 978 1475 1006 Tib.
1498 988 1569 1013 c.4‚·.
1642 980 1690 1006 Ars
1702 979 1848 1006 Atellanica
1861 980 1980 1007 Macrob.
1995 980 2045 1008 Sat.
2059 991 2080 1014 1,
2096 990 2131 1009 ιο,
2428 975 2441 1018 ’,Ι
2464 986 2467 989 ’

339 1022 589 1054 ATRochER.
625 1022 692 1049 Adu.
727 1018 857 1054 [inmas]
915 1017 966 1049 Vt,
992 1016 1127 1042 Atrociter
1150 1015 1270 1042 minitari
1292 1016 1348 1042 Cic.
1438 1013 1712 1048 ATTEMPJERO,
1736 1020 1789 1041 are.
1825 1015 2024 1051 [προσαρμόζω]
2059 1019 2173 1052 Aptare,
2197 1024 2220 1044 ρ,
2234 1017 2380 1052 Modcrari,
2429 1012 2448 1043 1,,

304 1064 380 1090 Verr.
403 1070 430 1095 5,
451 1069 494 1094 159
526 1069 548 1086 e.
569 1062 611 1085 62.
667 1056 736 1085 Adtl.
758 1053 858 1081 Sallust.
881 1051 1002 1087 Iugurth.
1027 1060 1049 1078 c.
1069 1059 1110 1086 37.
1168 1051 1259 1078 Tacit.
1279 1051 1348 1077 Hist.
1358 1054 1388 1079 25
1401 1050 1524 1085 Dirigcrc
1543 1050 1576 1076 ad
1596 1050 1708 1086 aliquid.
1749 1051 1807 1077 Scn.
1822 1050 1901 1085 Epist.
1916 1059 1946 1082 30
1972 1051 2013 1078 Sic
2034 1052 2178 1086 gladiator,
2200 1059 2256 1080 tota
2274 1063 2359 1089 pugna
2380 1068 2395 1077 .,
2429 1048 2447 1083 ”’,

303 1108 330 1131 1,
347 1107 376 1131 23
399 1096 515 1124 Labores
527 1095 671 1124 itinerum,
693 1091 783 1124 inopia
797 1094 1009 1120 commeatuum,
1023 1087 1124 1113 duritia
1138 1087 1263 1121 imperii,
1279 1093 1348 1113 atro·
1402 1086 1531 1118 diffimus,
1552 1086 1674 1120 iugulum
1694 1086 1848 1114 aduersario
1867 1086 1994 1121 praestat,
2012 1094 2038 1114 et
2057 1095 2188 1116 errantem
2207 1089 2325 1124 gladium
2343 1089 2391 1118 tib
2428 1080 2447 1120 T*

302 1135 359 1161 cius
379 1131 584 1167 accipiebantur.
640 1128 694 1155 Cic.
716 1135 764 1161 pro
784 1125 859 1152 Rosc.
873 1124 961 1150 Amer.
981 1130 1046 1149 extr.
1072 1124 1089 1150 s.
1104 1131 1149 1157 ¹54
1176 1124 1247 1150 Nam
1265 1132 1349 1158 quum
1400 1128 1536 1157 temperat.
2386 1140 2390 1150 k
2425 1119 2445 1151 ··r¹

302 1169 428 1197 onmibus
441 1167 515 1194 horis
529 1164 630 1200 aliquid
645 1162 771 1190 atrociter
785 1161 843 1187 fieri
857 1160 979 1187 videmus
992 1165 1036 1185 aut
1050 1158 1186 1191 audimus,
1206 1160 1287 1185 etiam
1301 1158 1350 1194 qui
1440 1166 1461 1184 A
1471 1165 1521 1185 ΤΤ
1531 1164 1547 1184 Ε
1557 1165 1581 1184 M
1591 1164 1605 1183 Ρ
1615 1164 1658 1184 ER
1668 1163 1788 1191 ATvs,
1815 1168 1846 1191 a,
1871 1168 1927 1186 um.
1965 1158 2047 1194 Supra
2069 1159 2193 1186 Catinum
2212 1160 2307 1194 penula
2325 1166 2362 1188 att
2384 1176 2395 1184 v
2427 1154 2439 1165 ”

301 1212 396 1234 natura
410 1202 537 1230 mitissimi
552 1202 638 1227 sumus
647 1220 654 1232 ,
669 1197 812 1224 assiduitate
826 1195 1008 1223 molestiarum
1021 1195 1124 1221 sensum
1137 1203 1245 1221 omnem
1258 1194 1350 1221 huma·
1403 1199 1459 1221 rata
1472 1193 1580 1220 Vitruu.
1598 1202 1634 1226 10,
1651 1202 1688 1227 12,
1707 1197 1725 1220 i.
1738 1194 1927 1222 accommodata.
2388 1208 2389 1213 ,
2428 1192 2431 1202 ¹

302 1241 394 1269 nitatis
423 1247 454 1265 ex
478 1237 573 1263 animis
596 1235 753 1262 amittimus.
824 1232 948 1258 Atrocius
971 1230 1061 1265 paullo
1082 1230 1155 1256 Idem
1174 1231 1250 1257 Verr.
1266 1239 1281 1256 2
1291 1251 1299 1262 ,
1315 1234 1392 1261 8330
1441 1235 1494 1256 ΑΤ
1504 1236 1551 1256 ΤΕ
1561 1237 1585 1255 M
1595 1236 1610 1256 Ρ
1620 1230 1761 1256 ΕΗᾸΤΕ.
1795 1230 1864 1256 Adu.
1900 1230 2057 1258 Ter.Andr.
2070 1238 2093 1264 5,
2106 1240 2135 1265 4,
2151 1239 2175 1264 ¹3
2193 1232 2266 1258 Itane
2280 1238 2372 1259 attem·
2384 1248 2393 1255 .

302 1277 437 1303 Atrociter
455 1272 548 1299 inuehi
569 1271 628 1297 Liu.
649 1279 677 1302 3,
712 1289 720 1296 .
757 1288 765 1296 .
836 1268 874 1294 De
897 1266 1001 1295 ambitu
1020 1274 1104 1300 quum
1120 1265 1276 1293 atrociffime
1294 1274 1353 1300 age·
1403 1265 1479 1292 venit
1491 1264 1574 1292 hodie
1591 1265 1620 1291 in
1632 1265 1692 1299 ipsis
1706 1264 1821 1300 nuptiis,
1838 1271 1867 1292 vt
1880 1267 1984 1297 veniret
1997 1266 2105 1294 antehac
2120 1269 2272 1302 nunquam?
2426 1262 2439 1275 ³'

301 1319 378 1339 retur
396 1311 425 1337 in
445 1310 533 1335 senatu
558 1307 614 1334 Cic.
635 1307 675 1341 Q
690 1305 774 1335 Fratr.
795 1312 824 1338 2,
846 1305 883 1332 16.
956 1301 1118 1331 Atrocissitne
1139 1301 1208 1337 leges
1230 1310 1354 1329 exercere
1444 1307 1657 1333 ATTENDO,
1675 1300 1718 1332 di,
1736 1307 1809 1334 tum,
1829 1302 1881 1327 ere.
1917 1303 2065 1338 [προσέχω]
2101 1299 2230 1330 Tende‘re
2248 1303 2282 1329 ad
2300 1304 2399 1339 aliquii
2426 1295 2439 1317 ‘¹

302 1349 408 1376 ςῃςςοῃ,
422 1343 490 1373 Tib,
507 1352 529 1371 c,
544 1347 580 1377 58.
1405 1337 1516 1374 dirigere
1530 1343 1554 1363 et
1568 1338 1694 1373 applicare
1709 1338 1814 1368 Oculos,
1833 1343 1878 1364 aut
1889 1340 1987 1371 Aures,
2009 1346 2053 1365 aut
2065 1338 2145 1375 ipsum
2159 1335 2372 1372 adeo-Animum,
2394 1346 2400 1361 s
2422 1331 2429 1349 ³

1405 1379 1486 1399 tamen
1501 1375 1601 1399 'lomina
1608 1372 1668 1409 fere
1681 1372 1856 1409 intelliguntur
1864 1376 1967 1408 potius,
1987 1383 2058 1410 quam
2073 1381 2212 1410 ponuntur.
2265 1375 2333 1402 Ter.
2348 1375 2372 1402 H
2393 1377 2398 1392 T
2421 1366 2429 1378 ¹

707 1416 736 1448 A
807 1414 841 1447 T
914 1412 949 1445 T
1367 1412 1395 1437 33
1407 1417 1430 1441 2,
1444 1417 1473 1440 23
1500 1409 1573 1435 Nam
1591 1408 1728 1443 postquam
1750 1408 1851 1435 attendi
1869 1410 1970 1444 magis,
1996 1416 2022 1436 et
2035 1410 2065 1436 vi
2083 1410 2161 1445 coepi
2178 1419 2283 1445 cogere,
2298 1417 2326 1437 vt
2343 1409 2399 1438 re='
2425 1407 2437 1414 ‘¹

1407 1444 1479 1471 Audi
1491 1449 1570 1479 atque
1584 1444 1688 1471 attende
1701 1444 1860 1476 Laterensis,
1874 1450 1902 1471 vt
1919 1445 1999 1477 scias,
2019 1452 2064 1472 etc.
2101 1446 2157 1473 Cic.
2170 1455 2218 1481 pro
2230 1446 2314 1473 Plane.
2327 1451 2358 1479 98
2375 1455 2388 1473 e

343 1495 465 1518 ATTA.
502 1486 623 1522 [Ἄτται]
661 1487 726 1521 Qis
745 1491 862 1516 vocetur,
881 1483 951 1510 docet
966 1479 1063 1516 Festus:
1085 1482 1160 1509 Attae
1179 1480 1354 1517 appellantur,
1407 1480 1434 1507 Si
1449 1480 1540 1515 paullo
1553 1480 1709 1515 diligentius
1723 1480 1925 1514 Athenodorus,
1945 1480 2073 1508 Sandonis
2094 1482 2181 1515 filius,
2195 1482 2260 1517 quid
2273 1482 2306 1508 de
2319 1481 2368 1510 his*
2394 1501 2397 1503 -
2422 1500 2423 1503 =

306 1527 364 1562 Qti
379 1531 485 1561 propter
497 1524 598 1550 vitium
611 1530 719 1548 crurum
736 1527 780 1547 aut
792 1519 889 1555 pedum
902 1518 999 1554 plantis
1019 1517 1154 1550 insistunt,
1173 1524 1200 1544 et
1221 1518 1354 1552 attingunt
1406 1515 1492 1549 dicat,
1511 1516 1655 1543 attenderis
1672 1515 1745 1543 Idem
1759 1516 1831 1543 Fam.
1844 1525 1868 1549 3,
1882 1524 1908 1551 7.
1978 1517 2127 1552 Diligenter
2138 1517 2273 1545 attendere
2293 1517 2332 1544 Id.
2347 1518 2380 1544 de

306 1563 389 1598 magis
408 1568 521 1594 terram,
540 1567 620 1593 quam
639 1556 791 1587 ambulant,
812 1555 884 1591 quod
903 1563 1051 1589 cognomen
1066 1554 1181 1587 Qiintio
1196 1555 1292 1581 Po‘e'tae
1311 1552 1355 1579 ad·
1406 1561 1430 1585 3,
1444 1561 1489 1585 40.
1558 1551 1710 1578 Admodum
1729 1552 1864 1579 attendere
1886 1552 1942 1579 Cic.
1961 1552 1993 1579 de
2013 1553 2088 1580 Orat.
2102 1562 2130 1586 3,
2150 1562 2197 1589 47.
2253 1553 2328 1580 Idem
2340 1554 2373 1581 V·
2387 1569 2393 1575 ..

305 1598 396 1627 haefit.
434 1598 552 1623 Memmit
565 1595 659 1620 Horat.
673 1592 751 1626 Epist.
767 1600 826 1623 2‚.1,
840 1599 874 1625 79
894 1589 974 1616 ReCoe
987 1598 1068 1616 necne
1083 1598 1205 1621 crocum,
1222 1590 1395 1624 floresque40
1408 1596 1439 1622 27
1457 1587 1526 1620 Quis
1541 1596 1589 1613 nos
1602 1595 1761 1622 magnopere
1775 1588 1888 1615 attendit
1900 1597 2033 1623 vnquam,
2051 1589 2081 1615 in
2095 1588 2146 1616 hoc
2157 1589 2269 1624 quidem
2287 1591 2382 1624 genere*

305 1633 472 1670 perambulet
484 1632 560 1656 Attae
597 1628 704 1654 Fabula.
761 1628 792 1653 In
810 1636 878 1663 quem
896 1628 974 1653 Iocum
989 1625 1082 1662 scribit
1101 1627 1205 1658 Acron,
1225 1626 1286 1651 Atta
1307 1625 1356 1651 effe
1408 1624 1511 1654 sarum,
1530 1622 1579 1649 vbi
1591 1622 1694 1657 aliquid
1708 1629 1826 1657 ereptum
1838 1630 1883 1650 aut
1899 1623 2016 1651 ablatum
2037 1633 2052 1650 a
2066 1624 2192 1660 quopiam
2209 1625 2333 1652 dicitur?
2391 1617 2426 1654 lis?

305 1678 405 1697 nomen
418 1667 556 1702 proprium
570 1665 664 1690 Poetae
684 1662 823 1689 cuiusdam
832 1662 961 1697 Tragici,
981 1661 1024 1687 vei
1045 1661 1179 1696 scriptoris
1195 1660 1355 1687 Comoedia·
1408 1658 1559 1691 attendisti,
1578 1658 1659 1685 nimis
1679 1658 1774 1686 callide
1791 1658 1918 1694 agebatur
1938 1659 1977 1686 Id.
1993 1661 2047 1687 Att.
2069 1668 2110 1694 15,
2130 1669 2171 1694 25.
2224 1662 2332 1688 Sueton.
2348 1661 2408 1687 G

305 1715 377 1734 rum·
415 1705 435 1729 Ε
469 1708 549 1728 autem
567 1699 596 1726 ab
615 1697 683 1724 ἅττω
697 1698 779 1734 salio,
793 1696 913 1734 sulgfih'o:
934 1704 1007 1732 atque
1025 1696 1083 1723 aa'co
1091 1697 1221 1733 suspicor,
1241 1694 1355 1728 excidiffi
1409 1696 1481 1720 Inter
1494 1694 1617 1724 liberales
1630 1694 1781 1729 disciplinas
1796 1694 1909 1722 attendit
1923 1700 1950 1721 et
1964 1695 2035 1728 iuri,
2055 1698 2073 1722 ι’.
2089 1697 2208 1730 studuit,
2218 1696 2273 1731 Jiue
2288 1698 2371 1733 Oper
2393 1695 2434 1727 7:¹²

305 1740 375 1777 apud
389 1740 429 1772 F&
442 1747 480 1764 um
492 1738 644 1772 negationem
656 1740 714 1760 ante
732 1732 832 1759 verbum
852 1732 978 1758 insistunt.
1022 1733 1147 1759 Caeterum
1168 1731 1268 1766 gurdus
1287 1737 1356 1763 atta,
1409 1730 1449 1755 dit
1466 1732 1528 1756 iuri.
1582 1729 1656 1756 Idem
1670 1730 1757 1764 Calig.
1773 1737 1799 1762 53
1827 1731 1847 1756 E
1861 1730 2010 1765 disciplinis
2029 1731 2186 1759 liberalibus
2203 1733 2346 1760 minimum
2392 1734 2397 1738 '
2415 1720 2435 1752 Ἰ.

305 1779 326 1804 i.
332 1774 431 1809 stultus
444 1773 522 1803 homo,
542 1772 585 1807 qui
599 1778 652 1796 cum
660 1767 697 1803 stt
710 1773 778 1800 atta,
796 1774 876 1794 tamen
889 1766 1017 1803 gladiator
1036 1769 1099 1794 velit
1117 1766 1176 1800 esst,
1193 1769 1323 1802 reponitur
1341 1771 1393 1798 1145
1409 1765 1495 1796 tioni‚
1515 1764 1684 1799 eloquentiae
1698 1765 1846 1799 plurimum
1861 1766 1983 1793 attendit.
2031 1767 2105 1799 fun.
2123 1768 2153 1794 in
2166 1769 2259 1804 Pancg.
2273 1771 2304 1802 65
2329 1761 2435 1815 luuh

306 1810 416 1845 Reinesto
435 1810 539 1835 Petron.
560 1815 582 1832 c.
595 1813 638 1838 45,
664 1804 707 1844 ubi
726 1802 885 1843 burdubasta
904 1801 994 1828 editur.
1117 1837 1122 1841 ι
1170 1800 1191 1839 fl
1211 1811 1229 1842 '2
1267 1803 1356 1829 Attam
1411 1801 1512 1835 legem,
1531 1799 1725 1827 attendentibus
1741 1800 1800 1826 diis.
1836 1809 1897 1827 nam
1909 1802 1954 1828 cui
1967 1802 2060 1835 magis,
2077 1811 2156 1837 quam
2169 1805 2292 1838 Caesari,
2306 1810 2357 1831 atte
2381 1808 2417 1827 ·³··

306 1856 357 1883 pro
377 1843 528 1874 reuerentia
547 1841 602 1869 seni
619 1839 733 1868 cuilibet
753 1838 882 1869 dicimus,
909 1836 980 1872 quasi
1000 1844 1061 1863 eum
1080 1845 1126 1863 aui
1143 1845 1253 1875 nomine
1271 1837 1358 1872 appel·
1410 1836 1569 1876 Attendebat
1582 1835 1632 1877 his,
1650 1842 1695 1862 etc.
1720 1836 1785 1876 Plin.
1799 1835 1878 1871 Epist.
1893 1844 1920 1871 7,
1940 1845 1977 1869 33.
2002 1872 2008 1876 Ι
2028 1838 2085 1863 Cic.
2100 1839 2180 1865 Acad.
2195 1849 2231 1873 4,
2247 1849 2273 1873 53
2295 1849 2317 1867 c.
2330 1848 2359 1875 17
2382 1838 2428 1868 11114

306 1885 401 1911 lmus-
1411 1871 1572 1898 attendimus
1586 1880 1614 1897 in
1626 1871 1677 1898 hoc
1689 1880 1765 1898 omni
1778 1880 1888 1906 genere,
1907 1880 1986 1906 quarn
2000 1873 2177 1900 inconstanter
2189 1875 2340 1910 loquamur.
2379 1873 2428 1915 Id?

346 1924 398 1946 ΑΤ
407 1924 429 1944 Τ
438 1923 459 1943 Α
468 1921 513 1943 CH
523 1921 543 1941 V
552 1920 565 1941 S
574 1933 583 1946 ,
610 1912 652 1939 vel
670 1916 752 1938 ATT
761 1916 807 1936 AC
818 1916 837 1935 v
847 1916 858 1935 s
866 1927 875 1940 ‚
900 1907 919 1934 i.
955 1917 990 1933 m.
1029 1908 1110 1934 Genus
1127 1904 1240 1940 locustae.
1278 1907 1358 1942 Vulg.
1413 1906 1444 1932 de
1458 1906 1516 1932 Fin.
1530 1915 1553 1938 3,
1567 1915 1603 1939 40
1623 1915 1645 1932 c.
1660 1915 1689 1932 η
1706 1908 1796 1940 Qare
1810 1906 1917 1933 attendo
1936 1913 1962 1934 te
1975 1907 2103 1941 studiose,
2117 1917 2162 1936 etc.
2199 1912 2231 1937 Et
2245 1919 2267 1945 5,
2277 1919 2294 1947 7
2312 1920 2334 1938 c.
2346 1919 2360 1943 3
2379 1909 2427 1938 Mil

307 1955 398 1983 Leuit·
415 1961 453 1984 u,
467 1960 500 1978 22
522 1947 646 1976 ’An-“⁸0¹5
659 1946 710 1973 ,Επδ
730 1947 762 1972 τέ
774 1944 856 1971 ἅττειν
869 1945 911 1971 vc!
924 1942 1023 1971 οἷςακός.
1074 1942 1154 1970 Boch.
1167 1943 1279 1970 Hieroz.
1293 1953 1326 1977 4,
1346 1951 1359 1969 2
1368 1950 1400 1976 50
1413 1941 1522 1977 quidem
1535 1940 1712 1974 Antiochum,
1732 1950 1812 1976 quem
1828 1941 1920 1974 audis,
1940 1943 2000 1969 satis
2015 1943 2083 1970 belle
2097 1944 2196 1972 videris
2210 1946 2352 1974 attendere.
2406 1946 2423 1972 A
2439 1944 2442 1978 ζ

307 1999 366 2028 pag,
381 1996 447 2023 449,
1411 1976 1519 2005 tendere
1533 1983 1558 2003 et
1571 1977 1697 2012 aucupari
1707 1977 1791 2004 verba
1804 1977 1942 2013 oportebit
1956 1989 1962 2003 :
1985 1978 2014 2004 in
2028 1987 2092 2013 que,
2103 1986 2132 2007 vt
2145 1989 2189 2014 ea,
2203 1991 2270 2017 quae
2283 1981 2332 2008 sint
2345 1973 2422 2015 frigit

346 2031 400 2053 AT
409 2029 431 2049 Τ
440 2030 462 2050 A
470 2027 517 2049 CT
525 2026 547 2046 v
557 2025 570 2046 s
579 2038 587 2051 ,
618 2016 672 2044 vid.
699 2023 721 2043 A
729 2023 751 2042 Τ
761 2020 783 2041 Τ
791 2022 800 2040 1
811 2021 833 2040 N
842 2020 863 2041 G
871 2021 901 2041 o.
1412 2022 1461 2041 ora
1472 2013 1588 2040 vitemus
1602 2013 1659 2040 Cic.
1674 2012 1706 2039 de
1719 2013 1794 2040 Orat.
1808 2021 1835 2045 2,
1848 2014 1903 2046 256.
1975 2013 2040 2040 Non
2052 2015 2222 2051 attendimus,
2241 2020 2328 2052 neque
2346 2024 2422 2043 exaut
2437 1980 2443 2044 l

348 2068 372 2088 A
385 2066 407 2087 '1'
418 2065 440 2085 T
448 2056 470 2085 A⁹
480 2063 501 2084 G
509 2061 573 2087 EN,
597 2053 662 2079 enis.
695 2061 732 2079 m.
774 2051 841 2077 Auis
854 2047 983 2084 Asiatica,
1004 2057 1033 2088 ως
1046 2048 1197 2084 gallinarum
1209 2047 1360 2082 rusticarum
1412 2057 1471 2075 mus
1486 2049 1661 2083 nosmetipsos
1675 2048 1748 2075 Idem
1761 2048 1790 2075 in
1801 2049 1876 2076 Orat.
1892 2053 1936 2081 189
1954 2057 1976 2075 c.
1991 2051 2031 2081 56.
2086 2051 2117 2077 Et
2129 2052 2206 2078 Vei-r.
2220 2060 2244 2086 5,
2255 2061 2305 2086 347
2326 2051 2375 2078 Sed
2392 2052 2422 2076 sci

311 2105 406 2136 genere.
441 2094 501 2120 Vet.
515 2091 557 2117 Gl.
572 2089 678 2116 Gallina
697 2086 808 2117 rustica,
827 2083 946 2118 α’ττοιγήν.
990 2083 1057 2109 Plin.
1070 2092 1108 2115 io,
1123 2088 1156 2116 48
1174 2084 1285 2118 Attagen
1305 2093 1359 2110 ma-
1411 2089 1486 2117 ptum
1499 2083 1581 2110 exstat
1592 2084 1622 2110 in
1633 2084 1730 2110 iisdem
1742 2084 1844 2117 literis,
1862 2083 1935 2119 quod
1951 2084 1998 2111 iste
2011 2084 2094 2112 homo
2107 2085 2234 2113 barbarus
2253 2095 2283 2112 ac
2302 2085 2422 2117 diffolutu

311 2134 385 2161 xime
397 2129 488 2158 Ionius
502 2126 664 2157 celebratur,
677 2123 776 2150 vocalis
789 2121 867 2154 alifis,
882 2126 971 2155 captus
985 2127 1051 2146 vero
1066 2118 1246 2145 obmutescens
1255 2139 1262 2151 ,
1276 2127 1360 2153 quon-
1371 2126 1399 2152 53
1412 2126 1499 2152 neque
1512 2118 1648 2144 attendere
1658 2128 1792 2153 vnquam,
1805 2128 1891 2154 neque
1904 2120 2053 2154 intelligere
2066 2121 2164 2155 potuit.
2234 2120 2291 2147 Cic.
2303 2119 2390 2155 Philip
2398 2134 2416 2152 gs

313 2169 374 2196 dam
385 2165 549 2194 existimatus
563 2162 634 2189 inter
652 2168 723 2187 raras
740 2167 801 2185 aues
816 2168 822 2183 2
847 2157 901 2183 iam
914 2162 939 2182 et
953 2155 982 2181 in
997 2154 1083 2181 Gallia
1097 2155 1278 2189 Hispaniaque
1291 2154 1360 2189 capi·
1412 2155 1444 2179 26
1464 2152 1575 2178 Animus
1595 2157 1683 2179 tamen
1702 2154 1754 2179 eric
1772 2154 1907 2185 solicitus,
1924 2161 1953 2181 vt
1972 2156 2042 2182 nihil
2059 2156 2134 2191 poffit
2152 2155 2185 2183 de
2205 2154 2301 2183 officiis
2319 2155 2417 2190 lega

313 2210 377 2236 tur,
396 2207 422 2228 et
435 2209 482 2235 per
494 2199 573 2233 Alpes
585 2196 676 2223 etiam.
748 2195 859 2227 Attagen
873 2192 978 2219 Ionicus
991 2191 1059 2217 Hor.
1073 2190 1156 2224 Epod.
1170 2199 1202 2224 2,
1217 2199 1252 2223 53.
1413 2188 1558 2216 attendere.
1604 2188 1647 2215 Sic
1663 2187 1739 2215 Idem
1752 2188 1842 2215 Partit.
1855 2193 1889 2221 84
1910 2197 1933 2214 e.
1948 2197 1984 2221 24
2005 2191 2037 2216 Et
2052 2200 2114 2217 cum
2132 2191 2165 2218 de
2180 2191 2326 2218 necestitate
2345 2196 2383 2218 at

351 2244 405 2266 AT
417 2243 440 2262 Τ
451 2241 502 2262 AG
513 2236 608 2265 ἐΝΑ,
631 2240 671 2258 ae.
707 2229 728 2256 f.
764 2227 911 2264 [σῖταγήνη]
948 2225 1024 2253 Idem.
1060 2226 1176 2252 Martial.
1191 2235 1225 2258 13,
1238 2228 1266 2252 61
1288 2227 1359 2251 Inter
1414 2233 1489 2256 mus,
1526 2237 1572 2244 —
1606 2222 1751 2250 videndum
1770 2223 1830 2250 erit.
1887 2223 1956 2250 Ter.
1970 2223 2077 2252 Phorm.
2093 2233 2116 2258 5,
2133 2228 2167 2258 6,
2185 2231 2218 2256 28
2247 2227 2385 2254 Animam&

313 2276 419 2310 §apores
433 2272 521 2298 fertur
532 2268 626 2296 alitum
640 2267 742 2301 primus
777 2265 929 2291 Ionicarum
949 2261 1036 2296 gustus
1048 2268 1238 2300 attagenarum.
1294 2261 1360 2287 Plin.
1416 2260 1505 2295 pressi,
1525 2267 1617 2285 aurem
1635 2258 1759 2291 admoui,
1778 2260 1815 2286 ita
1835 2259 1955 2286 animum
1975 2261 2051 2296 coepi
2071 2261 2223 2295 attendere,
2242 2261 2293 2289 hoc
2311 2261 2386 2289 mod

315 2316 342 2345 8,
355 2315 383 2344 58
404 2309 489 2343 Apros
501 2311 527 2332 et
540 2310 682 2338 attagenas,
701 2300 865 2331 herinaceos,
885 2302 913 2324 in
925 2298 999 2324 Creta
1012 2296 1093 2333 insula
1110 2295 1151 2329 Fffi'
1165 2304 1247 2333 negat.
1297 2331 1302 2336 ι
1366 2301 1401 2325 60
1416 2303 1522 2335 monem
1536 2300 1648 2329 captans.
1704 2294 1760 2321 Cic.
1773 2294 1826 2322 Off.
1839 2303 1861 2327 3,
1874 2302 1887 2327 5
1908 2295 1956 2321 Sed
1970 2295 1989 2321 fi
2001 2305 2084 2331 quum
2096 2297 2216 2324 animum
2227 2298 2387 2331 attenderis,

355 2351 406 2373 ΑΤ
416 2350 438 2370 Τ
447 2350 469 2369 A
480 2349 501 2369 G
511 2348 532 2367 V
541 2348 553 2368 s
562 2360 570 2373 ,
600 2340 618 2366 i.
655 2347 692 2365 m.
730 2337 825 2362 Hircus
843 2336 871 2360 in
885 2334 1007 2370 Phrygia.
1049 2333 1113 2358 Arn.
1128 2340 1141 2365 5
1158 2340 1183 2366 p.
1198 2340 1241 2365 159
1266 2332 1364 2358 Hircos
1416 2330 1566 2366 pitudmem
1579 2330 1670 2357 videas
1682 2330 1708 2357 ei
1722 2331 1762 2357 rei
1774 2330 1925 2358 adiunctam
1935 2351 1942 2362 ‚
1958 2337 2006 2361 etc.
2080 2332 2224 2360 Attendere
2237 2334 2358 2361 animum
2382 2348 2391 2355 -=

317 2381 432 2416 Phryges
448 2379 500 2405 suis
513 2378 622 2411 Attagos
636 2370 834 2401 elocutionibus
851 2373 1009 2403 nuncupant.
1417 2366 1534 2394 vendum
1549 2366 1619 2402 Nep.
1636 2373 1663 2401 7,
1677 2374 1700 2399 5,
1717 2375 1740 2393 2.
1813 2366 1869 2394 eie.
1882 2366 1914 2393 de
1927 2367 1997 2402 Lege
2010 2368 2072 2403 Agr.
2089 2377 2115 2401 2,
2135 2373 2163 2401 38
2183 2378 2204 2395 c,
2221 2376 2246 2403 ¹3
2265 2369 2314 2397 sed
2331 2375 2370 2396 att
2389 2375 2400 2398 :-

356 2422 408 2444 AT
421 2422 443 2442 T
455 2412 476 2441 Ᾰ
485 2420 501 2440 L
511 2419 563 2440 VS·
599 2408 763 2445 ['‘A¹r·r⁰⁶>*⁰⁵]
807 2407 902 2434 Nomen
922 2413 1006 2441 regum
1027 2402 1179 2440 quorundam
1190 2401 1271 2437 Asiae.
1308 2404 1365 2429 Huc
1418 2403 1522 2430 animos
1536 2401 1568 2428 ad
1580 2410 1626 2433 ea,
1647 2411 1713 2437 quae
1727 2402 1929 2437 consequuntur.
1981 2403 2080 2431 Animo
2094 2413 2180 2439 aequo
2192 2405 2263 2432 Ter.
2275 2405 2304 2432 in
2317 2405 2389 2440 prol.⁴
2397 2402 2400 2404 ’

314 2455 427 2490 pertinet
441 2452 605 2486 Pergamenus
624 2446 681 2477 ille,
700 2446 743 2480 qui
756 2451 831 2479 quum
849 2441 939 2469 liberos
957 2449 1005 2466 non
1020 2439 1135 2472 haberet,
1147 2440 1265 2476 populum
1276 2439 1365 2467 Roma·
1420 2447 1461 2466 20.
1506 2438 1563 2465 Cic.
1576 2446 1625 2472 pro
1639 2438 1700 2470 Syll.
1714 2447 1742 2471 33
1761 2438 1883 2465 Adestote
1897 2447 1989 2465 omnes
2000 2439 2107 2473 animis,
2125 2441 2174 2475 qui
2187 2440 2281 2468 adestis
2292 2449 2375 2476 corpo
2398 2433 2427 2470 2²⁸

321 2498 381 2517 num
394 2486 504 2516 heredem
516 2484 594 2519 fecit.
634 2480 694 2509 Vid.
711 2479 782 2507 Flor.
796 2487 820 2511 3,
835 2486 872 2504 12.
911 2477 979 2502 Hinc
1003 2510 1008 2516 '
1249 2510 1254 2515 ι
1375 2473 1406 2505 65
1420 2483 1535 2510 quorum
1549 2482 1599 2508 ego
1614 2473 1764 2514 frequentia
1780 2482 1938 2514 magnopere
1952 2474 2044 2502 laetor.
2093 2476 2195 2511 Erigite
2211 2482 2313 2503 mentes
2330 2468 2429 2505 aurx'ffl

359 2529 412 2552 ΛΤ
423 2528 446 2549 Τ
455 2528 502 2549 AL
511 2520 552 2547 i'C
561 2525 613 2546 vs.
648 2516 710 2546 Adi.
747 2511 935 2548 [Ἄτταλικός]
972 2511 1038 2538 Ρ1111.
1047 2515 1070 2543 8,
1078 2515 1111 2544 48
1130 2510 1232 2537 Aurum
1247 2515 1365 2536 intexere
1420 2509 1516 2537 vestras
1532 2520 1538 2536 :
1564 2515 1590 2536 et
1602 2518 1645 2536 me
1662 2509 1694 2536 de
1707 2509 1846 2536 inuidiosis
1859 2509 1954 2542 rebus,
1973 2517 2002 2538 vt
2015 2511 2061 2538 ille
2074 2516 2164 2546 putat,
2179 2511 2311 2538 dicentem
2324 2517 2415 2538 atteri

322 2561 353 2588 in
366 2558 456 2586 eadem
470 2555 528 2584 Afia
542 2553 645 2582 inuenit
658 2550 760 2579 Attalus
775 2558 822 2577 rex
837 2560 843 2576 :
873 2548 943 2576 vnde
962 2555 1061 2573 nomen
1076 2545 1204 2572 Attalicis.
1246 2547 1366 2580 Propert.
1422 2543 1444 2608 ἓ
1466 2554 1478 2572 2
1517 2544 1674 2578 Attendere,
1696 2552 1726 2571 vt
1746 2543 1917 2578 Pertendere,
1938 2544 1972 2579 est
1990 2547 2142 2574 vehementer
2159 2547 2273 2581 tendere,
2294 2546 2420 2583 perseum

324 2605 349 2629 3,
361 2600 398 2628 18,
408 2601 436 2626 19
453 2591 542 2618 Vestes
553 2589 689 2616 Attalicae.
744 2585 874 2613 Attalicae
887 2582 1054 2610 conditiones
1067 2583 1162 2608 Horat.
1177 2582 1264 2608 Carm.
1273 2590 1293 2614 1,
1302 2590 1368 2614 1,iz,
1446 2581 1516 2608 ccius
1530 2580 1676 2611 Diomede,
1695 2581 1723 2608 Si
1736 2589 1853 2616 vnquam
1865 2581 2003 2616 perpediar
2020 2588 2194 2618 gnato'puer‚
2213 2591 2247 2610 ne
2257 2582 2412 2613 attenderis„

324 2632 350 2659 b.
359 2640 379 2657 e.
393 2636 449 2665 opes
461 2629 580 2653 maximae
589 2622 730 2660 promzjfflie.
767 2621 823 2648 Cic.
838 2622 915 2648 Verr.
929 2628 958 2653 4,
971 2627 1005 2653 27
1024 2618 1098 2651 Qud
1111 2618 1157 2644 illa
1171 2617 1299 2650 Attalica,
1313 2623 1370 2643 tota
1422 2624 1478 2644 tere
1491 2625 1506 2644 a
1517 2626 1560 2643 me
1573 2616 1612 2649 id,
1623 2615 1698 2651 quod
1710 2617 1783 2643 nefas
1798 2616 1828 2643 tit
1841 2616 1951 2643 concedi
1965 2617 2033 2650 tibi,
2052 2618 2158 2644 Nonius
2170 2627 2199 2651 4,
2212 2627 2250 2645 io.
2404 2634 2406 2636 >

324 2665 416 2694 Sicilia
434 2662 586 2692 nominata,
608 2659 642 2686 ab
660 2658 753 2685 eodem
773 2657 845 2683 Heio
868 2655 1068 2691 peripetasmata
1086 2662 1174 2680 emere
1193 2653 1293 2680 oblitus
1321 2662 1346 2679 cs
1361 2654 1409 2682 370
1422 2655 1520 2680 Primae
1540 2659 1564 2679 et
1579 2654 1698 2688 propriae
1714 2651 1908 2689 fignzficationis
1927 2651 2058 2690 vestigium
2069 2652 2191 2694 supereffi·
2204 2660 2278 2689 puto,
2295 2652 2362 2690 apud
2402 2665 2403 2669 ¹

326 2704 444 2737 Propert.
457 2707 483 2732 2,
497 2705 537 2731 32,
551 2704 579 2722 12
597 2695 717 2722 Porticus
729 2692 827 2719 aulaeis
840 2691 940 2718 nobilis
953 2690 1081 2717 Attalicis.
1152 2689 1281 2716 Attalicus
1295 2694 1368 2716 torus
1424 2689 1481 2715 Stil.
1498 2697 1532 2722 11,
1545 2697 1571 2721 2,
1584 2696 1617 2721 29
1637 2687 1708 2714 Hinc
1722 2688 1758 2714 est
1770 2696 1802 2715 ex
1816 2688 1864 2715 illa
1875 2694 1931 2715 arte
1945 2691 2125 2722 (memoriae)
2139 2698 2194 2716 non
2206 2689 2311 2722 inutile,
2331 2693 2368 2716 att
2395 2716 2405 2718 ,,
2421 2687 2423 2694 ’

325 2738 366 2768 ld·
379 2746 409 2771 4,
423 2744 446 2769 59
460 2743 505 2767 24·
522 2735 542 2759 ἱ·
555 2731 659 2758 Aula&
673 2730 692 2763 (
689 2737 749 2766 quae
764 2727 877 2754 Attalica
890 2726 1022 2760 dicuntur)
1041 2732 1152 2753 wmarus·
1422 2724 1493 2760 signa
1510 2723 1543 2751 ad
1562 2732 1621 2754 eos,
1639 2723 1687 2759 qui
1707 2723 1831 2751 excidunt
1850 2724 1935 2751 sensus
1949 2735 1955 2750 :
1989 2722 2130 2758 ancoram,
2149 2723 2168 2751 fi
2187 2724 2220 2752 de
2237 2733 2305 2752 naue
2324 2724 2352 2752 di
2366 2727 2388 2754 ,-,’
2410 2736 2412 2747 ι

361 2775 588 2801 ΑΤΤΑΜΒΝ,
614 2765 667 2793 vid.
687 2771 748 2792 AT·
1422 2761 1482 2787 esset
1496 2770 1504 2791 ς
1535 2758 1680 2795 spiculum,
1706 2759 1724 2785 fi
1743 2759 1775 2786 de
1795 2759 1907 2795 praelio.
1976 2761 2057 2788 Sermo
2076 2758 2110 2794 qs}
2127 2759 2158 2787 de
2174 2763 2373 2794 commentari091

364 2813 417 2836 ΛΤ
426 2812 448 2833 Τ
457 2807 509 2832 AM
519 2801 590 2830 i'No
599 2821 608 2834 ‚
629 2806 682 2828 fite.
723 2798 830 2827 Videtur
849 2807 865 2824 a
882 2797 1013 2832 tangendo
1032 2795 1140 2829 dietum,
1159 2801 1190 2822 vt
1204 2804 1314 2822 examen
1331 2804 1371 2831 qu.
1423 2796 1526 2833 ediscere
1539 2797 1576 2822 ali
1593 2797 1634 2821 uis
1647 2795 1702 2822 vult
1716 2798 1859 2822 orationem.
1903 2795 2048 2823 Attendere
2059 2798 2071 2822 i
2088 2798 2141 2823 itur
2153 2795 2232 2823 codem
2245 2796 2314 2823 modo
2323 2798 2376 2832 pm
2396 2808 2399 2824 ς
2469 2793 2472 2826 l

328 2850 465 2879 exagmen.
500 2837 633 2877 Significat
652 2839 716 2863 enim
730 2838 854 2871 attingere
868 2832 982 2869 Capitol.
990 2832 1118 2859 Gordian.
1141 2841 1163 2858 t.
1177 2839 1208 2866 27
1236 2833 1271 2858 Vt
1304 2845 1351 2851 —-—
1379 2835 1410 2863 75
1424 2839 1454 2859 vt
1471 2837 1578 2867 praete„
1596 2839 1641 2857 ere
1658 2831 1760 2865 sepem,
1774 2832 1816 2858 vel
1832 2830 1924 2858 velum
1942 2839 1987 2859 m·
2083 2830 2201 2859 “endere
2212 2832 2306 2868 signa,
2318 2838 2360 2868 ap
2372 2829 2382 2859 f.

329 2881 452 2908 ciuitates
485 2890 538 2897 -—
574 2874 689 2908 integras
702 2871 754 2898 suis
765 2869 868 2896 ciuibus
882 2868 1019 2900 redderet,
1039 2868 1091 2900 ita,
1104 2873 1133 2894 vt
1146 2866 1233 2899 nihil,
1253 2866 1325 2901 quod
1338 2865 1370 2893 ad
1422 2874 1558 2904 apponere,
1576 2869 1605 2893 in
1618 2869 1729 2903 margine
1740 2869 1918 2894 commentarii.
2367 2862 2371 2867 ’
2385 2862 2387 2865 ·
2409 2868 2416 2876 ··

329 2924 426 2944 eorum
445 2913 566 2940 fortunas
588 2908 747 2944 pertineret,
767 2904 940 2932 attaminaret.
1003 2903 1124 2931 Ambros.
1143 2902 1175 2929 de
1196 2902 1279 2929 Instit.
1294 2902 1368 2936 Virg.
1462 2908 1716 2930 ATTENDENS.
1753 2902 1846 2929 Partic.
1881 2901 2041 2938 [προσέχων]
2076 2902 2143 2929 Satis
2155 2902 2192 2930 est
2203 2901 2327 2931 atenac„
2360 2916 2372 2924 .-

329 2950 417 2980 Semel
436 2946 537 2975 mundo
557 2950 680 2977 mortua,
703 2951 736 2969 ne
774 2941 852 2968 uaeso
869 2939 1004 2975 attigeris,
1020 2948 1054 2966 ne
1074 2938 1286 2970 attaminaueris,
1304 2946 1370 2973 quae
1429 2939 1481 2965 tius
1496 2938 1588 2965 videre
1601 2938 1656 2965 Cic.
1664 2937 1773 2971 Tusc.4
1796 2947 1817 2964 c.
1831 2946 1869 2970 32.
1939 2938 2012 2964 Iurat
2029 2939 2058 2964 in
2078 2938 2102 2964 le
2120 2947 2164 2966 eni
2182 2937 2346 2966 attendentib
2372 2963 2375 2966 .

331 2989 392 3016 sunt
406 2985 481 3013 istius
494 2980 600 3010 saeculi.
754 2949 775 3018 q
798 2985 816 3003 2
841 2976 936 3002 Deinde
953 2973 986 3008 est
1000 2973 1097 3002 attaelu
1104 2973 1227 3011 foedare,
1244 2981 1272 3000 vt
1290 2980 1373 3000 conta-
1425 2984 1486 3001 nani
1498 2974 1542 3001 cui
1555 2974 1653 3008 magis,
1666 2981 1745 3009 quam
1756 2973 1862 3000 Caesari
1876 2973 2009 3000 attendant
2022 2973 2089 3000 Plin.
2121 2983 2163 3001 an.
2183 2984 2205 3001 c.
2219 2977 2258 3008 65.
2313 2973 2358 3002 Sil.
2375 2975 2379 2999 ἶ

330 3027 436 3051 minare.
478 3017 570 3046 Iustin.
584 3023 647 3048 21,3
672 3014 717 3041 Ne
730 3021 790 3049 quis
802 3011 883 3038 vllam
895 3010 1028 3044 virginem
1042 3010 1187 3037 attaminet.
1228 3009 1411 3037 Aur.VitSl.80
1461 3025 1506 3030 —
1539 3009 1614 3036 nullo
1633 3008 1781 3037 attendente
1803 3009 1915 3036 deorum
1954 3009 2031 3036 Votis
2050 3015 2113 3037 tunc
2133 3010 2243 3044 vestris,
2267 3011 2368 3038 casura·

333 3060 364 3087 in
378 3059 474 3085 Anton.
489 3054 562 3082 Caes.
580 3061 602 3078 c.
617 3052 647 3078 16
670 3049 771 3077 Diuina
786 3047 855 3075 faeta
869 3045 984 3073 consulta
1004 3055 1036 3072 ue
1051 3045 1229 3081 imprudentia
1243 3045 1373 3080 regendae
1423 3046 1453 3073 in
1471 3055 1553 3073 arma.
2362 3066 2364 3068 -

334 3093 456 3129 ,mangis
473 3087 649 3118 attaminauit.
720 3084 850 3112 laudatur
871 3091 900 3109 ex
920 3082 950 3108 C.
964 3081 994 3107 T
1016 3080 1074 3107 eod.
1113 3101 1119 3107 .
1155 3101 1161 3107 .
1200 3101 1206 3107 .
1254 3082 1298 3108 Ne
1313 3081 1372 3116 quis
1467 3087 1698 3109 ΛΤΤΕΝΤνε.
1734 3079 1828 3107 Partic.
1864 3079 2074 3116 [προσεχόμενος]
2120 3081 2189 3108 Ter.
2204 3080 2285 3108 Andr.
2305 3089 2329 3114 ε,
2346 3089 2368 3114 3,
2469 3088 2474 3106 ι

334 3129 497 3158 Iudaeorum
509 3126 620 3153 Set-uum
632 3130 664 3149 ex
674 3120 828 3148 Christiano
840 3117 952 3145 Iudaicis
965 3116 1043 3143 sacris
1055 3115 1201 3142 attaminet.
1236 3117 1374 3152 Augustin.
1428 3117 1532 3144 animus
1559 3117 1588 3144 in
1607 3117 1650 3152 spe
1668 3122 1746 3151 atque
1765 3116 1797 3145 in,
1813 3115 1911 3143 timore
1930 3117 2011 3151 vsque
2035 3116 2146 3144 antehac
2165 3122 2279 3144 attentus
2298 3116 2359 3144 fuit.

338 3166 370 3192 de
384 3166 413 3192 C.
427 3165 458 3191 D.
472 3171 510 3195 22,
524 3169 557 3188 22.
576 3157 694 3186 Rabidus
707 3156 777 3183 canis
796 3154 861 3181 facit
875 3152 1028 3185 hominem,
1049 3160 1129 3187 quem
1148 3152 1218 3179 forte
1240 3153 1377 3180 attamina-
1430 3155 1505 3180 Verr.
1520 3162 1540 3186 1,
1557 3154 1603 3180 ¹26
1626 3152 1682 3186 Qui
1694 3152 1723 3179 in
1734 3160 1763 3178 re
1777 3151 1926 3178 aduenticia
1940 3158 2019 3188 atque
2034 3152 2195 3180 hereditaria
2211 3158 2265 3180 tam
2279 3152 2328 3180 dili
2334 3165 2341 3184 2
2368 3166 2371 3175 ι

337 3200 424 3232 verit,
440 3197 598 3232 contagione
617 3193 741 3229 pestifera
759 3190 904 3218 rabiosum.
961 3223 966 3228 ¹
1390 3191 1419 3219 83
1431 3195 1543 3217 attentus
1565 3189 1634 3216 esset.
1689 3187 1763 3215 Idem
1777 3186 1809 3214 de
1823 3188 1880 3214 Fin.
1897 3196 1922 3221 i,
1942 3195 1974 3223 57
1997 3197 2018 3215 c.
2033 3196 2062 3224 17
2081 3195 2145 3216 extr.
2169 3189 2239 3216 Cum
2252 3197 2299 3221 ea,
2318 3198 2336 3224 q
2359 3207 2368 3210 ..

375 3239 552 3262 ATTATE.
587 3227 722 3258 Interie&
758 3227 886 3255 Plautina.
919 3222 995 3258 Epid.
1007 3231 1037 3256 3,
1050 3231 1084 3257 4,
1098 3230 1132 3249 21.
1173 3223 1256 3250 Merc.
1271 3232 1294 3256 2,
1307 3232 1331 3257 3,
1345 3233 1380 3257 31,
1431 3224 1576 3257 uerierunt,
1597 3223 1653 3252 acri
1667 3223 1756 3250 animo
1775 3229 1800 3250 et
1819 3228 1919 3250 attento
1937 3224 2081 3252 intuemur.
2135 3225 2167 3251 Et
2184 3225 2214 3251 in
2224 3225 2298 3251 Orat.
2315 3231 2363 3259 197,

337 3277 361 3300 ,ρ
380 3269 451 3297 alibi,
492 3280 499 3291 t
1433 3260 1496 3286 dum
1510 3260 1605 3287 animis
1620 3259 1724 3287 attentis
1739 3257 1897 3286 admirantes
1914 3259 2060 3294 excipiunt.
2130 3259 2287 3287 Auditorem
2307 3259 2335 3286 b
2364 3276 2368 3279 -

376 3313 399 3333 A
410 3311 431 3332 Τ
442 3310 465 3331 Τ
474 3308 519 3330 EG
528 3310 537 3329 1
547 3310 568 3329 Α
577 3308 611 3334 13,
630 3304 714 3328 arum.
749 3295 870 3334 [ἄγροικοι
881 3292 1085 3328 οἰκοδομήματα]
1105 3293 1220 3330 Mapalia
1232 3301 1256 3321 ec
1268 3298 1381 3332 tuguria,
1433 3295 1482 3322 sibi
1496 3295 1581 3322 facere
1594 3301 1620 3322 et
1633 3300 1759 3322 attentum
1771 3300 1798 3321 et
1811 3293 1924 3321 docilem
1938 3296 1995 3322 Cic.
2008 3295 2039 3322 de
2052 3296 2126 3323 Orat.
2141 3304 2164 3328 2,
2180 3301 2219 3325 82.
2272 3295 2346 3323 Idem
2362 3308 2365 3315 ⁴

320 3351 324 3354 .
340 3341 448 3378 Undique
460 3337 535 3366 testa.
571 3339 661 3364 quen.
675 3336 726 3363 Sat.
741 3343 781 3368 14,
796 3334 847 3373 196·
1071 3364 1077 3369 ι
1433 3332 1512 3358 Deor.
1527 3340 1555 3364 3,
1574 3340 1584 3358 i
1604 3330 1737 3358 Praebebo
1755 3330 1838 3365 igitur
1856 3340 1898 3357 ine
1914 3330 1968 3358 tibi
1987 3331 2095 3358 viciffim
2113 3336 2241 3358 attentum
2258 3338 2349 3358 contra

496 3374 579 3399 Dirue
588 3373 750 3399 'Maurorum
768 3374 894 3404 attegias,
913 3365 1016 3393 castella
1034 3365 1196 3406 Brigantum.
1383 3375 1418 3400 90
1432 3366 1590 3394 auditorem.
1645 3365 1721 3393 Λυξὶ.
1741 3365 1773 3392 ad
1787 3366 1904 3394 Herenn.
1923 3376 1957 3400 4,
1973 3375 2002 3402 17
2027 3367 2091 3394 Non
2109 3366 2193 3401 potest
2208 3364 2362 3394 huiusmost

496 3410 533 3435 Vt
550 3408 708 3442 locupletem
725 3404 842 3442 aquilam
864 3402 918 3430 tibi
934 3402 1105 3436 sexagesimus
1124 3409 1206 3427 annua
1433 3409 1522 3429 tencre
1537 3408 1666 3429 attentum
1679 3401 1842 3428 auditoremx
1862 3401 1960 3429 diffluit
1973 3402 2045 3429 enim
2055 3407 2135 3429 totus.
2171 3402 2209 3429 Id.
2224 3410 2270 3437 i,7
2290 3411 2312 3429 c.
2323 3410 2342 3435 4

497 3442 603 3470 Afferat.
803 3439 863 3469 Via.
878 3436 979 3474 Salmas
999 3439 1026 3463 in
1043 3435 1098 3476 ¹301·
1117 3445 1141 3470 P·
1156 3444 1202 3467 311.
1272 3435 1378 3463 Gronov.
1435 3437 1569 3465 auditores
1586 3437 1684 3465 habere
1698 3437 1860 3472 poterimus,
1877 3437 1895 3464 si
1909 3439 2037 3464 summam
2053 3438 2143 3464 causae
2160 3437 2280 3466 breuiter
2291 3446 2336 3464 ex
2347 3449 2367 3459 ω
2409 3465 2413 3470 ,

342 3482 376 3513 ad
392 3480 452 3510 Seu.
471 3479 567 3507 Natur.
582 3477 686 3511 Qaest.
706 3486 736 3510 2,
756 3485 792 3511 49
821 3474 953 3509 Attegiata
971 3471 1084 3499 fulmina
1102 3474 1222 3504 coniicit,
1237 3477 1285 3507 Pro
1303 3473 1380 3499 Arce·
1435 3480 1461 3500 et
1478 3473 1496 3500 li
1515 3479 1634 3501 attentos·
1645 3482 1690 3500 eos
1703 3472 1838 3500 faciemus.
1893 3474 1988 3504 Horat.
2002 3473 2083 3500 Serm.
2097 3481 2127 3504 2,
2144 3481 2168 3506 1,
2182 3473 2317 3506 19.Verba
2335 3486 2360 3494 ·-

343 3518 438 3548 rancis.
459 3525 485 3544 υ.
498 3524 525 3542 v.
1434 3515 1488 3536 tam
1501 3518 1555 3536 non
1569 3509 1645 3536 ibunt
1658 3509 1774 3535 Caesaris
1789 3517 1888 3536 aurem.
1959 3507 2000 3536 Ad
2015 3516 2071 3535 rem
2088 3514 2216 3542 attentus,
2235 3511 2253 3536 i.
2271 3510 2319 3536 Fru
2343 3511 2367 3521 ””

379 3561 401 3582 A
410 3559 431 3580 Τ
441 3558 463 3579 Τ
472 3555 569 3579 EGER
579 3569 588 3581 ,
607 3547 633 3584 s.
654 3555 676 3575 A
686 3554 703 3574 n
712 3554 733 3573 Τ
743 3553 787 3574 rae
797 3554 813 3574 ε
823 3553 857 3579 R,
876 3553 908 3578 a,
927 3552 981 3570 um.
1044 3541 1113 3570 Vnde
1389 3552 1420 3578 95
1436 3546 1502 3572 Hor.
1517 3544 1595 3580 Epist.
1611 3553 1621 3571 1
1630 3565 1638 3577 ‚
1652 3551 1679 3579 7,
1692 3552 1720 3577 91
1740 3544 1828 3571 Durus
1841 3545 1889 3578 ait,
1901 3543 2005 3576 Vultei‚
2017 3543 2098 3570 nimis
2109 3549 2275 3578 attentusque
2287 3517 2366 3587 νὶὲ,;

380 3595 433 3618 ΛΤ
442 3593 463 3614 Τ
473 3593 519 3616 EG
529 3591 548 3613 R
557 3590 605 3612 AR
615 3590 640 3610 E.
677 3583 718 3609 Est
730 3583 830 3609 Vinum
843 3583 873 3608 in
885 3577 1019 3608 sacrifieiis
1032 3586 1135 3617 augere.
1161 3577 1294 3612 Integrare
1308 3577 1379 3604 enim
1435 3581 1516 3607 serm,
1530 3589 1556 3613 2,
1568 3582 1594 3613 6,
1606 3585 1638 3610 82
1658 3580 1740 3614 Asper
1750 3586 1776 3606 et
1790 3585 1902 3607 memus
1914 3578 2044 3614 quantis·
2097 3579 2166 3606 Ter·
2174 3580 2286 3615 Adelph.
2297 3582 2327 3614 35
2339 3592 2341 3595 .

345 3631 371 3653 et
384 3625 521 3658 Attegrare
538 3620 626 3649 minus
644 3618 758 3650 fastum,
779 3618 814 3644 est
834 3619 864 3644 1¹¹
881 3616 1005 3643 statutum
1025 3612 1162 3654 Γῗᾶῐὲθῒθχ
1189 3612 1292 3653 Festus,
1312 3622 1379 3648 quem
1435 3617 1562 3643 tentiores
1574 3617 1662 3642 sumus
1675 3615 1707 3642 ad
1719 3624 1774 3643 rem
1787 3624 1886 3647 omnes,
1899 3623 1979 3649 quam
1992 3614 2028 3640 sat
2041 3613 2086 3640 est.
2121 3615 2188 3642 Add.
2202 3615 2274 3643 Idem
2287 3615 2368 3645 ibi.

344 3661 432 3688 Iocum
449 3662 488 3686 ita
505 3659 637 3685 concinnat
655 3654 780 3714 Scalsfcr²
805 3654 943 3687 Attegrare
961 3648 997 3677 cst
1016 3657 1082 3690 vano
1100 3647 1256 3688 sacrificium
1276 3657 1380 3684 augere.
1434 3653 1490 3678 Cic.
1503 3660 1552 3687 pro
1566 3651 1640 3678 Rosc.
1654 3652 1742 3678 Amer.
1754 3660 1792 3685 44
1811 3661 1832 3678 c.
1841 3659 1865 3684 ις
1885 3650 2026 3677 Tamenne
2039 3648 2103 3676 haec
2115 3657 2212 3678 attenta
2223 3652 2280 3678 vita
2292 3655 2319 3678 et
2359 3661 2369 3670 2

345 3696 483 3730 Attegrum
494 3693 566 3721 enim
579 3691 667 3717 minus
679 3689 721 3715 fac
734 3697 787 3714 um.
828 3689 961 3722 Integrare
973 3685 1010 3712 est
1025 3693 1054 3711 in
1065 3684 1158 3710 statum
1172 3683 1298 3724 redigere.
1335 3685 1379 3710 At·
1435 3687 1562 3722 relegatio
1576 3693 1654 3721 atque
1667 3683 2018 3721 amandatioappellabitur?
2053 3685 2124 3712 Idem
2137 3695 2186 3721 pro
2193 3687 2288 3721 Qim.
2302 3686 2368 3721 ¹¹:²2⁹*

344 3737 431 3765 “gera
450 3733 532 3766 inquit
539 3749 547 3761 ν
567 3725 600 3760 ‘’st
615 3722 760 3766 ⁹¹?00'9W'3‘3
778 3725 821 3758 ‘1¹⁴¹'
833 3721 916 3750 “¹3¹“
931 3729 955 3748 ε’
968 3723 1111 3748 ῐΜΜῘ’ῑ“Ῑ“*“
1123 3717 1173 3752 ‘sti
1196 3725 1322 3754 affigere,
1342 3723 1486 3750 at-rootius
1501 3723 1553 3749 fuit
1565 3723 1591 3749 Ρ.
1606 3723 1714 3757 Qtintii
1734 3722 1814 3749 huius
1826 3721 1919 3753 frater,
1931 3720 1991 3747 sane
2003 3727 2164 3748 caeterarum
2177 3731 2267 3749 rerum
2281 3730 2333 3756 pa·
2353 3718 2370 3727 “’
2384 3731 2394 3734 ’-

342 3769 454 3802 tingere:
472 3771 559 3792 contra
572 3763 673 3796 integer
685 3759 788 3792 οἶθιγηε,
807 3756 936 3798 ιήῐαὲἶιι-πχ
1358 3789 1364 3795 .
1435 3764 1461 3784 ct
1475 3758 1586 3792 prudens
1603 3764 1629 3785 et
1642 3763 1771 3790 attentus,
1789 3764 1840 3783 vna
1860 3756 1889 3782 in
1901 3763 1930 3782 re
1944 3755 2033 3789 paullo
2046 3757 2133 3784 minus
2147 3758 2365 3789 consideratius-a
2397 3760 2400 3772 ¹

383 3805 438 3827 ΛΤ
452 3806 503 3828 ‘1¹13
517 3797 592 3828 itin
605 3804 626 3825 v
640 3804 671 3828 s,
701 3795 720 3822 i.
762 3802 798 3820 m.
868 3794 982 3819 Minima
1002 3790 1175 3822 locustarum,
1208 3788 1260 3816 fine
1286 3798 1378 3824 pennis
1430 3801 1517 3828 parm,
1570 3793 1701 3827 Qfinffll·
1718 3801 1753 3826 4,
1773 3800 1804 3825 5,
1824 3798 1852 3818 21
1878 3791 1935 3817 Erit
1952 3790 2031 3817 iudex
2049 3792 2120 3819 circa
2139 3793 2179 3820 ius
2197 3793 2318 3820 nostrum
2330 3787 2359 3821 7¹1-
2402 3789 2405 3807 ;

342 3836 410 3864 min,
423 3843 464 3869 29,
476 3844 503 3868 ⁴·
1435 3828 1614 3856 Attentiffimis
1632 3827 1728 3856 animis
1747 3825 1840 3854 audire
1862 3826 1918 3858 Cic.
1938 3834 1986 3861 pro
2005 3827 2073 3854 Sext.
2094 3836 2120 3861 9.
2199 3829 2362 3863 Tempus
2397 3828 2403 3856 ἶ
2420 3851 2422 3855 ,

382 3876 435 3898 ΛΤ
446 3876 468 3896 Τ
478 3877 494 3897 Ε
504 3877 591 3902 ῐ-ιΑ,
609 3867 664 3903 fine
686 3870 844 3906 ΑΤΕῐτῑΑ
863 3866 956 3905 Βθξῐω·
991 3861 1125 3898 [Ἃτίλλαι
1141 3859 1208 3887 ¹²1⁰!-
1227 3866 1253 3886 et
1270 3860 1377 3903 &eph-J
1434 3873 1498 3891 num
1517 3865 1546 3891 in
1563 3864 1693 3894 acerrima
1709 3868 1788 3899 atque
1803 3861 1968 3892 attentiffima
1982 3863 2145 3900 cogitatione
2160 3864 2271 3902 posuitre
2288 3860 2429 3898 v1‹1.·''j'
2448 3875 2451 3881 ·

343 3905 467 3943 Oppidum
479 3905 556 3931 nobile
571 3904 702 3941 Oscorum,
719 3898 813 3929 reatus
827 3898 950 3936 strabitur
963 3905 1012 3936 per
1024 3903 1046 3925 T
1058 3895 1173 3934 fimplex.
1207 3895 1376 3932 Memorabile,
1383 3906 1427 3933 ¹05
1449 3908 1462 3932 3
1476 3908 1530 3936 cap,
1539 3907 1562 3935 5,
2294 3903 2307 3910 ,-
2352 3897 2358 3927 3·
2464 3901 2467 3910 .

337 3948 440 3982 propter
462 3939 598 3967 deriuatum

2372 3971 2382 3985 5
