2474 4182
266 133 355 168 μμ,
664 114 698 154 C
775 113 810 152 o
889 113 932 151 Ν
1747 110 1782 150 c
1857 110 1894 149 o
1967 111 2009 149 N
2321 133 2439 171 mo.

267 207 351 233 ‹li-:uu
366 207 445 232 imas.
520 205 631 232 Tacitus
646 204 676 230 de
691 205 780 229 Germ.
796 211 817 229 11
849 201 889 227 Sic
908 201 1087 234 constituunt,
1107 201 1139 228 lic
1160 200 1313 231 condicunt,
1377 207 1426 235 qua
1438 199 1534 234 aliquid
1545 200 1696 227 condicimus
1710 207 1734 226 et
1747 202 1895 235 repetimur:
1915 207 1975 235 quae
1988 201 2052 226 alias
2064 201 2206 230 Ctmdiffio
2219 211 2330 233 vocatur.
2356 208 2415 244 le,
2438 213 2441 234 l

269 251 292 269 cz
315 252 360 267 zoa
381 250 491 270 urum,
503 242 552 276 fid
571 239 678 267 nocitum
696 248 819 265 numerum
838 245 987 273 computent.
1037 240 1095 264 Non
1115 237 1246 263 condicunt
1271 241 1314 273 ⁰¹¹².
1380 235 1438 261 inl.
1454 234 1472 260 si
1488 234 1541 260 duo
1555 234 1578 271 §.
1598 235 1670 262 idem
1683 237 1803 262 Iulianus
1825 236 1856 262 Ι).
1872 236 1904 262 de
1917 235 2108 269 iureiurando,
2141 238 2214 266 Idem
2226 241 2343 268 Iulianus
2360 245 2417 272 scri·
2437 248 2440 266 3

267 277 419 305 :wultanus
432 287 459 303 in
472 281 572 303 izrtiam
593 277 670 307 diem,
683 274 730 311 scd
749 278 776 299 in
795 277 896 300 tertiam
916 273 1019 300 noctem.
1077 273 1235 299 Domicilium
1249 272 1314 307 quast
1380 270 1436 301 bit,
1450 279 1527 302 eum,
1542 271 1590 304 qui
1603 271 1712 304 iurauit,
1727 273 1828 299 furtum
1843 272 1868 298 se
1883 281 1938 297 non
1953 271 2148 303 fecisse,videri
2161 275 2192 301 de
2204 282 2262 303 toto
2273 277 2372 310 iurasse,
2384 287 2418 308 at.

267 307 338 339 lvabct
358 315 403 340 ho:
422 313 519 340 verbum
536 323 561 338 in
578 313 682 341 Coena,
702 320 773 346 quam
787 309 919 342 condicit,
932 313 975 345 qui
990 313 1065 345 prior
1077 308 1107 344 fi·
1120 315 1245 334 coenatum
1259 316 1314 333 iern-
1381 315 1434 341 que
1456 305 1517 332 ideo
1536 314 1622 340 neque
1640 307 1721 339 furti,
1734 318 1822 343 neque
1842 306 2004 334 condic‘iicia
2016 314 2133 334 tenetur:
2169 311 2232 344 quia
2247 312 2418 349 conditffiei'a,
2433 319 2436 323 ’

269 358 353 376 turum
372 349 407 376 ιιιί
422 352 525 375 :lterum
545 348 683 372 deminuat.
754 345 824 372 Suet.
839 355 867 371 in
881 346 981 372 Tiber.
994 355 1014 371 c.
1031 353 1065 378 42
1097 344 1187 370 Sextio
1200 343 1315 370 Claudio
1340 345 1353 371 5
1382 342 1488 376 inquit,
1502 341 1571 368 solus
1586 342 1631 368 fur
1650 347 1762 369 tenetur.

271 395 378 411 coenam
393 394 421 411 ea
437 386 492 416 lege
508 382 638 413 condixit,
657 390 689 407 nc
703 381 768 415 quid
781 390 812 407 ex
825 381 1014 408 consuetudine
1033 381 1196 411 immutaret,
1210 386 1254 406 aut
1274 378 1316 404 de·
1421 384 1438 404 c
1452 383 1471 403 0
1482 384 1502 403 N
1512 384 1573 404 Dic
1586 383 1607 402 T
1619 383 1638 403 0
1649 398 1657 409 ,
1678 381 1731 404 are.
1766 379 1876 405 Firmici
1895 376 1938 412 est}
1953 377 2056 404 dicitur.
2438 402 2444 421 t

271 429 362 447 meret.
400 422 516 446 Coenam
530 418 665 449 condixit,
682 421 699 443 i.
711 417 739 452 se
752 427 805 443 cum
818 418 859 444 illo
872 425 1029 444 coenaturum
1044 416 1208 441 denuntiauit.
1246 416 1316 440 Suet.
1422 419 1439 439 C
1452 419 1471 439 O
1483 420 1503 439 N
1515 419 1581 439 DIG
1592 419 1612 438 N
1623 419 1673 452 VS,
1687 421 1712 445 a,
1725 421 1779 439 um.
1800 414 1860 441 Adi.
1881 414 1982 448 [ἄξιος]
2006 413 2083 440 Valde
2094 412 2193 449 dignus.
2212 415 2420 454 maur-Amph&
2437 422 2440 438 ¹,
2454 431 2474 450 Ἢ

273 458 301 484 in
317 457 409 483 Claud.
425 465 444 480 c.
458 463 486 480 21
516 454 764 480 Extraordinarium
779 462 872 479 munus
886 452 1074 488 gladiatorium
1089 451 1211 477 exhibuit
1225 449 1318 481 breue,
1382 458 1406 481 3,
1419 457 1449 481 39
1470 448 1574 475 Ecastor
1587 447 1750 482 condignum
1764 448 1965 485 donum,qualis
1979 449 2024 482 est,
2034 450 2080 484 qui
2096 449 2196 476 donum
2205 449 2329 479 deditam.
2340 452 2419 484 immo
2433 457 2435 480 l
2459 470 2465 474 -=

274 493 430 525 dierumque
444 499 604 524 paucorum,
623 489 749 523 quodque
762 489 893 524 appellare
907 489 993 522 coepit
1007 487 1163 521 sportulam:
1189 487 1252 521 quia
1267 485 1318 520 pri·
1383 485 1416 511 fic
1437 485 1599 519 condignum
1620 484 1720 510 donum
1730 503 1738 516 ,
1757 484 1842 518 qualis
1854 486 1906 524 est,
1920 486 1963 512 cui
1976 485 2049 512 dono
2062 485 2151 511 datum
2172 485 2232 511 est.⁴
2287 488 2420 520 Pulchrum
2438 496 2439 499 ’
2454 497 2474 520 τ,

274 538 346 555 11111111
365 527 488 553 daturum
507 526 531 551 se
550 525 667 555 dixerat,
688 525 760 551 velut
780 525 813 551 ad
833 526 945 552 subitam
960 523 1163 557 condictamque
1182 523 1322 548 coenulam
1348 526 1376 544 10
1384 521 1502 552 facinus,
1524 521 1738 554 Graecarumque
1753 519 1937 547 facundiarum
1950 521 2177 556 magniloquentia
2188 521 2348 557 condignum
2361 526 2422 556 Gen,
2438 531 2474 560 ,vj

274 565 388 591 inuitare
407 563 432 588 se
446 562 583 596 populum.
656 561 737 587 Plaut.
752 561 833 587 Stich.
854 570 875 593 23,
890 570 907 590 1,
920 568 949 594 37
982 561 1070 594 Atque
1085 559 1113 585 id
1131 568 1163 585 ne
1181 567 1228 584 vos
1244 558 1322 583 mire·
1387 565 1410 589 3,
1426 565 1452 591 7.
1489 556 1562 592 Conf.
1580 555 1682 581 Arnob.
1699 564 1707 581 1
1722 565 1745 590 p.
1761 564 1795 588 ις.
2088 591 2096 597 .
2437 562 2474 594 R*

276 600 358 630 mini,
379 598 500 624 homines
514 597 632 623 seruolos
653 603 744 631 potare
755 617 762 628 ,
777 606 880 627 amare,
894 603 972 630 atque
985 595 1018 621 ad
1039 603 1149 621 coenam
1169 594 1322 620 condicere:
1425 599 1442 618 C
1454 599 1473 618 O
1485 599 1532 618 Νι)
1543 600 1550 617 1
1561 598 1579 616 G
1592 598 1649 617 NE.
1679 592 1758 617 ›Adu.
1795 591 1905 630 [diluis]
1939 591 2020 618 Plaut.
2041 593 2126 619 Calin.
2145 601 2174 624 4,
2195 600 2215 624 1,
2236 600 2265 626 14
2293 594 2436 632 Condigne„

277 636 338 661 licet
353 634 414 660 haec
428 633 539 660 Athenis
552 632 639 659 nobis.
711 633 784 659 Idem
799 632 878 659 Stich.
894 641 915 664 ς,
932 641 950 664 1,
963 637 992 661 28
1022 632 1060 657 Eo
1081 630 1189 657 condixi
1210 631 1237 656 in
1259 630 1324 661 sym-
1387 634 1476 653 autem
1493 628 1572 653 nimis
1587 626 1674 661 lepide
1687 626 1738 653 hue
1749 626 1875 666 condusti
1891 627 1980 661 coqui.
2013 628 2080 654 Add.
2096 628 2133 654 ld.
2144 627 2203 654 Aul.
2217 636 2240 660 3,
2254 637 2282 661 4,
2294 631 2319 656 6,
2405 631 2450 668 t-s'

277 671 365 697 bolam
380 669 412 695 ad
433 678 558 701 coenam,
579 668 612 695 ad
631 669 688 695 cius
708 669 864 694 conseruum
879 668 1051 702 Sangarinum
1064 668 1174 700 Syrum,
1196 670 1214 691 i.
1234 665 1324 690 tirnun-
1390 671 1409 694 1,
1425 671 1450 694 2,
1465 671 1501 688 22.
1539 664 1618 702 Poen.
1633 671 1658 694 2,
1675 670 1712 697 17.
1783 661 1924 696 condigne
1939 668 1964 688 et
1977 664 2123 690 condecore
2136 663 2205 690 Gell.
2219 672 2259 698 14,
2271 673 2298 698 4.
2349 631 2454 724 {325

275 709 341 732 tiaui
364 715 399 731 me
426 714 451 731 eo
473 711 618 737 venturum,
640 712 664 730 et
684 712 840 730 coenaturum
863 703 891 729 de
907 704 1028 740 symbola.
1101 703 1156 728 Cic.
1175 703 1246 727 lsam.
1269 709 1288 731 1,
1309 708 1325 730 9
1345 706 1370 731 ¹3
1387 705 1467 733 atque
1481 698 1612 733 condigne
1624 698 1747 739 locutum
1757 699 1804 724 effe
1819 698 1891 724 Idem
1905 707 1926 730 1,
1939 701 1964 724 6.
2008 732 2015 742 ³
2148 733 2154 741 .
2381 705 2410 737 sq,

278 742 378 768 Crassus
388 750 468 776 paene
482 750 496 766 a
510 741 575 766 meis
589 740 688 766 laribus
701 741 729 766 in
744 739 912 774 prouinciam
928 739 963 765 est
977 739 1121 773 proseelus.
1158 737 1228 762 Nam
1243 743 1325 773 quum
1426 741 1470 761 CO
1481 742 1500 760 Ν
1513 741 1593 766 DIO,
1612 737 1652 760 iui
1670 736 1710 760 vel
1729 744 1765 769 11,
1783 737 1867 766 itum,
1888 737 1936 760 fre.
1979 733 2093 769 [αρτ-12111,
2112 733 2199 767 idum,
2218 733 2361 773 -roepixnsswl
2377 725 2453 779 Ml>

277 777 346 804 mihi
366 777 537 808 condixissct,
556 777 678 803 coenauit
699 775 767 809 apud
783 776 865 802 mein
879 776 930 802 mei
951 776 1041 810 generi
1056 772 1210 805 Crallipedis
1229 770 1325 802 hortis,
1384 770 1471 805 pidum
1480 770 1587 805 facere,
1601 770 1715 806 saporem
1735 770 1823 796 addere
1842 769 1914 796 cibis.
1957 769 2065 796 Videtur
2083 780 2098 796 a
2113 770 2234 796 Condere
2248 771 2304 806 sola
2321 770 2433 806 cefff.

277 817 294 839 i.
312 823 383 849 quum
404 810 581 846 denuntiasti’t,
594 813 622 848 J&
646 811 704 838 velle
724 821 824 838 coenare
843 811 908 838 domi
924 822 997 837 nicar.
1034 806 1108 835 Rckte
1127 814 1208 843 igitur
1229 806 1327 836 Festus,
1387 809 1454 831 tione
1466 805 1582 839 differre,
1597 815 1649 832 cum
1664 806 1781 840 z'demstt,
1795 805 1859 842 quod
1869 812 2017 840 componere.
2052 805 2135 832 Plaut.
2144 807 2233 832 Pseud.
2249 815 2272 838 3,
2287 815 2310 839 2,
2323 809 2375 837 21.
2426 817 2433 852 ἐ

277 849 426 878 ,Condicere
439 848 475 874 est
488 842 600 874 dicendo
614 847 779 874 denuntiare.
814 847 873 883 Ipsa
887 855 966 873 tamen
982 847 1040 870 hacc
1053 846 1160 878 exempla
1174 852 1221 868 non
1235 845 1326 874 minus,
1389 850 1439 876 ego
1457 841 1520 868 item
1542 851 1652 868 coenam
1672 843 1786 874 condio,
1802 848 1830 867 vt
1844 841 1891 867 alii
1910 841 1999 876 coqui.
2072 842 2129 867 Cic.
2145 842 2216 868 Fam.
2231 850 2259 876 7,
2273 844 2304 868 26

276 895 348 921 quam
369 884 438 910 verbi
451 883 604 919 compostum
618 882 763 916 ostendunt,
776 891 883 909 mutuum
896 881 992 917 alalon!
1003 880 1130 914 intelligi,
1146 886 1168 904 ct
1188 878 1326 914 confi-njum
1338 885 1372 903 20
1389 887 1482 903 omnes
1503 878 1540 904 ita
1562 877 1700 904 condiunt.
1772 877 1879 904 Hcrbae
1901 877 1996 913 quando
2019 884 2043 903 et
2062 876 2178 912 quomodo
2193 877 2301 905 condiri
2314 878 2357 905 de·
2368 887 2383 901 υ
2396 886 2409 912 ’ζ
2426 853 2435 916 i

279 924 346 951 cius,
358 923 398 946 cui
411 920 560 948 condicitur.
624 919 680 945 Fid.
702 920 778 945 Gron.
793 919 850 953 Obs.
873 929 894 949 l,
917 928 926 942 ι
946 926 969 950 p.
992 921 1025 944 ¹8.
1079 918 1120 941 Sic
1141 918 1214 940 etiam
1235 914 1326 940 lustin.
1389 913 1443 939 vid.
1458 913 1562 940 Colum.
1577 922 1613 946 12,
1627 921 1654 948 7,
1671 922 1690 940 1.
1712 922 1748 944 12,
1763 922 1797 945 13,
1813 920 1838 948 7.
1863 914 1900 939 De
1914 914 2000 947 pomis
2017 912 2055 940 Id.
2069 922 2103 946 12,
2118 922 2154 939 10.
2225 913 2344 941 Condire
2369 909 2395 940 ,ἦ
2407 932 2411 947 3

278 965 300 989 3,
315 964 340 991 7,
355 965 384 989 14
405 957 496 982 Pacem
515 955 543 981 in
555 964 637 981 annos
650 955 842 990 quinquaginta
860 954 959 982 secere,
980 960 1058 985 quam
1077 959 1132 976 non
1145 950 1193 976 nili
1215 950 1257 976 sex
1281 959 1325 976 an-
1389 949 1545 983 amphoram
1560 958 1614 975 vno
1628 949 1723 982 cyatho
1735 950 1797 976 Pall.
1812 948 1872 975 Oet.
1887 958 1927 983 14,
1940 956 1966 983 7.
2021 947 2103 975 Cibos
2117 947 2226 975 condire
2241 949 2368 984 gulosius„
2404 943 2438 981 ¹⁴,l

278 993 317 1018 nis
332 993 478 1018 seruat-unt.
514 992 585 1018 Nam
599 990 733 1022 inducias,
748 999 809 1024 quas
824 988 933 1022 proprio
953 988 1064 1013 nomine
1080 986 1268 1018 condixerant,
1293 993 1325 1011 ex
1391 986 1506 1017 Gulose,
1522 986 1550 1011 in
1577 992 1597 1012 G
1608 993 1627 1011 V
1638 992 1653 1011 1.
1664 992 1696 1011 A.
1768 984 1873 1011 Labore
1891 986 1919 1011 in
1930 986 2052 1017 venatu,
2068 984 2179 1017 sudore,
2191 986 2266 1011 cursu
2276 1005 2284 1018 ,
2297 986 2368 1014 fame·
2398 977 2437 996 μ’.

278 1028 412 1055 sociorum
427 1028 535 1062 persona
548 1026 715 1061 rumpebant.
787 1023 888 1049 Arnob.
905 1032 922 1056 4
936 1033 960 1058 p.
978 1032 1025 1056 140
1051 1023 1122 1055 Vsu,
1136 1022 1223 1054 farre,
1239 1023 1327 1048 co'em-
1391 1021 1551 1047 condiebant
1565 1021 1654 1055 epulas
1669 1020 1873 1047 Lacedaemonii
1886 1021 1943 1046 Cic.
1957 1021 2041 1047 Tusc.
2057 1029 2079 1053 ς,
2094 1029 2122 1053 91
2137 1030 2157 1046 c.
2171 1029 2212 1054 34.
2266 1020 2340 1048 Idem
2381 1055 2383 1057 Ι

279 1065 353 1091 tione
367 1063 477 1098 genialis
493 1062 583 1089 lectuli
599 1064 755 1088 sacramenta
769 1059 919 1085 condicunt.
975 1059 1040 1084 Plin.
1055 1059 1083 1084 in
1097 1059 1206 1092 praefat.
1233 1060 1367 1091 Qunnz3
1393 1066 1411 1087 1,
1428 1062 1455 1087 88
1472 1067 1493 1083 c.
1508 1065 1540 1090 45
1571 1057 1709 1083 Condiunt
1730 1057 1854 1091 Aegyptii
1875 1063 2013 1089 mortuos,
2034 1063 2060 1083 et
2080 1056 2154 1083 dorni
2174 1057 2286 1083 seruant.
2361 1063 2380 1082 ο1
2399 1056 2408 1066 ⁸

279 1100 344 1126 hanc
358 1108 467 1134 operam
487 1099 730 1126 condic-eremmon
744 1104 800 1121 cras
813 1096 840 1121 in
855 1095 904 1121 hoc
918 1094 997 1127 albo,
1017 1099 1034 1120 i.
1056 1104 1127 1130 quum
1141 1095 1185 1120 hoc
1199 1101 1259 1128 opus
1273 1093 1328 1129 Jiis-
1391 1093 1466 1119 albae
1487 1092 1711 1127 quemadmodum
1732 1093 1892 1119 condiantur
1910 1093 1977 1119 Cato
1992 1101 2042 1126 117.
2114 1092 2249 1125 Condire,
2265 1099 2312 1128 per
2329 1100 2378 1121 tr
2406 1104 2408 1106 ’

276 1139 330 1171 cepi
342 1155 349 1167 ,
368 1145 416 1161 non
432 1134 592 1170 prouidclmin
605 1139 628 1158 te*
650 1132 763 1164 surm-um
782 1135 833 1157 eius
848 1131 962 1157 iudicem.
1033 1131 1162 1165 Pompon.
1175 1131 1193 1156 l.
1208 1132 1242 1156 66
1257 1130 1281 1155 fl:
1298 1130 1331 1155 de
1390 1132 1480 1155 tionem
1495 1128 1551 1155 Cic.
1566 1130 1618 1154 Att.
1633 1137 1670 1161 12,
1685 1137 1722 1162 40
1756 1129 1926 1155 Hilaritatem
1945 1128 2033 1161 illam,
2049 1137 2100 1163 qua
2113 1128 2179 1154 hanc
2193 1129 2328 1156 tristitiam
2339 1136 2350 1157 t
2371 1143 2374 1153 ι
2388 1131 2395 1153 s
2407 1112 2430 1152 ⁴.

278 1177 363 1198 contr.
378 1178 440 1197 emt.
457 1172 486 1196 In
507 1162 647 1194 vendendo*
658 1167 742 1193 fundo
758 1166 901 1202 quaedam,
915 1166 959 1193 etii
977 1175 1031 1192 non
1049 1166 1237 1196 condi-cantur,
1257 1174 1331 1200 piae·
1391 1174 1451 1191 rum
1466 1163 1671 1195 condiebamus‚
1687 1164 1715 1195 in
1737 1172 1892 1200 perpetuum
1913 1164 1997 1190 amili.
2069 1164 2251 1199 Ambiguitate
2263 1165 2340 1192 condi
2362 1171 2385 1190 t·
2406 1155 2437 1200 3⁵¹

278 1207 365 1234 standa
380 1208 452 1237 sunt,
471 1208 489 1230 i.
508 1203 551 1238 etsi
565 1203 593 1229 ile
607 1207 640 1229 iis
654 1213 700 1229 non
714 1203 872 1236 constitutum
888 1210 932 1228 aut
946 1209 1089 1228 conuentum
1101 1201 1146 1236 stt.
1183 1203 1240 1228 Huc
1253 1209 1328 1227 ctiam
1392 1209 1452 1227 men
1467 1200 1598 1234 QiineHl.
1616 1202 1642 1232 6,
1657 1208 1679 1232 3,
1697 1203 1739 1232 96.
1811 1201 1944 1235 Asperitas
1963 1200 2141 1226 contentionis
2160 1201 2275 1228 oratoris
2295 1190 2438 1236 ipsiussoeil
2468 1209 2469 1212 =

277 1243 359 1278 mser,
372 1244 422 1268 JK,
439 1242 579 1266 Gronoujus
591 1241 669 1266 locum
684 1240 742 1265 Liu.
758 1248 775 1270 1,
789 1247 820 1271 32
845 1238 994 1265 Confestim
1009 1247 1053 1264 rex
1067 1247 1098 1264 ex
1113 1238 1153 1264 his
1168 1238 1253 1264 ferme
1269 1243 1368 1267 ver-30
1391 1236 1518 1263 inanitate
1533 1237 1656 1262 conditur
1675 1236 1732 1262 Cic.
1746 1236 1778 1262 de
1792 1237 1865 1263 Orat.
1882 1246 1908 1268 2,
1921 1245 1975 1262 212.
2045 1236 2200 1263 Verborum
2216 1237 2300 1271 gratia
2316 1247 2360 1266 ex
2373 1238 2380 1244 ¹
2410 1226 2430 1260 ¹!

277 1278 318 1305 bis
333 1279 418 1303 Patres
433 1275 601 1308 consulebat,
620 1277 742 1309 <Quarum
755 1284 861 1307 rerum,
876 1275 983 1307 litium,
998 1275 1134 1301 causarum
1150 1273 1270 1300 condixit
1284 1274 1327 1299 l'a-
1392 1282 1436 1299 cus
1451 1272 1599 1298 condienda
1612 1271 1648 1298 est
1666 1272 1800 1305 Qiine'til.
1817 1282 1848 1304 11,
1864 1282 1899 1303 10,
1911 1277 1949 1304 38.
1976 1271 2029 1299 Sed.
2044 1272 2097 1298 vid.
2110 1280 2162 1299 not.
2232 1272 2306 1300 Idem
2324 1281 2346 1307 5,
2360 1283 2370 1301 1
2421 1290 2429 1297 .

276 1318 433 1348 terpatratus
451 1312 512 1346 Pop.
530 1312 606 1337 Rom.
626 1311 777 1344 Quiritium
798 1312 971 1345 Patripatrato
991 1311 1139 1345 priscorum
1160 1310 1326 1336 Latinorum.
1391 1310 1454 1342 Q10
1476 1308 1542 1343 quid
1555 1314 1649 1335 natura
1661 1308 1744 1342 magis
1758 1309 1894 1343 asperum,
1910 1308 1961 1334 hoc
1980 1308 2103 1343 pluribus
2119 1308 2297 1335 condiendum
2312 1309 2348 1337 est

277 1351 371 1384 Nempe
383 1347 527 1379 contendit,
545 1357 593 1373 non
607 1347 640 1373 ati
653 1348 847 1383 Clarigationem
856 1350 983 1382 pertinere
995 1347 1054 1373 haec
1066 1346 1155 1376 verba,
1168 1345 1216 1382 fid
1230 1346 1263 1372 ad
1270 1344 1329 1381 foe-
1392 1344 1516 1379 ptatibus.
1591 1345 1646 1370 Cic.
1663 1353 1711 1378 pro
1725 1344 1831 1371 Cluent.
1847 1353 1881 1379 72
1896 1353 1917 1370 c.
1932 1346 1967 1371 26
1990 1345 2099 1379 Quique
2111 1353 2140 1371 ea
2153 1344 2229 1376 vitia,
2242 1354 2309 1380 quae
2320 1354 2335 1372 a
2443 1374 2446 1383 Ι

275 1385 320 1411 clus
334 1387 391 1411 olim
400 1382 537 1419 percuffiim
547 1403 554 1415 ,
573 1390 661 1409 contra
667 1382 819 1418 fintentiam
836 1383 956 1414 Turnchi,
971 1389 994 1408 ct
1010 1384 1042 1408 H.
1059 1384 1159 1414 Grotii,
1169 1385 1253 1417 primo
1266 1380 1331 1416 quod
1391 1380 1523 1413 habebat,
1543 1380 1624 1407 etiam
1638 1379 1725 1406 studio
1739 1386 1818 1412 atque
1833 1380 1948 1407 artificio
1962 1380 2078 1415 quodam
2092 1380 2210 1407 malitiae
2223 1381 2359 1409 condiuiss*
2372 1395 2379 1405 ι
2438 1381 2442 1415 ξ

274 1423 467 1456 Pater-patratus
481 1426 598 1455 quantum
612 1420 724 1452 constat,
742 1429 790 1444 non
805 1419 839 1444 ad
851 1419 937 1445 bellum
952 1418 1124 1449 indicendum,
1134 1418 1183 1453 sed
1194 1417 1327 1453 adfoedus
1335 1425 1366 1451 35⁷
1431 1422 1448 1443 C
1460 1424 1479 1443 ο
1489 1424 1509 1443 Ν
1521 1423 1539 1443 D
1550 1418 1592 1443 I'T
1601 1423 1621 1442 V
1630 1423 1654 1448 S,
1668 1425 1692 1448 a,
1706 1425 1761 1442 um.
1780 1417 1874 1443 Partic.
1912 1414 2041 1451 [ἥδυντος]
2083 1418 2128 1449 Vt,
2141 1416 2224 1444 Plaut.
2233 1417 2352 1451 Pscudq,
2376 1426 2396 1450 51.
2412 1445 2415 1448 ,
2439 1422 2442 1430 ”

267 1456 427 1493 pangendum
447 1461 590 1487 crearetur,
612 1454 699 1481 deinde
719 1455 784 1490 quod
802 1463 850 1481 uox
871 1464 898 1481 ea
919 1463 965 1481 non
987 1453 1035 1488 nist
1052 1453 1081 1479 de
1096 1453 1187 1480 duobus
1205 1456 1232 1479 in
1252 1462 1327 1478 cnam
1392 1452 1509 1479 Condita
1522 1458 1596 1487 prata
1611 1452 1720 1478 ridicula
1733 1459 1807 1478 vocat
1819 1453 1907 1479 herbas
1918 1456 2007 1479 varias
2019 1452 2184 1479 condimenti!
2197 1453 2278 1480 edules
2288 1453 2359 1490 fa&
2374 1446 2441 1481 «57¹⁴

273 1503 325 1520 rem
339 1498 383 1518 aut
399 1493 479 1518 locum
496 1491 710 1524 conuenientibus,
724 1491 833 1517 dicatur.
868 1492 925 1517 Alii
938 1490 1078 1526 formulam
1098 1489 1228 1526 referunt,
1241 1496 1270 1515 vt
1290 1488 1328 1514 di·
1391 1489 1514 1515 minibus:
1535 1487 1563 1514 de
1576 1491 1670 1523 coquis,
1684 1491 1727 1523 qui
1735 1488 1821 1514 Boucs
1834 1488 1956 1515 homines
1965 1488 2076 1515 faciunt.
2147 1489 2203 1515 Cic.
2219 1489 2251 1515 de
2264 1489 2338 1516 Orat.
2351 1492 2378 1516 ν’
2404 1496 2407 1497 ’

274 1531 357 1555 ximus
368 1527 403 1554 ad
414 1528 479 1552 clari
497 1525 665 1559 atiotitmstiee
678 1526 821 1560 repetendas
834 1535 882 1552 res.
911 1528 979 1552 Nam
990 1532 1055 1552 certe
1187 1522 1207 1562 ί]
1224 1533 1236 1550 2
1258 1525 1328 1551 Con-
1391 1533 1412 1550 c.
1427 1526 1458 1557 56
1484 1525 1541 1551 Nec
1562 1524 1635 1550 enim
1654 1524 1750 1550 concio
1770 1525 1858 1551 maior
1878 1533 1996 1559 vnquam
2014 1524 2083 1554 fuit,
2099 1533 2147 1554 nec
2161 1524 2229 1559 apud
2242 1525 2324 1560 popul
2419 1533 2437 1559 ι.

275 1564 364 1591 dicere
379 1563 448 1590 ICtis
460 1535 504 1596 effe
522 1568 645 1596 repetere,
663 1561 840 1588 dubitationem
858 1571 905 1588 non
919 1561 1007 1594 habet,
1028 1560 1093 1596 quod
1103 1560 1160 1586 inde
1174 1560 1275 1587 videtur
1288 1570 1327 1586 or·
1390 1560 1454 1586 vior
1466 1561 1571 1592 oratio,
1590 1568 1669 1594 quam
1684 1558 1762 1585 huius
1777 1567 1869 1587 contra
1882 1560 2009 1595 collegam
2022 1561 2051 1587 in
2064 1561 2182 1587 Censura
2193 1570 2295 1596 nuper,
2306 1571 2324 1588 n
2407 1571 2432 1590 ea

275 1607 343 1632 tum,
364 1598 429 1634 quod
441 1601 484 1633 qui
501 1599 604 1623 alterum
616 1600 642 1622 in
656 1601 696 1623 ius
709 1604 791 1629 vocat,
800 1597 827 1623 de
839 1607 866 1623 re
879 1597 919 1623 ille
932 1597 995 1623 diem
1009 1598 1047 1623 illi
1065 1596 1139 1629 dicit,
1152 1598 1216 1623 alm·
1229 1605 1327 1628 contro,
1336 1606 1373 1631 40
1391 1605 1456 1631 pore
1469 1602 1495 1621 ct
1507 1595 1652 1622 festiuitate
1665 1595 1808 1622 conditior.
1853 1597 1897 1622 Ius
1910 1597 1978 1623 male
1991 1596 2128 1623 conditum
2142 1598 2210 1623 Hor.
2223 1597 2306 1624 Serm.
2319 1606 2347 1630 2,
2364 1606 2391 1624 :r
2412 1606 2435 1633 -Q

274 1635 382 1662 vadibus
399 1642 492 1669 quoque
510 1632 595 1664 datis,
610 1633 639 1667 se
652 1633 799 1668 adjuturum
816 1636 953 1667 promittit.
995 1634 1029 1659 Vt
1047 1635 1141 1669 igitur,
1154 1636 1197 1668 qui
1216 1641 1326 1658 coenam
1391 1632 1448 1658 Sale
1464 1631 1603 1663 conditus,
1621 1637 1647 1657 et
1668 1631 1771 1658 facetiis
1791 1632 1847 1658 Cic.
1860 1632 1913 1659 Off.
1927 1641 1947 1664 1,
1961 1641 2009 1664 133.
2065 1653 2068 1658 .
2082 1633 2216 1659 Comitate
2231 1633 2344 1660 condita*
2358 1646 2370 1665 3·
2436 1627 2447 1657 l

275 1670 409 1701 condicit,
426 1668 558 1694 denunciat
571 1670 698 1703 alteri,st=
710 1675 856 1700 venturum,
874 1670 916 1694 ille
925 1669 954 1704 J}
969 1676 1088 1703 paratum
1101 1668 1162 1704 fore
1178 1668 1326 1705 fignificat:
1389 1673 1427 1694 tas
1448 1667 1504 1693 Cic.
1519 1667 1551 1693 de
1566 1666 1666 1693 Sene&
1683 1676 1711 1693 10
1726 1676 1747 1693 c.
1760 1676 1786 1701 4.
1842 1668 1939 1694 Oratio
1952 1668 2067 1694 nimium
2077 1669 2184 1695 condita
2202 1669 2330 1703 Qiin&.1
2362 1669 2366 1674 ’
2430 1666 2435 1677 ”

275 1710 312 1733 ita
326 1708 368 1741 qui
388 1704 505 1730 condicit
519 1703 657 1738 pecuniam
674 1710 719 1729 etc.
758 1703 844 1729 Eodem
858 1704 926 1729 morlo
940 1704 1000 1739 fere
1014 1705 1113 1730 verbum
1127 1705 1272 1730 conuenire
1285 1703 1327 1729 ad-
1391 1703 1498 1729 Colum.
1514 1710 1551 1734 12,
1565 1711 1610 1734 20,
1623 1710 1640 1736 7
1661 1703 1792 1730 Conditus
1807 1703 1890 1738 Sapor
1901 1705 1960 1731 vini
1974 1710 2088 1731 emtores
2102 1705 2184 1739 fugat.
2235 1706 2305 1732 Bene
2319 1714 2365 1732 co
2379 1725 2385 1735 2
2401 1720 2437 1752 ‚aa

274 1741 388 1769 hibetur:
426 1740 473 1774 nist
494 1739 559 1775 qnod
577 1739 622 1766 hoc
635 1738 810 1774 adperjbnam
822 1742 948 1774 pertinet,
973 1739 1139 1765 condicimus
1154 1743 1258 1774 proprie
1278 1749 1328 1771 res,
1392 1738 1514 1764 conditus
1529 1738 1616 1763 sermo
1641 1738 1697 1763 Cic.
1713 1739 1766 1765 Att.
1782 1747 1822 1771 13,
1843 1747 1883 1771 30.
1940 1740 2030 1767 Nemo
2051 1749 2169 1775 vnquam
2182 1740 2347 1774 vrbanitate,
2378 1743 2426 1777 '‘2''

274 1787 336 1839 'fuas
353 1776 446 1803 iudicio
466 1778 607 1810 repetimus.
645 1776 815 1809 Exemplorum
834 1774 935 1808 affatim
955 1774 1016 1800 libri
1035 1777 1100 1801 iuris
1112 1776 1251 1809 praebent,
1264 1785 1288 1801 v.
1302 1780 1368 1811 g.43
1392 1774 1497 1808 lepore,
1509 1782 1588 1800 nemo
1603 1773 1732 1799 suauitate
1744 1774 1880 1801 conditior
1902 1776 1959 1802 Cic.
1974 1775 2006 1802 de
2021 1776 2090 1802 Clar.
2105 1777 2180 1803 Orat.
2195 1784 2243 1812 177
2256 1787 2277 1804 c.
2290 1782 2332 1811 48.
2394 1767 2436 1822 Α·

308 1822 330 1840 ιι
344 1813 376 1839 de
393 1811 449 1839 reb.
468 1810 577 1838 creditis
595 1809 642 1848 §.1
663 1811 689 1836 Si
704 1810 755 1836 tibi
776 1810 874 1836 dedero
887 1810 993 1842 decem,
1003 1810 1034 1836 sic
1050 1816 1079 1836 vt
1097 1819 1195 1836 nouem
1215 1810 1327 1836 debeas?
1391 1810 1428 1835 ib.
1444 1818 1465 1835 c.
1480 1818 1522 1842 29.
1572 1808 1644 1835 Facit
1657 1809 1807 1836 conditiora
1821 1809 1885 1837 haec
1900 1811 2044 1845 aucupium
2057 1818 2082 1838 et
2097 1813 2205 1839 venatio
2224 1813 2281 1840 Cic.
2294 1814 2328 1840 de

277 1885 327 1912 Sed
346 1884 364 1911 fi
384 1883 483 1910 dedero
499 1882 625 1915 (decem)
640 1888 668 1909 vt
682 1882 806 1909 vndecitn
828 1881 937 1908 debeas:
972 1888 1046 1916 putat
1058 1881 1199 1913 Proculus,
1215 1881 1327 1915 amplius
1391 1880 1448 1905 dam
1460 1889 1545 1915 genus.
1584 1879 1655 1906 Cael.
1671 1880 1771 1906 Chron.
1787 1889 1809 1913 5,
1825 1890 1834 1907 1
1862 1881 1958 1908 Probat
1972 1882 2110 1909 conditum
2125 1882 2288 1917 bibendum,
2309 1848 2433 1920 quom

275 1848 401 1877 Proculus
414 1848 467 1880 ait,
481 1853 507 1873 et
520 1846 606 1878 reeie,
619 1856 674 1872 non
687 1847 800 1880 amplius
815 1852 841 1872 te
855 1846 911 1880 ipso
924 1846 983 1872 iure
997 1845 1110 1878 debere,
1127 1854 1205 1880 quam
1219 1854 1326 1871 nouem.
1390 1847 1422 1877 56
1435 1853 1457 1870 c.
1474 1847 1510 1870 16.
1533 1844 1561 1870 de
1579 1847 1659 1878 copiis
1676 1844 1778 1877 rusticis
1790 1845 1873 1881 sermo
1886 1844 1928 1878 est.
1982 1847 2129 1873 Conditum
2148 1846 2226 1881 subst.
2239 1848 2274 1882 est
2287 1849 2358 1883 mulsi

277 1929 356 1956 quam
369 1920 460 1946 decem
474 1919 580 1946 condici
594 1928 648 1944 non
664 1919 744 1953 posse.
790 1919 822 1945 Et
837 1916 861 1955 β.
876 1926 891 1944 2
922 1917 949 1944 si
969 1917 1102 1952 fugitiuus
1121 1918 1212 1943 seruus
1232 1925 1327 1943 numos
1393 1916 1471 1950 rique
1492 1915 1583 1941 Latini
1601 1915 1716 1941 mulsum
1735 1922 1839 1942 vocant.
1894 1918 1934 1944 Sic
1947 1917 2043 1944 Pallad.
2056 1918 2132 1945 Febr.
2147 1927 2179 1951 32
2198 1920 2344 1947 Conditum
2360 1920 2431 1951 abfin.

277 1956 328 1984 tibi
343 1955 499 1983 crediderit:
520 1964 553 1981 an
566 1954 706 1981 condicere
718 1954 769 1980 tibi
781 1953 907 1980 dominus
923 1953 1012 1988 pollit,
1028 1953 1168 1988 quaeritur
1192 1967 1237 1972 —
1254 1952 1329 1986 Qud
1340 1954 1373 1980 50
1393 1951 1508 1978 thiatum
1518 1971 1526 1983 ‚
1546 1952 1663 1991 rosatum
1674 1971 1681 1984 ,
1701 1951 1849 1984 violatum,
1868 1959 1994 1979 memorat.
2054 1955 2129 1980 Talia
2141 1956 2218 1981 multa
2230 1955 2297 1991 apud
2307 1957 2427 1991 Apicium

277 1994 359 2027 ergo}
392 1991 525 2018 vindicari
546 1991 623 2017 numi
641 1991 744 2025 potsunt
754 2010 762 2023 ,
780 1990 798 2016 fi
813 1989 929 2016 exstant?
956 1997 1001 2016 aut
1015 1989 1032 2015 fi
1049 1989 1112 2015 dolo
1125 1989 1196 2015 malo
1211 1988 1329 2015 defluant
1393 1997 1419 2014 v.
1435 1997 1460 2024 g.
1475 1995 1495 2019 1,
1509 1996 1518 2013 1
1539 1987 1686 2014 Conditum
1702 1987 1882 2022 paradoxum,
1909 1994 1932 2014 et
1947 1997 1969 2020 1,
1983 1997 2000 2014 2
2018 1989 2192 2017 Melizomum
2199 1990 2289 2026 facere
2300 1992 2386 2021 docet.-
2412 1996 2423 2019 i

264 2027 410 2062 poffideri,
428 2027 461 2053 ad
475 2026 655 2053 exhibendum
668 2027 719 2061 agi.
754 2026 838 2059 Quod
850 2025 902 2052 line
917 2025 981 2052 dolo
994 2026 1065 2051 malo
1080 2025 1254 2057 consumsisti,
1268 2034 1329 2050 con·
1392 2030 1497 2059 veroque
1510 2023 1563 2049 mel
1576 2031 1599 2049 ct
1612 2023 1706 2049 vinum
1719 2021 1768 2056 est,
1787 2023 1812 2050 h.
1826 2033 1846 2050 e.
1859 2023 1968 2059 mulsum.
2011 2024 2069 2050 Vid.
2083 2025 2158 2051 editio
2170 2025 2310 2059 Listeriana
2328 2035 2352 2054 et
2371 2030 2426 2055 Μοι

279 2063 333 2089 dici
349 2062 401 2088 tibi
415 2067 549 2095 poterunt.
606 2063 636 2087 Et
650 2060 672 2097 §.
688 2071 712 2088 12
728 2061 794 2087 ibid.
824 2062 851 2088 Si
865 2062 903 2094 is,
912 2062 960 2096 qui
974 2062 1052 2088 seruo
1065 2061 1223 2093 crediderat,
1238 2061 1336 2087 furere.
1393 2069 1492 2096 gagnus
1500 2058 1575 2094 Epist.
1589 2069 1604 2086 2
1617 2059 1946 2095 earum,quaefi*riptoribus
1958 2062 1996 2086 rei
2007 2058 2069 2092 rust.
2082 2070 2098 2086 a
2109 2061 2180 2087 nobis
2191 2060 2370 2098 adiec‘laestmt
2383 2061 2425 2100 §.5

280 2098 412 2132 coeperit,
429 2096 526 2122 deinde
545 2096 636 2121 seruus
657 2097 685 2121 in
704 2105 760 2122 rem
779 2097 886 2122 domini
904 2098 932 2123 id
949 2098 1075 2123 verterit:
1105 2097 1218 2123 conduci
1234 2096 1329 2122 furiosi
1394 2102 1420 2122 et
1433 2104 1467 2121 20
1481 2104 1505 2130 p.
1522 2100 1582 2125 1228
1592 2096 1633 2132 sq.
1671 2097 1754 2122 Etiam
1767 2097 1858 2122 Graeci
1871 2098 1982 2122 iuniores
1991 2093 2092 2122 κονδίτον
2105 2095 2238 2131 appellant.
2422 2108 2425 2118 ι

279 2134 390 2162 nomine
404 2133 481 2167 poffe.
537 2133 567 2157 Et
580 2131 596 2158 l.
613 2139 636 2163 13
652 2131 710 2157 eod.
724 2129 770 2167 §.1
792 2131 820 2156 Si
835 2132 937 2156 alienos
955 2140 1051 2157 numos
1071 2131 1123 2157 tibi
1145 2138 1241 2157 mutuo
1258 2132 1330 2163 dedi,
1340 2136 1368 2161 55
1432 2137 1477 2157 CO
1488 2137 1508 2154 N
1518 2138 1650 2163 D1T10,
1670 2132 1739 2157 onis.
1760 2131 1780 2157 f.
1818 2130 1952 2167 [ἄρτυσις]
1994 2133 2045 2164 Vt,
2066 2132 2122 2158 Cic.
2136 2131 2169 2158 de
2182 2132 2244 2159 Nat.
2260 2133 2341 2160 Deor.
2411 2122 2425 2144 ¹*
2440 2162 2445 2171 μ

280 2179 335 2196 non
353 2175 413 2195 ante
432 2167 500 2193 mihi
514 2167 627 2198 teneris,
644 2174 724 2201 quam
744 2174 788 2191 eos
809 2166 990 2191 consumseris.
1047 2165 1130 2197 Qiod
1149 2166 1166 2191 fi
1183 2174 1229 2199 per
1244 2171 1330 2199 partes
1394 2174 1415 2190 c.
1431 2170 1459 2196 58
1479 2166 1647 2197 Perspicuum
1662 2167 1698 2192 est
1712 2167 1794 2198 enim,
1804 2176 1858 2201 quo
1872 2167 2076 2202 compositiones
2085 2175 2294 2203 vnguentorum‚
2311 2167 2370 2204 qud¹>
2440 2174 2441 2189 l

281 2215 325 2232 eos
346 2202 533 2231 confiunseris:
569 2211 602 2228 an
627 2211 673 2235 per
693 2208 778 2235 partes
804 2201 855 2227 tibi
876 2201 1030 2233 condicam,
1048 2201 1152 2234 quaerit
1166 2202 1330 2235 Papinianus.
1393 2207 1453 2225 rum
1468 2199 1652 2232 conditiones,
1668 2210 1722 2236 quo
1735 2210 1879 2236 corporum
1898 2203 2031 2230 lenocinia
2048 2204 2228 2238 processerint.
2297 2206 2341 2232 Ius
2356 2200 2374 2211 “
2440 2198 2444 2229 ἰ

282 2239 348 2274 516.
362 2249 377 2266 2
397 2240 424 2265 Si
438 2246 591 2264 communes
609 2238 660 2263 tibi
681 2245 777 2262 numos
805 2236 943 2262 credidero
963 2243 1084 2267 centum,
1104 2237 1173 2270 poffe
1191 2245 1234 2262 me
1253 2237 1330 2270 quin·
1394 2234 1457 2261 dum
1471 2235 1554 2269 magis
1567 2235 1723 2262 conditione
1737 2236 1774 2262 est
1794 2238 1871 2264 Varr.
1886 2238 1918 2264 de
1931 2239 1961 2264 L.
1977 2239 2007 2270 L.
2024 2248 2057 2272 4,
2077 2248 2119 2265 22.
2177 2241 2307 2268 Amurcae
2325 2250 2352 2268 c
2420 2255 2424 2270 1
2441 2238 2450 2267 f,

280 2273 407 2312 quaginta
420 2274 560 2300 condicere
575 2279 620 2298 etc.
657 2274 698 2299 Sic
716 2282 742 2298 ιη
756 2271 841 2298 titulis
858 2272 888 2297 de
904 2271 1083 2297 Condiffione
1100 2278 1219 2306 repetere
1234 2278 1257 2297 et
1270 2281 1331 2298 con-
1394 2272 1470 2297 Varr-
1485 2271 1516 2297 R.
1531 2271 1561 2297 R.
1577 2279 1597 2303 1,
1612 2274 1648 2298 61.
1720 2272 1787 2299 Vini
1800 2273 1966 2301 conditiones
1987 2274 2120 2301 Columel.
2138 2283 2169 2307 12,
2178 2283 2213 2308 51.
2360 2292 2363 2295 ι
2419 2275 2424 2306 ς’
2447 2274 2450 2279 ’

282 2313 369 2340 dicere
377 2311 450 2347 saepe
458 2309 662 2345 prosynonymis
670 2314 808 2343 ponuntur.
846 2308 901 2333 Non
916 2305 981 2332 reste
993 2307 1040 2332 huc
1053 2306 1166 2341 refertur
1180 2306 1250 2332 Gell.
1265 2309 1292 2339 6,
1304 2317 1329 2334 ι.
1338 2307 1373 2332 60
1431 2313 1447 2333 C
1456 2313 1475 2333 ο
1485 2314 1506 2333 Ν
1516 2313 1534 2333 D
1545 2309 1587 2333 ῑΤ
1597 2314 1616 2333 ν
1626 2315 1639 2334 s
1648 2328 1656 2340 ‚
1676 2306 1716 2334 fis.
1735 2317 1771 2334 m.
1791 2307 1924 2345 [ἄρτυσις]
1962 2310 2096 2337 Columel.
2111 2319 2138 2343 2,
2151 2320 2195 2345 22,
2208 2322 2228 2347 4
2245 2313 2317 2339 Vuas
2329 2312 2351 2341 it
2373 2326 2375 2332 ι
2422 2311 2423 2315 ’

283 2350 396 2382 Namszc
409 2345 524 2382 legendus
538 2354 592 2371 cum
608 2345 741 2370 Gronouiis
757 2352 786 2369 ex
800 2343 874 2370 MSS.
910 2343 1014 2369 Peccata
1030 2351 1138 2377 quoque
1152 2341 1292 2368 hominum
1307 2350 1333 2368 et
1393 2341 1478 2369 oliuas
1492 2342 1613 2369 conditui
1627 2343 1714 2378 legere
1726 2343 1797 2371 licet.
2367 2355 2370 2359 ·

282 2383 379 2412 deli&a
392 2391 446 2408 non
461 2379 647 2412 succensenda,
660 2388 746 2414 neque
763 2378 910 2405 inducenda
930 2379 988 2404 sunt
1012 2377 1071 2412 ipsis
1094 2377 1334 2412 voluntatibusque
1433 2383 1449 2403 C
1461 2384 1480 2404 0
1490 2385 1511 2404 N
1520 2385 1538 2405 D
1548 2380 1561 2404 i
1571 2384 1592 2404 Τ
1601 2385 1646 2405 01³
1657 2398 1665 2411 ,
1683 2380 1748 2406 Oris.
1770 2389 1806 2406 m.
1834 2381 1845 2412 [
1857 2378 1954 2416 ἇδνντῆρ
1963 2401 1972 2414 ,
1992 2380 2149 2418 &Lupi-vvis]
2184 2384 2241 2411 Cic.
2255 2384 2315 2412 Post
2363 2385 2375 2406 ·¹

282 2429 394 2451 eorum,
415 2418 459 2444 sed
478 2416 618 2443 neceffitati
635 2422 681 2442 etc.
698 2424 747 2450 pro
765 2415 854 2451 quibus
873 2414 974 2450 quidam
990 2414 1102 2450 legebant
1119 2413 1276 2440 subsistendi·
1290 2423 1334 2440 ue·
1398 2411 1456 2437 Sen-
1473 2421 1502 2450 14
1516 2422 1537 2439 c.
1551 2416 1567 2439 6
1587 2414 1625 2440 Hi
1639 2416 1697 2441 sunt
1709 2416 1860 2442 conditores
1874 2416 2100 2453 instru&oresque
2115 2419 2249 2452 conuiuii,
2258 2420 2341 2447 iidem
2371 2423 2374 2425 ’

281 2465 334 2492 que
353 2453 524 2482 condicenda.
608 2464 610 2466 ·
1399 2446 1464 2474 dunt
1487 2454 1566 2482 atque
1590 2449 1727 2477 aestimant
1750 2451 1907 2486 voluptates.
1962 2452 2067 2479 Totius
2081 2454 2186 2488 negotii
2200 2455 2326 2483 conditor
2343 2452 2392 2484 Id}-

320 2497 336 2518 C
348 2497 424 2518 OND
434 2498 443 2516 1
455 2495 472 2516 C
485 2496 534 2516 TV
544 2495 569 2520 S,
581 2496 606 2520 a,
621 2496 675 2513 um.
694 2486 788 2513 Partic.
825 2485 1041 2519 [ἐπηγγελμένος]
1079 2485 1148 2512 Suet.
1163 2485 1256 2512 Claud.
1272 2494 1293 2511 c.
1308 2493 1336 2512 21
1359 2484 1390 2516 65
1397 2483 1503 2510 Cluent.
1524 2492 1544 2509 c.
1559 2486 1602 2510 26.
2390 2494 2392 2499 ·

286 2527 368 2554 Velut
381 2526 413 2553 ad
427 2525 549 2554 subitam,
564 2522 768 2556 condictamque
784 2521 921 2548 coenulam
935 2522 1063 2547 inuitaret
1076 2522 1215 2556 populum.
1253 2521 1336 2547 Plaut.
1403 2535 1405 2537 ·
1435 2525 1452 2545 C
1463 2526 1482 2545 O
1493 2526 1516 2545 N
1528 2526 1546 2546 D
1555 2526 1598 2546 1M
1608 2526 1655 2547 EN
1664 2525 1766 2553 TVM,
1788 2521 1806 2547 i.
1828 2531 1854 2548 n.
1881 2520 2019 2558 [Siga-office,
2036 2522 2192 2559 παρόψημοι]
2229 2525 2305 2560 Quod
2319 2525 2355 2552 ad
2362 2533 2399 2553 π’,
2412 2504 2433 2556 ¹2¹

286 2563 392 2590 Curcul.
408 2571 428 2594 1,
442 2571 462 2594 1,
477 2569 490 2595 ς
510 2560 537 2587 Si
549 2560 628 2586 status
643 2558 780 2585 condictus
795 2567 855 2584 cum
869 2557 943 2584 hoste
957 2556 1098 2584 intercedit
1111 2557 1177 2590 dies,
1184 2563 1336 2589 tamen,etc.
1400 2554 1475 2581 endos
1489 2555 1556 2581 cibos
1571 2555 1711 2582 adhibetur.
1746 2556 1829 2583 Plaut.
1843 2557 1926 2584 Calin.
1941 2566 1967 2590 2,
1981 2567 2003 2590 3,
2017 2566 2030 2590 3
2049 2560 2159 2594 Coquos
2171 2560 2296 2594 equidem
2307 2561 2389 2588 nimis

287 2598 356 2625 Gell.
372 2600 409 2628 16,
423 2606 440 2630 4
460 2606 488 2623 ex
507 2598 586 2622 veteri
598 2595 729 2631 formula,
757 2594 842 2620 Status
876 2593 1049 2620 condietusue
1080 2593 1135 2619 dies
1167 2602 1226 2619 cum
1254 2593 1336 2619 holte.
1399 2592 1487 2617 miror
1496 2611 1503 2623 ‚
1526 2591 1574 2626 qui
1596 2596 1636 2618 tot
1656 2597 1769 2618 vtuntur
1791 2592 1967 2620 condimentis
1982 2604 1988 2620 ε
2023 2602 2068 2620 eos
2085 2603 2118 2621 eo
2140 2596 2311 2623 condimento
2324 2605 2378 2624 vno
2410 2610 2420 2623 a

287 2634 361 2662 Idem
375 2642 418 2665 20,
431 2641 441 2658 1
462 2632 598 2665 Qioniam
611 2630 716 2664 paetum
738 2636 816 2664 atque
831 2629 983 2656 condicTum
997 2639 1057 2655 cum
1075 2638 1137 2664 rege
1150 2629 1243 2664 Populi
1259 2630 1336 2655 Rom.
1401 2626 1487 2659 vtier‚
1503 2627 1575 2661 quod
1591 2627 1700 2662 praestat
1712 2628 1847 2655 omnibus.
1884 2629 1922 2655 ld.
1937 2628 2027 2656 Pseud.
2042 2638 2066 2662 3,
2080 2638 2102 2662 2,
2116 2638 2141 2663 31
2167 2634 2196 2657 in
2213 2633 2290 2658 malos
2308 2641 2352 2668 σος
2373 2645 2378 2656 ι
2421 2660 2424 2663 ,

288 2669 387 2706 perfide
403 2673 517 2702 ruperat.
554 2666 650 2698 Festum,
660 2665 822 2692 Condietum
836 2665 882 2698 est,
891 2665 963 2700 quod
977 2665 1005 2691 in
1019 2666 1157 2692 communi
1176 2665 1212 2691 est
1225 2665 1337 2692 dietum.
1353 2671 1389 2699 70
1402 2671 1465 2698 quus
1477 2665 1543 2689 inter
1555 2662 1653 2697 aliafic
1666 2663 1803 2697 declamat,
1823 2665 1891 2691 Cum
1906 2664 2049 2698 condiunt,
2058 2674 2114 2692 non
2127 2666 2302 2694 condimentis
2310 2668 2387 2696 condi
2421 2669 2426 2687 Γ

325 2712 343 2732 C
353 2711 372 2731 0
381 2711 401 2730 Ν
414 2710 505 2730 D1CT
515 2710 524 2728 1
533 2708 552 2728 0
561 2722 569 2734 3
589 2701 657 2727 bnis.
679 2701 698 2727 f,
737 2701 914 2736 [ἐπαγγελία]
951 2699 983 2734 est
993 2701 1054 2727 Eius
1068 2702 1119 2734 rei,
1127 2710 1179 2736 qua
1193 2701 1225 2727 de
1239 2701 1336 2735 agitur,
1400 2697 1446 2725 sed
1474 2698 1607 2734 strigibus.
1663 2700 1737 2726 Hunc
1760 2703 1902 2737 interrogat
1922 2707 1973 2728 ΒΑ.
2000 2701 2074 2735 Qu'd
2094 2708 2138 2735 tu,
2159 2702 2260 2729 diuinis
2273 2703 2372 2730 condiu

288 2742 318 2769 in
332 2741 403 2768 diem
416 2746 517 2766 certum
530 2737 714 2769 denuntiatio,
726 2736 826 2764 audiere
839 2736 923 2764 Festo.
959 2737 1108 2764 Seruiusad
1119 2737 1183 2764 illud
1194 2738 1257 2763 Aen.
1266 2746 1288 2769 3,
1299 2745 1340 2771 117
1402 2740 1476 2761 vtere
1491 2735 1500 2761 3
1537 2735 1592 2768 Qui
1604 2744 1749 2770 prorogare
1762 2736 1846 2763 vitani
1860 2737 1934 2772 pollis
1948 2736 2120 2770 hominibus,
2139 2739 2196 2772 Qi
2214 2747 2245 2765 ca
2258 2739 2334 2774 culpe

288 2777 388 2805 Tertia
408 2775 452 2802 lux
472 2774 573 2800 clafl'em
586 2773 704 2800 Cretaeis
719 2772 785 2799 sistet
799 2773 828 2799 in
840 2773 912 2805 oris,
933 2773 991 2799 Hoc
1009 2773 1118 2808 quidem
1133 2774 1206 2800 iuxta
1225 2774 1339 2808 speciem
1402 2776 1490 2796 menta
1507 2771 1516 2797 Ξ
1557 2771 1616 2798 Vici.
1631 2778 1700 2798 totus
1711 2772 1787 2798 locus.
1860 2772 1998 2800 Viridium
2011 2773 2246 2801 condimentorum
2256 2775 2321 2806 fasci

289 2811 445 2848 auguralem
461 2809 575 2845 politum
595 2809 715 2841 tradunt,
725 2817 792 2843 quae
805 2808 952 2844 appellatur
966 2808 1160 2842 CondiCtio,id
1175 2809 1226 2842 est,
1240 2809 1339 2835 denun-
1402 2806 1465 2832 lum.
1485 2815 1520 2838 12,
1536 2812 1559 2839 8,
1575 2815 1594 2833 1.
1654 2807 1711 2834 Cic.
1725 2807 1757 2834 de
1770 2807 1827 2835 Fin.
1841 2817 1864 2840 2,
1877 2817 1913 2842 90
1926 2818 1947 2835 c.
1962 2814 1993 2839 28
2016 2809 2106 2836 Audio
2119 2809 2268 2844 dicentem,
2283 2811 2329 2838 Ci'

288 2849 442 2879 tiati0,cum
451 2845 737 2877 denunciatur,vtante
744 2843 815 2870 diem
822 2845 932 2871 tertium
939 2845 998 2879 quis
1006 2845 1037 2872 ad
1045 2844 1256 2880 inaugurandum
1266 2845 1338 2871 adlit.
1355 2851 1386 2880 73
1402 2848 1523 2869 mentum
1537 2844 1586 2869 effe
1597 2843 1696 2870 famem
1710 2851 1716 2867 τ
1752 2844 1887 2878 potionis,
1908 2844 1987 2871 litim.
2043 2845 2098 2872 Cic.
2113 2846 2166 2872 Off.
2180 2855 2203 2879 3,
2218 2855 2262 2874 120
2282 2847 2326 2874 Na

291 2884 382 2912 lustin.
397 2881 420 2917 6.
434 2890 459 2916 ις
472 2882 505 2909 de
518 2881 692 2914 actionibus,
704 2880 873 2915 Appellamus
886 2886 972 2906 autem
986 2881 1014 2907 in
1027 2890 1084 2907 rem
1098 2881 1207 2916 quidem
1220 2880 1339 2907 actiones
1402 2877 1514 2904 buamus
1526 2878 1630 2913 aliquid
1643 2879 1791 2914 voluptati,
1812 2880 1975 2907 condimenti
1983 2881 2087 2908 fortasse
2100 2882 2332 2915 nonnihil‚vtilita
2345 2882 2352 2889 ¹
2373 2903 2374 2906 .

291 2916 502 2949 vindicationem
517 2918 545 2944 in
558 2918 696 2952 personam
709 2925 775 2943 vcro
789 2915 1026 2950 a&iones‚quibus
1039 2917 1101 2943 dare
1114 2923 1158 2944 aut
1167 2917 1253 2949 facere
1261 2926 1339 2951 opor-
1402 2914 1470 2940 nihil
1484 2913 1601 2941 habebit.
1674 2915 1730 2942 Cic.
1744 2916 1782 2949 Q
1792 2916 1874 2943 Fratr.
1890 2925 1910 2949 1,
1925 2925 1936 2943 1
1958 2917 2028 2944 Haec
2041 2917 2116 2945 illius
2129 2919 2254 2946 seueritas
2267 2916 2376 2946 acerb'a'

291 2963 347 2984 tere
368 2954 545 2982 contenditur.
583 2955 705 2980 Ponamus
727 2955 778 2978 iam
803 2951 960 2988 definitiones
981 2950 1168 2979 contlic'lionum
1194 2954 1338 2979 Hotomani.
1399 2956 1491 2983 retur,
1511 2950 1559 2976 nisi
1573 2951 1666 2978 multis
1679 2950 1854 2978 condimentis
1869 2951 2041 2979 humanitatis
2053 2953 2216 2982 condiretur.
2288 2955 2357 2985 Con
2366 2954 2373 2960 ¹

291 2991 435 3020 Condiffio
451 2991 524 3017 causa
543 2989 613 3021 dati,
633 2989 708 3015 causa
722 2997 777 3014 non
789 2988 898 3023 sequuta
918 2986 972 3021 (stc
992 2990 1055 3014 enim
1072 2989 1200 3025 legendum
1212 2991 1265 3021 ait,
1279 2999 1338 3021 non,
1401 2992 1458 3012 tum
1472 2986 1623 3020 amicitiae,
1644 2987 1759 3014 suauitas
1772 2995 1878 3014 morum
1891 2994 1917 3015 et
1929 2989 2081 3015 sermonum
2098 2989 2155 3016 Cic.
2172 2989 2204 3016 de
2219 2981 2379 3018 Amicit;6:·-'

291 3035 321 3056 vt
333 3026 366 3062 est
380 3030 407 3054 in
420 3026 493 3053 libris
502 3046 510 3058 ,
524 3026 607 3057 Data)
621 3023 654 3057 est
668 3023 746 3052 Actio
765 3026 793 3050 in
800 3023 930 3059 personam
939 3043 947 3056 ,
964 3029 1010 3058 per
1029 3033 1114 3059 quam,
1126 3027 1170 3060 qui
1182 3025 1278 3060 aliquid
1289 3034 1339 3051 cer·
1356 3029 1388 3056 80
1402 3021 1565 3056 Sapientiae,
1584 3029 1655 3050 aetas
1667 3023 1865 3050 condimentum
1879 3024 1925 3056 est,
1934 3024 2035 3059 sapiens
2047 3025 2128 3052 aetati
2142 3025 2218 3052 cibus
2230 3026 2267 3053 est
2285 3026 2376 3059 Pl'aut..
2417 3015 2429 3059 ἰ

291 3071 342 3091 tam
355 3063 383 3090 ob
401 3061 497 3098 causam
511 3061 578 3087 dedit
587 3081 595 3094 ,
613 3059 659 3093 nist
673 3060 746 3096 causa
752 3060 859 3096 sequuta
865 3058 918 3093 stt,
933 3058 961 3085 id
971 3056 1111 3091 estaeuera
1123 3067 1195 3096 atque
1209 3063 1235 3086 in
1249 3058 1338 3094 iffi-clu
1401 3066 1474 3084 num.
1488 3066 1515 3090 2,
1528 3067 1553 3090 2,
1566 3063 1605 3088 82.
1660 3059 1795 3092 facetiae,
1815 3059 1937 3086 omnium
1963 3060 2115 3088 sermonum
2147 3061 2316 3090 condimenta
2346 3061 2383 3090 ‘¹2
2422 3065 2425 3067 '

292 3097 399 3132 constet,
413 3098 440 3124 id
451 3100 557 3133 repetit,
570 3097 586 3123 l.
602 3105 611 3123 1
632 3096 663 3122 D.
679 3104 715 3128 12,
730 3103 751 3129 ς.
764 3102 790 3122 et
802 3100 861 3122 toto
875 3094 950 3122 tract.
970 3094 1002 3121 de
1016 3095 1130 3121 condiet.
1145 3097 1212 3123 caus.
1227 3095 1279 3122 dat.
1293 3104 1338 3122 etc.
1402 3094 1476 3120 Orat.
1490 3102 1515 3126 2,
1528 3102 1567 3128 171
1583 3104 1604 3121 c.
1619 3096 1663 3130 67.
1714 3095 1826 3122 Animus
1839 3103 1940 3131 aequus
1954 3097 2087 3132 optimum
2101 3097 2137 3124 est
2144 3106 2285 3126 aerumnae
2297 3107 2330 3126 co
2353 3103 2376 3121 ¹·-
2420 3110 2427 3128 ,ι

294 3134 440 3161 (Ξοῐιιὶἰᾶὶὶο
453 3133 517 3160 certi
527 3153 535 3166 ,
552 3131 586 3166 ‹st
597 3130 675 3159 Aetio
687 3135 710 3158 ei
722 3133 923 3167 competm15,qui
932 3129 984 3165 fibi
997 3133 1061 3157 certi
1075 3131 1172 3166 aliquid
1185 3131 1339 3167 darifieriue
1400 3135 1459 3156 tuin
1479 3129 1561 3156 Plaut.
1577 3130 1646 3157 Rud.
1660 3139 1684 3162 2,
1696 3139 1720 3164 3,
1734 3138 1773 3166 71.
2334 3156 2336 3163 ,
2364 3147 2375 3166 f
2432 3155 2435 3161 Α

286 3169 426 3205 stipulatus
439 3167 488 3202 est:
505 3176 535 3195 vt
545 3174 618 3203 patet
630 3177 658 3193 ex
678 3167 719 3194 tit.
735 3167 795 3193 Inst.
813 3167 845 3194 de
859 3166 934 3193 verb.
947 3165 1029 3201 oblig.
1049 3166 1078 3192 in
1091 3167 1174 3201 princ.
1189 3174 1213 3193 et
1227 3167 1243 3194 1.
1258 3176 1292 3201 24
1306 3168 1338 3194 D.
1437 3171 1455 3191 c
1465 3172 1594 3192 ONDIM
1605 3173 1622 3193 r.
1632 3173 1713 3194 ΝΤΑ
1723 3172 1828 3199 111ν3,
1842 3174 1872 3199 a,
1886 3175 1941 3194 um.
1980 3167 2042 3195 Adi.
2068 3168 2276 3205 [ἐρτυμαηκδς]
2315 3164 2379 3202 Vtfi‘.
2422 3194 2425 3199 ,
2442 3191 2444 3194 ,

296 3205 315 3233 si
337 3210 398 3231 cert.
418 3211 468 3239 pet.
540 3202 686 3231 Condifflo
705 3202 760 3229 dati
779 3202 815 3230 ob
833 3209 937 3238 turpem
956 3202 1000 3229 vel
1019 3202 1143 3229 iniustam
1164 3203 1281 3236 causam,
1304 3202 1338 3237 ψ
1356 3206 1385 3235 85
1401 3209 1440 3233 19,
1455 3206 1468 3231 8
1490 3201 1561 3228 Haec
1574 3201 1643 3237 apud
1655 3211 1703 3229 nos
1717 3202 1796 3230 habet
1810 3201 1968 3230 vocabulum
1981 3210 2008 3230 et
2021 3204 2111 3237 aliud,
2129 3205 2242 3232 satureia
2254 3204 2342 3238 dieta,
2353 3205 2384 3238 ’μ’
2424 3227 2428 3238 ,

294 3238 373 3269 Aelio
386 3242 413 3265 in
421 3239 549 3276 perfhnam
557 3259 566 3272 ,
581 3246 629 3275 per
642 3248 724 3276 quam,
738 3241 782 3274 qui
800 3240 871 3274 turpi
876 3236 1002 3271 *iniustaue
1015 3238 1043 3265 de
1056 3239 1128 3274 causa
1141 3238 1202 3275 quid
1213 3238 1290 3271 dedit,
1302 3238 1339 3274 fi-
1401 3237 1563 3264 dimentario
1578 3246 1681 3272 genere.
1737 3236 1816 3271 Subst-
1830 3241 1874 3274 qui
1885 3239 1988 3271 condit,
2004 3240 2167 3267 condimentis
2179 3240 2379 3278 adiicicndisffl
2425 3271 2427 3273 .

294 3275 392 3314 quidem
405 3277 432 3300 in
444 3278 577 3310 accipiente
583 3275 638 3311 fhlo
651 3274 780 3311 turpitudo
787 3274 864 3310 fuit,
877 3277 976 3310 repetit.
991 3273 1009 3301 l.
1025 3283 1034 3301 1
1048 3279 1074 3301 et
1085 3281 1137 3301 toto
1149 3273 1227 3301 traci.
1241 3274 1287 3301 lib.
1301 3284 1338 3309 ιε,
1401 3272 1532 3309 esculentis
1542 3281 1586 3300 aut
1594 3275 1736 3309 poculenti's
1746 3274 1872 3302 conciliat.
1927 3275 2041 3310 Metaph.
2067 3276 2154 3303 Doleo
2172 3276 2308 3304 Platonem
2325 3285 2343 3307 o
2359 3282 2377 3300 n:

296 3320 310 3347 5
322 3312 355 3339 D.
374 3310 405 3337 de
422 3310 537 3336 condiet.
555 3310 591 3337 ob
607 3316 676 3345 turp.
747 3309 893 3337 Condiffio
912 3318 943 3336 ex
963 3310 1038 3344 lege,
1065 3319 1108 3336 uae
1128 3317 1151 3336 et
1171 3310 1337 3338 condictitia
1401 3308 1597 3336 haereticorum
1609 3309 1849 3337 condimentarium
1862 3309 1962 3338 fae‘tum
1982 3311 2102 3339 Tei-tull.
2115 3312 2147 3339 de
2160 3312 2257 3339 Anima
2268 3322 2289 3339 c.
2304 3321 2342 3345 ²3-
2360 3316 2376 3343 ἴ

296 3357 328 3375 ex
344 3347 400 3382 lege
415 3348 572 3379 nominatur,
594 3346 742 3382 generaliter
763 3347 852 3373 Omnis
865 3346 1007 3382 personalis
1023 3319 1092 3373 agio
1109 3345 1219 3378 dicitur,
1232 3356 1291 3382 quai=
1310 3357 1339 3374 ex
1439 3349 1457 3371 C
1469 3351 1488 3371 Ο
1497 3351 1547 3372 ND
1557 3352 1566 3371 1
1576 3352 1626 3372 ΤΑ
1640 3352 1663 3372 Ν
1673 3353 1690 3373 E
1699 3353 1720 3372 V
1730 3353 1754 3379 S,
1760 3354 1846 3379 a‚11m.
1865 3347 1946 3373 Aliud
1957 3346 2018 3374 Adi.
2040 3346 2212 3382 [οέρτνο-ιμδς]
2230 3346 2342 3376 Auctore
2367 3352 2379 3373 ¹.

297 3384 346 3410 obli
365 3385 446 3410 atione
459 3380 586 3416 nascitur,
600 3390 671 3421 quam
690 3391 752 3408 noua
767 3381 884 3418 quaedam
896 3383 935 3408 Iex
948 3381 1190 3418 int›·oduxit,quae,
1215 3392 1243 3408 uo
1255 3392 1340 3419 genere
1357 3391 1393 3416 90
1403 3389 1426 3412 ι’,
1439 3388 1487 3414 194
1506 3381 1543 3407 est
1555 3381 1636 3415 Quod
1649 3381 1745 3415 condi,
1764 3381 1806 3408 vel
1815 3379 1925 3408 'condiri
1937 3382 2009 3409 refle
2022 3380 2114 3418 potest.
2151 3384 2237 3411 Varro
2244 3383 2276 3410 de
2290 3381 2383 3411 KR.

298 3393 408 3446 affigitis
433 3416 552 3453 agendum
574 3416 644 3450 (stet,
661 3427 709 3444 non
732 3420 810 3444 cauit.
846 3419 885 3444 De
910 3417 957 3444 hac
974 3416 1006 3450 1st
1031 3418 1072 3444 lex
1090 3427 1135 3444 vn.
1153 3417 1179 3444 ff.
1211 3417 1245 3444 ib.
1266 3427 1299 3451 13,
1313 3428 1339 3446 2.
1402 3417 1433 3443 In
1459 3423 1523 3451 agro
1547 3418 1628 3444 crafl'o
1652 3424 1678 3445 et
1700 3418 1786 3445 calido
1802 3416 1887 3444 oleam
1903 3418 2103 3452 condhaneam,
2120 3418 2226 3446 radium
2238 3419 2370 3451 maiorem

298 3453 491 3486 Condiffioeex
506 3451 632 3486 scriptura
643 3472 650 3484 ,
670 3451 702 3485 1st
714 3452 792 3480 Actio
804 3455 832 3479 in
844 3453 991 3490 personam,
1002 3459 1048 3488 per
1066 3463 1138 3490 quam
1150 3456 1189 3486 is,
1202 3456 1245 3488 qui
1260 3456 1288 3488 Jc
1298 3462 1340 3490 pe·
1404 3450 1512 3479 Ostrene
1532 3453 1606 3488 Apic.
1621 3461 1637 3486 9
1650 3463 1673 3480 c.
1685 3456 1711 3480 6.
1747 3453 1831 3480 Pisces
1848 3453 1886 3480 Id.
1899 3454 1916 3480 l.
1932 3453 2007 3490 ofin.
2326 3449 2330 3459 ⁸
2353 3472 2355 3476 .

297 3493 395 3517 cinziam
413 3490 489 3515 alicui
506 3487 589 3514 debere
600 3487 719 3526 scrip-lit,
732 3487 785 3522 stuc
798 3498 825 3515 ea
842 3495 969 3516 nimietata
980 3488 1033 3523 stt,
1046 3491 1100 3523 Jiue
1120 3499 1167 3516 non
1178 3487 1230 3523 fit,
1244 3491 1340 3525 Jolucre
1439 3489 1734 3523 CON'D1'1'AR1vs,
1742 3497 1767 3522 a,
1779 3497 1833 3516 11111.
1860 3489 1922 3516 Adi.
1964 3491 2014 3522 Vt,
2039 3489 2162 3525 Coquina
2173 3489 2325 3523 conditas-ia.
2345 3506 2360 3522 ι,

298 3528 413 3562 cogitur,
428 3523 485 3551 dum
498 3530 578 3550 tamen
587 3542 595 3556 ,
601 3527 626 3557 Ji
638 3524 697 3548 data
710 3533 758 3550 non
768 3523 806 3558 fit
816 3528 938 3560 pecunia,
946 3522 1002 3560 post
1015 3525 1138 3551 biennium
1149 3524 1216 3552 αὲἶὶο
1227 3526 1340 3552 intenda-
1401 3522 1461 3550 Ciu.
1475 3523 1527 3550 Dei
1546 3533 1590 3557 22,
1607 3529 1629 3555 8.
1790 3542 1792 3544 -
2336 3527 2358 3550 ι,

300 3568 351 3587 tur.
390 3561 457 3587 Nam
471 3566 545 3586 antea
561 3567 609 3585 non
622 3566 761 3585 nunu-ratae
770 3563 889 3595 pecuniae
901 3564 1040 3595 exceptione
1051 3560 1257 3593 excluditur-§vti
1275 3561 1343 3588 docet
1361 3566 1394 3593 95
1439 3564 1456 3586 C
1465 3564 1485 3585 0
1495 3566 1517 3585 N
1530 3565 1549 3586 D
1561 3567 1569 3586 1
1579 3567 1618 3587 'ri
1629 3564 1648 3587 c
1658 3566 1730 3592 IVS,
1755 3568 1780 3592 a,
1801 3569 1855 3586 um.
1875 3559 1936 3588 Adi.
1972 3560 2082 3589 Cibaria
2097 3559 2241 3588 eonditicia
2267 3559 2318 3588 Col
2337 3558 2372 3591 ff,-

302 3598 341 3624 lm
352 3602 424 3623 ierat.
438 3595 480 3622 tit.
495 3594 528 3622 de
541 3593 610 3622 liter.
625 3593 708 3628 oblig.
723 3599 748 3620 et
763 3595 780 3621 l.
792 3603 822 3628 ¹4
835 3596 865 3622 C.
879 3595 912 3622 de
926 3605 980 3623 non
994 3602 1124 3623 numerat.
1140 3605 1231 3631 pecun.
1270 3597 1340 3623 Con·
1403 3599 1427 3627 8,
1440 3602 1462 3620 2·
1499 3596 1592 3622 Melius
1599 3595 1633 3622 ad
1644 3595 1739 3623 Condo
1753 3595 1873 3632 refertur.
2047 3602 2050 3606 ’
2324 3596 2326 3598 ’
2361 3606 2367 3609 “

303 3627 347 3658 dic
361 3632 388 3657 io
406 3630 536 3662 indebiti,
554 3636 602 3666 per
620 3638 691 3666 quam
704 3629 741 3662 id,
755 3631 819 3665 quod
834 3637 881 3666 per
899 3641 1006 3659 errorem
1026 3641 1074 3659 non
1093 3632 1200 3659 debitum
1213 3631 1342 3668 soluimus,
1441 3635 1458 3656 C
1467 3635 1486 3657 0
1495 3635 1517 3656 N
1528 3638 1546 3658 D
1557 3639 1563 3656 1
1575 3638 1596 3658 T
1606 3639 1643 3658 ιν
1654 3638 1674 3656 ν
1686 3638 1710 3665 s,
1716 3641 1740 3665 a,
1747 3640 1802 3658 um.
1822 3631 1884 3658 Adi.
1919 3631 1996 3694 Qod
2007 3629 2106 3658 condiri
2114 3627 2204 3666 potest,
2224 3632 2265 3658 vel
2276 3641 2299 3658 c
2312 3645 2314 3650 ν
2325 3638 2332 3651 ·’

303 3666 374 3694 reddi
387 3666 456 3693 nobis
466 3664 633 3702 postulamus,
645 3667 686 3691 vti
699 3664 766 3691 docet
773 3666 869 3700 Imper.
883 3665 907 3703 §.
922 3675 931 3693 1
945 3667 1020 3708 quib.
1035 3668 1106 3695 mod.
1120 3676 1150 3695 re
1163 3667 1280 3694 conti-ah.
1295 3668 1342 3695 ob·
1405 3664 1553 3693 Conditiua
1565 3667 1634 3694 mala
1650 3667 1718 3694 Cato
1732 3668 1764 3694 R.
1778 3667 1810 3694 R.
1824 3674 1851 3701 7,
1864 3675 1886 3700 3.
1962 3667 2003 3695 ira
2026 3667 2114 3697 Varro
2126 3666 2156 3693 R.
2169 3667 2200 3694 R.
2214 3675 2235 3700 1,
2248 3675 2289 3701 59,

305 3703 351 3737 lig.
388 3703 418 3728 Et
431 3700 463 3735 est
477 3702 506 3728 de
523 3711 551 3729 ea
562 3701 625 3728 Tit.
645 3701 677 3728 D.
695 3709 730 3732 12,
745 3702 770 3727 6.
841 3701 985 3729 condictio
1004 3703 1160 3736 triticiaria,
1173 3701 1206 3737 {ft
1218 3701 1296 3730 AHio
1315 3707 1342 3730 in
1405 3701 1473 3728 Cato
1485 3703 1513 3735 6,
1528 3711 1546 3728 1.
1602 3702 1668 3729 Add.
1684 3702 1804 3730 Macrob.
1821 3703 1872 3730 Sat.
1885 3711 1909 3736 2,
1928 3710 1954 3736 ις
1973 3701 2048 3730 e11'6'.
2119 3702 2279 3733 Conditiuis,
2289 3700 2332 3738 cib

293 3737 428 3774 ⁴personam
439 3757 447 3769 ‚
458 3743 505 3798 per
523 3746 596 3774 quam
615 3745 656 3764 res
671 3745 767 3768 omnes,
780 3742 880 3770 excepta
893 3741 998 3772 pecunia
1012 3746 1157 3772 numerata,
1169 3737 1343 3773 condicuntm·,
1350 3748 1397 3766 100
1405 3745 1469 3764 nere
1481 3746 1559 3772 pecus
1579 3738 1637 3765 Col.
1650 3746 1677 3773 7,
1692 3747 1720 3772 9,
1732 3747 1758 3772 9.
1811 3739 1895 3765 Etiam
1915 3739 2002 3766 horum
2016 3735 2133 3774 quaedam
2144 3737 2179 3764 ad
2191 3737 2286 3767 eundo

301 3772 350 3805 siue
356 3771 410 3805 fint
421 3781 459 3798 mo
474 3774 534 3805 iles,
540 3771 593 3808 stuc
605 3771 746 3799 immobiles.
769 3771 895 3799 Vici-Tit.
909 3772 956 3799 lib.
972 3782 1006 3805 13,
1017 3782 1030 3806 3
1043 3775 1075 3801 D.
1088 3774 1121 3802 de
1132 3773 1247 3801 condi&
1261 3774 1342 3802 tritic.
1398 3781 1480 3805 tinere
1491 3774 1617 3801 videntur.
1740 3781 1741 3785 ¹
1985 3784 1997 3792 J

306 3809 375 3835 Haec
390 3804 485 3834 Hotom.
502 3807 543 3842 Est
560 3815 583 3835 ct
601 3808 632 3835 D.
649 3815 686 3840 12,
701 3814 718 3842 7
743 3806 888 3834 condictio
908 3807 960 3833 fine
978 3811 1067 3843 causa,
1081 3810 1099 3837 fi
1116 3810 1176 3846 quis
1193 3809 1247 3837 fine
1267 3812 1343 3838 causa
1442 3818 1460 3839 c
1471 3816 1566 3840 0ND1
1577 3817 1598 3837 'r
1609 3815 1704 3842 vnn,
1724 3817 1763 3836 ae.
1787 3809 1808 3835 f.
1843 3809 2006 3843 [sumantur
2025 3807 2096 3834 Jdem
2110 3807 2176 3843 quod
2191 3794 2292 3835 00ηᾶῖῆ

305 3841 441 3882 promisit,
484 3852 516 3870 ua
537 3843 618 3879 ipsam
635 3842 830 3878 obligationem
848 3842 981 3875 condicit,
999 3847 1018 3871 i.
1037 3849 1136 3882 repetit.
1191 3847 1223 3873 Et
1236 3845 1268 3872 D.
1283 3854 1318 3878 13,
1333 3855 1343 3873 1
1406 3850 1443 3875 tio
1456 3844 1596 3875 condiendi.
1647 3844 1827 3876 Coh1mel.'12,
1840 3853 1869 3878 4,
1882 3854 1902 3878 4
1921 3843 1987 3876 Vasa
2000 3848 2089 3870 autem
2103 3842 2251 3871 fictitia-vel
2261 3841 2290 3869 v*

304 3876 451 3907 Condietio
477 3879 564 3906 urtiua
573 3898 581 3912 ,
594 3888 642 3915 qua
654 3887 694 3906 res
706 3878 783 3914 furto
794 3878 878 3905 ablata
890 3881 1018 3914 repetitur.
1407 3884 1514 3918 potius,
1532 3890 1611 3916 quam
1625 3881 1720 3916 ampla,
1733 3886 1759 3906 et
1774 3888 1868 3910 eorum
1879 3878 1931 3906 alia
1937 3877 2009 3906 recte
2022 3880 2124 3914 picata,
2140 3877 2266 3906 nonnulla
2275 3883 2302 3904 ta
2311 3890 2324 3899 u

339 3919 574 3946 CONfflCTlCWS:
586 3923 610 3947 ὃ,
621 3921 677 3942 um·
702 3913 762 3942 Adi·
794 3913 996 3950 [3'10‘7100'1’1‘35]
1025 3915 1070 3950 Vt,
1082 3915 1161 3944 Aetio
1173 3915 1341 3950 condictitia,
1352 3923 1396 3951 105
1404 3925 1484 3954 prout
1495 3917 1616 3945 conditio
1630 3915 1784 3944 conditurae
1799 3914 1924 3948 exegerit.
1962 3914 2018 3959 Hac
2037 3910 2175 3943 conditura
2187 3921 2247 3942 com

630 3979 673 4004 w

2283 3954 2324 3967 ,1-4
