2474 4182
252 112 337 153 ¹083
614 100 649 140 C
736 100 771 138 O
854 98 901 137 M
1750 95 1785 134 C
1872 94 1908 134 O
1998 97 2046 137 M
2304 112 2368 152 108
2371 118 2395 157 4

256 192 352 218 Tenax
373 190 455 218 Ouid.
470 191 534 217 Met.
548 200 581 225 4,
603 198 660 223 377.
732 186 826 214 Villoli
845 187 995 221 complexus
1013 185 1064 213 vrsi
1083 186 1145 212 Stat.
1158 183 1250 210 Theb.
1271 184 1298 212 6,
1362 183 1452 214 solco,
1477 184 1693 219 Conuiuiumque
1712 183 1864 210 vicinorum
1884 183 2006 218 quotidie
2025 187 2151 221 compleo.
2222 187 2303 217 Ouid.
2314 191 2389 219 Trist
2435 195 2438 200 '

256 230 314 257 866.
533 235 545 252 2
584 225 707 252 formulae
725 223 852 249 verborum
868 234 874 248 :
912 222 1040 257 Abripere
1054 231 1068 248 a
1081 220 1235 254 complexu,
1255 218 1297 243 vel
1363 228 1392 251 4,
1409 227 1447 250 10,
1461 226 1495 252 77
1517 219 1547 244 Et
1561 219 1613 244 iam
1627 220 1772 254 complerat
1787 220 1891 254 genitor
1904 220 1948 245 sua
1961 220 2028 251 fata,
2052 224 2071 248 i.
2085 231 2191 251 mortuiis
2199 225 2290 261 ficerat
2350 213 2398 255 01]
2434 234 2436 245 ›

256 271 287 288 ex
303 261 457 296 complexu,
494 261 650 288 Abstrahcre
665 259 696 284 de
710 258 865 292 complexu,
901 259 1027 293 Accipere
1045 256 1228 290 complexum,
1246 252 1298 279 vid.
1364 254 1424 280 beni
1439 254 1481 279 Sol
1498 254 1641 287 compleuit
1654 255 1762 282 Tibull.
1779 265 1804 287 2,
1825 265 1853 289 4,
1873 260 1906 285 18.
1933 258 1951 281 i.
1973 255 2077 291 absoluit
2096 268 2191 285 minum.
2261 247 2341 288 Orbis
2357 271 2401 289 ana

255 298 296 324 his
312 298 401 324 Uerbis·
474 297 582 323 Ambire
597 296 713 329 aliquem
726 294 906 328 complexibus
920 294 1001 321 Ouid·
1012 295 1075 320 Met,
1091 301 1129 324 ¹2,
1142 296 1195 322 328-
1251 290 1299 314 Ar·
1366 298 1432 315 nnus
1446 289 1543 315 exactis
1560 289 1706 322 completur
1718 292 1847 317 inentibus
1862 292 1936 325 Virg.
1951 292 2017 317 Aen.
2029 299 2059 324 ς,
2072 294 2116 325 4⁶-
2186 296 2241 321 Cic.
2257 297 2309 322 Att.
2324 305 2347 329 13
2370 306 2402 332 34
2430 299 2432 303 '

256 343 315 360 cere
328 334 463 360 hominem
477 331 655 365 complexibus
668 330 780 356 alicuius
794 329 866 364 Virg.
881 331 944 356 Aen.
961 339 984 362 ς,
999 338 1060 364 742.
1132 326 1255 353 Auellere
1275 330 1299 349 ct
1324 329 1338 355 5
1367 325 1471 351 Etenim
1486 325 1547 350 haec
1561 324 1695 351 decantata
1707 333 1762 352 erat
1776 327 1879 357 fabula,
1900 327 1942 352 scd
1956 327 2088 361 complere
2102 328 2223 362 Paginani
2236 332 2318 357 volui.
2349 317 2390 360 ’Id

257 369 405 396 abstrahere
420 369 504 394 lilium
518 376 532 392 a
550 367 687 400 complexu
703 366 794 392 matris
807 366 863 392 Cic.
879 375 927 401 pro
940 367 1015 392 Font.
1025 367 1053 395 36
1073 372 1094 388 c.
1111 371 1147 397 ¹7-
1219 360 1300 387 Auul-
1367 362 1473 393 Vei-r.3‚
1485 363 1525 386 116
1546 368 1612 392 c.49
1632 361 1667 385 Vt
1680 360 1726 386 hac
1741 362 1794 395 ipsa
1808 363 1909 388 ratione
1924 364 2049 389 summani
2063 363 2115 389 niei
2127 364 2240 391 Promisli
2253 353 2398 400 compleam·
2435 383 2437 388 ,
2472 384 2474 387 .

259 406 315 431 sum
330 406 377 431 effe
392 404 527 437 complexu
542 402 653 428 alicuius
669 402 741 436 Visg'
756 402 821 428 Aen·
835 411 863 434 4⁵
881 404 935 428 6¹5·
1007 401 1119 426 ederem
1139 404 1163 424 et
1182 397 1299 422 ‘mmm‘
1364 399 1381 422 ¹⁴·
1392 396 1513 432 pracstcm
1523 416 1530 428 2
1546 395 1728 430 quodpromifi,
1789 398 1923 424 Saeculum
1939 398 2072 432 couiPlere
2086 399 2170 429 vitae,
2192 403 2210 425 i.
2222 409 2315 427 centum
2328 386 2402 432 annmt
2435 389 2438 401 ⁸
2451 419 2467 427 ..

259 442 349 468 omnia
362 439 498 472 complexu
518 439 564 463 suo
585 437 696 464 mundus
714 437 770 464 Cic.
786 437 818 464 de
832 438 927 464 Natur.
943 438 1022 462 Deor.
1037 443 1062 467 2,
1076 440 1112 466 55.
1185 434 1300 459 ciii-rere
1365 432 1524 468 aetottssuae
1538 439 1658 467 peragere
1677 431 1758 457 Ouid.
1773 433 1837 459 Met.
1851 442 1892 465 15,
1907 442 1952 467 595
1972 434 2000 459 de
2015 432 2133 460 Phoenice
2151 444 2205 461 auc.
2275 436 2409 466 Summam'
2461 423 2474 469 i

259 477 290 503 ad
303 475 468 509 complexum
482 479 507 499 ct
521 473 636 499 osculum
649 473 759 499 alicuius
773 473 845 499 Idem
860 475 912 499 Att.
929 482 963 502 12,
979 481 996 497 1,
1067 470 1136 496 Dare
1151 468 1301 502 complexus
1366 468 1422 494 Cic.
1437 477 1486 502 pro
1501 467 1583 493 Flacc.
1599 475 1635 498 32.
1707 467 1789 492 Ouid.
1802 468 1865 494 Met.
1879 478 1892 500 3
1902 490 1909 501 ‚
1931 479 1971 501 3¹2
1998 471 2169 503 Maternaque
2182 470 2320 506 Tempora
2335 481 2402 501 com·
2450 460 2460 502 ,-

259 513 338 538 alicui
351 509 431 536 Ouid.
444 510 509 536 Met.
528 517 564 541 10,
584 514 634 541 388.
707 509 848 535 Dimum-e
867 519 880 534 e
902 508 1040 542 complexu
1058 506 1174 540 aliquem
1194 505 1249 531 Cic.
1265 505 1303 534 Q
1320 511 1348 529 ιο
1367 504 1428 538 plet.
1464 503 1575 531 Bacchus
1588 501 1721 538 infrmorc
1735 504 1811 529 Iouis.
1882 505 1963 531 Ouid.
1978 506 2042 532 Met,
2061 514 2099 537 11,
2113 514 2153 537 3¹1
2434 490 2472 523 af

261 549 343 574 Fratr.
357 555 378 577 1,
392 554 410 577 3.
481 544 631 571 Distrahere
644 545 760 579 aliquem
781 554 794 571 a
808 545 946 578 complexu
967 545 1074 569 suorum
1096 541 1134 567 Id.
1147 549 1196 575 pro
1213 541 1301 565 Domo
1521 540 1556 565 Vt
1580 539 1623 563 sua
1642 544 1758 564 maturus
1777 538 1922 573 compleuit
1938 541 2078 576 Tempora
2098 546 2206 574 venter,
2433 536 2474 574 l«.

262 588 292 615 98
312 592 332 608 c.
350 589 389 615 37.
461 581 563 606 Fouere
582 587 652 608 artus
666 581 776 606 alicuius
795 581 933 614 complexu
953 578 1045 605 Claud.
1059 577 1091 603 de
1105 577 1178 603 Bello
1192 574 1300 601 Gildon.
1523 572 1641 606 Alipcdis
1663 573 1695 599 de
1713 574 1794 608 stirpe
1815 574 1859 600 dei
1878 577 1982 603 versuta
2001 585 2118 612 propago
2435 579 2451 591 *¹
2470 586 2474 598 ι

261 626 318 649 229.
368 616 525 642 Stat.Thcb.
542 625 579 648 10,
592 622 639 649 438
658 617 797 650 Laetisquc
815 617 873 641 suos
887 614 1068 649 complexibus
1081 613 1203 647 luiplent.
1252 611 1303 636 lm·
1524 610 1649 636 Nascitur
1673 609 1825 642 Autolycus.
2223 622 2226 623 ν

260 653 354 688 plicari
369 653 396 678 in
409 653 577 686 complexum
590 653 702 678 alicuius
714 652 809 678 Catull.
824 660 863 684 59,
878 656 929 681 ios.
1001 649 1078 683 Iungi
1092 650 1212 674 Vcnereo
1233 655 1303 671 com—
1367 645 1507 678 Tempora
1522 646 1565 671 sua
1578 644 1762 679 compleuiss'e,
1781 649 1800 671 i.
1815 653 1938 672 mortuum
1952 646 1995 680 effe
2007 648 2087 674 Ouid.
2104 648 2167 674 Met.
2183 653 2216 680 15,
2229 649 2283 676 816.
2323 645 2403 676 Tema
2421 667 2434 682 z·

262 689 339 724 plexu
353 689 408 714 Cic.
423 688 454 714 dc
467 688 558 714 Diuin.
573 697 596 719 2,
607 697 659 721 ¹43·
731 687 840 714 Luclari
854 687 992 721 complexu
1008 686 1073 711 Plin.
1088 694 1114 716 9,
1130 692 1167 714 30.
1239 683 1302 706 Ρεη·
1322 691 1346 716 ¹5
1366 689 1431 714 pora
1451 679 1540 707 debita
1558 682 1652 707 Parcae
1670 681 1832 716 complerant
1851 682 1948 716 Virgil.
1963 681 2027 709 Aen.
2047 692 2074 716 9,
2094 689 2147 713 108.
2220 682 2356 711 claudian.
2373 684 2405 713 de
2434 682 2437 701 :

262 725 322 751 dere
342 724 454 750 alicuius
473 723 610 758 complexu
626 723 748 757 colloque
763 723 836 757 Virg.
851 724 915 749 Aen.
933 730 958 753 1,
972 730 1029 756 719.
1101 719 1227 751 Recipere
1247 715 1302 740 sinu
1367 715 1431 742 Bell.
1453 716 1512 743 Get.
1541 725 1594 750 ¹43
2372 730 2388 737 ,.
2403 728 2405 731 .
2420 706 2436 734 tl

262 761 452 794 complexuque
471 760 587 794 aliquem
607 760 663 786 Cic.
678 759 789 793 Philipp.
805 767 827 791 3,
848 767 873 791 9.
945 757 1064 784 Reddere
1083 754 1215 791 expetitos
1234 759 1303 776 com·
1524 754 1597 778 Vnus
1618 752 1648 778 in
1667 751 1718 779 hoc
1734 753 1826 780 Stilico
1847 753 1956 780 diuersis
1975 753 2077 781 artibus
2093 754 2166 781 hoste

261 797 351 831 plexus
365 797 423 822 Seu.
436 795 549 828 Thycst.
563 800 617 828 508.
680 795 804 822 Retinere
817 794 845 821 vi
863 800 888 820 et
901 793 1039 826 complexu
1054 790 1170 822 aliquem
1185 788 1240 813 Cic.
1255 795 1303 821 pro
1524 788 1596 814 Tres
1615 789 1702 823 potuit
1719 790 1850 824 complere
1867 790 1960 822 duces,
1977 790 2113 825 ftegitque
2131 791 2266 817 furentem

263 832 345 858 Plane,
362 841 416 858 100,
487 832 597 858 Tenere
612 830 750 864 complexu
763 831 879 865 aliquem
892 829 1039 865 Virg3Aen.
1053 830 1076 856 8,
1090 829 1141 856 583-
1191 859 1196 863 .
1213 823 1303 862 Tepe-
1524 824 1696 857 CunGiando,
1718 825 1839 860 vicitque
1859 834 1954 858 manu,
1974 826 2129 861 victumque
2147 826 2253 861 relegat.

261 868 346 894 facere
361 876 458 902 vapore
470 874 495 893 et
508 867 647 901 complexu
660 866 761 901 aliquid
778 867 834 892 Cic.
847 866 879 891 de
892 863 990 890 Scneel.
1007 870 1039 889 51-
1110 858 1303 899 Trucidare'iii
1318 869 1353 886 20
1369 858 1526 893 Complere‚
1549 863 1567 886 i.
1581 860 1707 896 ipsesolus
1720 861 1825 897 rifi-rre.
1861 861 1909 889 Sed
1919 863 1965 888 alii
1977 863 2061 898 legunt
2073 862 2200 896 Superare
2215 862 2301 887 duces.

261 903 400 938 complexu
415 902 562 929 liberorum
576 909 601 928 et
613 903 755 936 coniugum
767 902 870 935 aliquos
884 899 920 925 ld.
935 906 983 932 pro
999 896 1091 923 Flacco
1104 903 1144 928 95.
1205 895 1303 921 Venire
1369 904 1388 926 i,
1410 902 1448 929 17,
1470 904 1482 926 3
1504 896 1675 924 Mortuerum
1693 897 1864 923 foetidissimo
1883 897 1966 924 odore
1986 898 2045 924 sana
2066 898 2184 924 iumenta
2203 896 2370 931 complentur.

262 939 290 965 iii
304 939 386 965 sinum
400 945 425 964 et
439 939 606 973 complexum
620 938 732 964 alicuius
747 938 801 963 Cic.
812 936 922 968 Philipp.
933 942 958 965 2,
972 935 1006 959 60
1023 941 1043 958 c.
1053 939 1087 971 ²5:
1119 966 1124 970 Ι
1205 966 1209 971 ¹
1248 927 1268 966 q
1290 939 1301 970 5
1368 937 1488 964 percunt.
1538 933 1578 959 Sic
1588 932 1649 959 libri
1664 932 1771 968 quidam.
1807 934 1852 959 Al.
1874 933 2098 968 Corrumpuntur.
2153 932 2201 960 sed
2214 931 2324 967 impleri
2338 941 2349 958 e

261 975 421 1009 Complexus
439 974 544 1011 absolute
558 981 608 1010 pro
627 975 731 1000 Veneres
751 975 825 997 coitu.
861 971 975 1001 Puerm,
994 968 1037 994 vel
1055 974 1172 1000 virgines
1192 965 1304 992 liberari
1368 965 1403 992 od
1414 970 1554 1002 contagium
1574 967 1684 1003 referri,
1701 968 1748 1004 suo
1763 970 1814 995 Ioco
1827 968 1946 996 docemus.
2143 966 2165 1006 q
2185 978 2205 1003 4
2241 969 2332 995 Graeco

261 1011 317 1045 post
330 1010 497 1045 complexum
517 1016 543 1037 et
562 1009 801 1043 dcuirginationem
822 1005 942 1032 Scribou.
960 1009 993 1034 ¹8-
1032 1003 1060 1043 dc
1078 1002 1200 1029 comitiali
1213 1002 1303 1028 morbo.
1368 1004 1508 1042 cn'amwcum
1523 1004 1636 1030 Giizitiuo
1654 1003 1806 1037 construitur
1820 1006 1871 1030 loco
1884 1004 2008 1032 Ablatiui.
2050 1005 2080 1031 V.
2095 1015 2120 1041 g.
2141 1005 2223 1031 Plaut.
2237 1004 2308 1030 Men.
2322 1010 2343 1036 5,
2358 1011 2380 1038 55
2408 994 2429 1040 ς’,

260 1045 281 1085 fl
300 1056 319 1080 4
355 1046 515 1081 Complexus
525 1045 598 1082 stirpe
612 1044 678 1078 apud
692 1042 789 1068 Fabium
799 1061 806 1073 ,
822 1049 870 1076 pro
885 1040 1095 1075 Comprehensione
1109 1045 1134 1078 et
1145 1035 1305 1069 circumflan-
1323 1046 1354 1072 25
1369 1039 1511 1070 ParasituS,
1529 1039 1576 1078 qui
1590 1048 1633 1065 me
1649 1040 1793 1074 compleuit
1806 1040 1902 1074 flagitii
1915 1046 1940 1066 et
1952 1040 2115 1067 formidinis.
2186 1040 2269 1067 Plaut.
2283 1037 2374 1074 Amph.

259 1086 308 1115 tia,
326 1089 355 1108 vt
368 1091 426 1114 2,1‚
438 1091 453 1114 9
471 1082 546 1108 Citra
560 1079 725 1112 complexum
738 1086 828 1104 reru-nl
842 1078 1076 1111 personarumque,
1091 1073 1186 1109 quibus
1201 1080 1306 1099 contro·
1369 1082 1396 1105 2,
1417 1082 1432 1106 9
1459 1074 1565 1100 Erroris
1584 1075 1664 1101 ambo
1682 1084 1732 1110 ego
1746 1076 1808 1102 illos
1829 1082 1855 1102 et
1874 1075 2021 1102 dementiae
2040 1075 2197 1111 complebo,
2217 1081 2295 1110 atque
2308 1083 2325 1101 ο

261 1118 360 1145 versiae
372 1118 548 1144 continentur.
613 1116 644 1140 lt.
657 1122 679 1146 5,
695 1123 732 1146 10,
748 1122 788 1145 ¹03
806 1113 938 1139 Plurimae
950 1111 1120 1146 probationes
1134 1110 1163 1135 in
1177 1109 1233 1143 ipso
1247 1117 1301 1135 cau·
1369 1109 1573 1143 Amphitruonis
1589 1111 1728 1138 familiam.
1779 1113 1917 1139 Praeteriti
1933 1111 2060 1139 contrafli
2077 1113 2208 1148 exemplum
2223 1111 2255 1145 est
2271 1110 2367 1145 Compi.

262 1156 347 1181 sarum
361 1153 497 1187 complexu
511 1151 686 1185 reperiuntur.
750 1149 806 1175 Cic.
821 1148 852 1175 de
866 1149 924 1175 Fin.
940 1156 964 1183 5,
977 1150 1007 1180 65
1027 1145 1113 1180 Serpit
1127 1144 1218 1171 sensim
1234 1145 1305 1171 foras
1370 1145 1476 1171 Lucret.
1490 1155 1519 1179 4,
1534 1154 1584 1180 171.
1611 1149 1641 1172 it.
1656 1149 1682 1179 6,
1695 1155 1747 1180 251.

261 1190 461 1224 cognationibus
477 1187 610 1221 primum,
629 1192 685 1212 tum
698 1183 887 1217 affinitatibus,
908 1183 1003 1210 deinde
1015 1181 1141 1209 amicitiis
1150 1200 1159 1213 ,
1176 1180 1249 1215 post,
1265 1180 1306 1206 vi—
1405 1187 1422 1208 C
1433 1186 1452 1206 ο
1463 1188 1487 1207 Μ
1499 1189 1513 1207 F
1524 1188 1540 1207 L
1552 1188 1568 1208 E
1581 1188 1602 1207 N
1614 1188 1638 1215 s,
1647 1183 1722 1210 entis.
1730 1183 1798 1210 Part.
1807 1183 1950 1218 Complens
1960 1184 2141 1210 iuramentum
2154 1182 2233 1219 Vulg.
2243 1182 2334 1211 Gener.
2341 1175 2378 1209 26⁴
2427 1180 2436 1220 t*

260 1224 411 1252 cinitatibus
432 1232 491 1249 cum
506 1222 626 1252 ciuibus,
645 1228 669 1247 ct
690 1221 740 1253 iis,
759 1221 807 1255 qui
827 1220 933 1255 publice
950 1219 1016 1246 socii
1034 1224 1113 1253 atque
1131 1217 1213 1243 amici
1231 1217 1305 1248 sunt,
1322 1227 1354 1251 30
1369 1219 1386 1242 i.
1405 1218 1517 1252 implens,
1732 1219 1738 1228 ·
2330 1228 2332 1233 ,
2369 1234 2371 1238 ,
2403 1215 2407 1220 “
2434 1222 2435 1241 3

260 1261 352 1287 deinde
367 1259 447 1285 totius
460 1258 599 1293 complexu
613 1257 698 1291 gentis
711 1256 848 1283 humanae.
1409 1258 1427 1278 C
1440 1258 1459 1278 O
1470 1260 1494 1279 M
1503 1260 1518 1279 P
1529 1260 1544 1278 L
1556 1254 1572 1280 ἐ
1581 1259 1632 1280 TV
1641 1261 1654 1281 s
1663 1274 1670 1287 ‚
1690 1263 1704 1280 a
1713 1274 1721 1287 ‚
1739 1264 1794 1281 um.
1831 1255 1924 1281 Partic.
1961 1254 2233 1290 [συμπιπλημωμὲνος]
2268 1254 2324 1280 Cic.
2337 1219 2411 1289 Aeg
2424 1254 2435 1282 l}

295 1301 534 1325 COMPLEXIO,
562 1294 630 1319 onis.
671 1293 691 1319 f.
734 1291 910 1326 [obusti-2255,
933 1289 1086 1324 συμπλοκῆ]
1133 1288 1217 1321 Idem,
1240 1286 1306 1324 quod
1371 1296 1457 1322 4,125
1477 1288 1560 1315 Tune
1579 1296 1624 1316 aut
1641 1290 1718 1316 inane
1738 1290 1886 1326 quidquam
1906 1296 1982 1325 putes
2002 1292 2068 1323 esse,
2087 1290 2169 1325 quum
2186 1291 2223 1317 ita
2242 1289 2369 1324 completa
2401 1288 2435 1317 Ti*
2460 1290 2474 1317 .i

260 1331 430 1365 Complexus.
472 1330 501 1357 V.
516 1339 541 1366 g.
559 1336 606 1365 pro
618 1329 719 1355 Ambitu
733 1328 872 1364 stritcntiae
890 1334 914 1353 ct
931 1326 1041 1361 periodo.
1078 1325 1134 1352 Cic.
1150 1325 1178 1350 in
1186 1325 1261 1351 Orat.
1277 1329 1306 1356 85
1372 1324 1491 1352 conferta
1504 1324 1552 1351 sint
1567 1326 1674 1359 omnia,
1693 1333 1738 1352 etc.
1810 1327 1934 1353 Ambitus
1953 1326 2086 1361 perfectus
2105 1326 2303 1361 completusque
2321 1334 2367 1353 ver
2382 1323 2383 1326 ¹
2428 1341 2429 1346 =
2450 1328 2455 1340 ’·

260 1368 318 1394 Nec
330 1366 473 1393 aceruatim
487 1366 571 1392 multa
585 1365 771 1398 frequentans,
788 1373 840 1390 vna
853 1362 1038 1397 complexione
1052 1361 1194 1387 deuinciet.
1236 1360 1306 1386 Lon·
1373 1369 1435 1386 rum
1455 1360 1495 1387 Id.
1511 1361 1539 1387 in
1555 1362 1629 1388 Orat.
1647 1364 1711 1392 168.
1789 1362 1899 1389 Caelum
1922 1362 2038 1388 humano
2060 1371 2156 1396 genere
2178 1362 2338 1396 completum

260 1403 358 1437 gissiuia
372 1402 406 1428 est
421 1402 503 1436 igitur
520 1401 670 1436 complexio
683 1399 844 1430 verborum,
864 1407 930 1434 quae
943 1398 1020 1425 volui
1037 1406 1092 1424 vno
1110 1396 1205 1431 spiritu
1223 1395 1306 1429 potest
1325 1403 1353 1430 35
1371 1396 1453 1423 Tusc.
1472 1405 1498 1429 1,
1516 1402 1556 1427 28.
1627 1398 1728 1424 Domus
1749 1399 1895 1433 completa,
1910 1405 1960 1434 pro
1975 1399 2050 1424 Plena
2069 1398 2108 1424 Id.
2121 1400 2174 1424 Att.
2188 1406 2209 1431 1,
2230 1402 2264 1427 18.
2332 1394 2429 1432 Legit»
2447 1414 2451 1419 .

262 1439 319 1466 Cic.
333 1439 364 1464 de
379 1440 452 1465 Orat.
466 1447 493 1471 3,
515 1445 570 1472 179.
641 1436 863 1470 Coniplexiones,
882 1434 1078 1469 copulationes,
1096 1438 1121 1458 et
1140 1431 1306 1458 adhaesiones
1371 1432 1501 1467 completa
1514 1442 1562 1467 per
1573 1433 1704 1468 maniplos
1726 1433 1770 1460 Sil.
1784 1439 1809 1466 8,
1824 1443 1875 1467 119.
1946 1435 2043 1460 Decem
2060 1434 2147 1460 millia
2165 1440 2327 1460 armatorum
2345 1440 2412 1460 com-
2454 1439 2459 1446 ¹

260 1474 298 1501 Id.
312 1474 343 1500 de
359 1475 416 1500 Fin.
431 1483 450 1506 i,
472 1482 508 1506 ¹9·
579 1472 672 1499 Breuis
691 1471 842 1506 complexio
863 1471 947 1497 totius
967 1468 1069 1504 negotii
1084 1468 1140 1494 Cic.
1155 1467 1187 1493 de
1202 1468 1304 1493 Inuent.
1371 1467 1441 1502 pleta
1460 1468 1529 1503 Nep.
1550 1477 1574 1501 1,
1595 1477 1616 1502 5.
1703 1469 1819 1497 Mundus
1842 1469 2016 1496 multitudine
2035 1470 2256 1496 consentientium
2273 1466 2430 1504 compleffii

262 1519 282 1542 1,
296 1512 331 1544 67
356 1519 378 1536 c.
392 1511 435 1536 26.
483 1507 551 1535 Add.
567 1508 650 1534 Tusc.
666 1515 678 1540 5
700 1516 721 1533 c.
736 1516 773 1533 10.
970 1503 991 1542 ff
1013 1513 1026 1530 2
1062 1504 1216 1530 Oratoriaiu
1235 1512 1305 1529 coiu—
1372 1504 1428 1530 Cic.
1443 1503 1474 1530 de
1488 1505 1581 1530 Diuiu.
1594 1513 1620 1537 2,
1635 1513 1675 1538 119
1695 1514 1716 1531 c.
1724 1510 1761 1538 58.
1816 1506 1916 1532 Rerum
1930 1505 2104 1532 humanarum
2118 1506 2189 1532 sorte
2201 1504 2330 1540 completa
2341 1505 2410 1533 Clist-

260 1544 456 1581 plexionemfic
469 1543 556 1579 definit
569 1543 667 1569 Cic.de
682 1544 855 1575 Inuent.1,4;
876 1540 1036 1576 Complexio
1048 1539 1092 1570 est,
1109 1540 1137 1565 in
1151 1548 1202 1574 qua
1216 1546 1306 1565 vtrum
1371 1548 1410 1572 10,
1424 1542 1448 1570 6,
1461 1542 1485 1565 6.
1561 1541 1611 1567 His
1625 1541 1704 1567 rebus
1718 1540 1872 1575 completis,
1895 1544 1914 1568 i.
1923 1549 1971 1576 prr
1988 1539 2050 1567 estis
2063 1542 2134 1568 Cae-s.
2149 1542 2177 1568 B.
2192 1541 2253 1567 Ciu.
2267 1549 2291 1573 3,
2302 1541 2358 1574 46.⁴
2434 1542 2438 1562 '.=

261 1582 412 1608 concesseris
422 1601 430 1612 ,
446 1579 663 1614 reprehenditur,
683 1578 715 1604 ad
737 1578 804 1604 hunc
822 1577 932 1604 moduni
947 1588 952 1603 ε
986 1576 1013 1603 Si
1031 1575 1168 1610 improbus
1189 1574 1240 1607 est,
1258 1584 1305 1602 cur
1319 1586 1357 1612 40
1408 1582 1425 1602 c
1437 1581 1456 1601 O
1468 1582 1492 1601 Μ
1506 1582 1521 1602 1²
1534 1582 1639 1603 LETE.
1676 1576 1744 1603 Adu.
1774 1577 1885 1612 Compar.
1924 1541 1991 1604 Geli..
2006 1586 2027 1610 1,
2040 1584 2058 1612 7
2083 1577 2152 1604 Illud
2172 1577 2244 1603 enim
2263 1575 2296 1602 sic
2311 1571 2412 1612 confi&-
2425 1594 2431 1600 .

261 1617 365 1645 vteris?
389 1616 426 1642 sin
440 1614 554 1649 probus,
573 1623 619 1640 cur
633 1615 754 1640 accusas?
791 1612 831 1646 Est
845 1616 926 1649 igitur
945 1612 988 1645 id,
1005 1611 1070 1648 quod
1083 1612 1214 1638 Dileinma
1234 1619 1306 1636 voca·
1371 1610 1449 1637 situm
1476 1611 1618 1638 iucundius
1645 1612 1676 1640 ad
1700 1620 1792 1640 aurem
1814 1612 2036 1648 completiusque,
2064 1620 2110 1640 etc.
2162 1614 2220 1641 Alii
2237 1613 2322 1649 legunt
2338 1611 2412 1651 Q&
2425 1622 2439 1635 ι

260 1660 303 1680 tur
317 1654 388 1680 alias.
423 1651 470 1678 Sed
481 1657 503 1676 et
516 1652 652 1686 generatIm
665 1649 885 1682 Couiplexioncni
899 1655 990 1675 vocant
1002 1649 1097 1674 Cicero
1110 1654 1133 1673 et
1146 1646 1307 1680 Qiinffilia-
1372 1647 1536 1681 plexiusque.
2336 1649 2348 1672 ρ,
2364 1644 2403 1674 ,··,«’μ;
2438 1641 2439 1647 ’

261 1697 308 1715 nus
322 1686 497 1720 Conclufioiiem
517 1689 543 1711 iu
556 1691 709 1721 argomento.
738 1683 848 1716 Qiinci.
857 1691 879 1716 5,
888 1692 927 1717 14,
936 1692 948 1716 5
968 1683 1177 1718 Epichireuiatos
1192 1688 1309 1717 quatuor
1408 1689 1425 1708 C
1434 1688 1485 1709 OM
1497 1688 1513 1707 P
1525 1688 1542 1707 1.
1551 1689 1569 1708 E
1580 1688 1602 1708 'r
1614 1691 1624 1709 1
1636 1689 1656 1709 0
1666 1703 1675 1716 ,
1693 1684 1761 1710 onis.
1794 1684 1814 1710 f.
1852 1684 1941 1711 Festus
1955 1695 1961 1710 :
1983 1684 2070 1719 Igitur
2082 1693 2132 1720 pro
2146 1681 2412 1719 completionisfignia

260 1730 285 1751 et
316 1723 451 1758 quinque,
483 1722 525 1747 sex
545 1722 626 1748 etiam
646 1719 731 1746 factae
752 1720 809 1746 sunt
834 1725 920 1753 partes
941 1727 955 1745 a
969 1718 1140 1752 quibusdam.
1211 1717 1307 1744 Cicero
1372 1717 1496 1744 ficatione
1511 1717 1591 1743 valet.
1648 1719 1697 1746 Sed
1714 1719 1816 1746 videtur
1834 1720 1961 1755 legendum
1976 1721 2194 1755 Complexioffis,
2213 1723 2231 1746 i.
2245 1718 2425 1754 Conclifionffii

261 1760 311 1792 (de
326 1760 428 1786 Inuent.
442 1767 462 1790 1,
479 1760 513 1793 67
533 1767 554 1784 c.
570 1760 619 1792 37)
638 1757 757 1791 quinque
776 1755 891 1781 maxime
905 1753 1041 1786 defendit,
1060 1759 1089 1779 vt
1106 1753 1136 1779 sit
1150 1753 1306 1793 propositio,
1321 1763 1355 1790 45
1371 1754 1412 1780 vel
1424 1753 1565 1789 syllogismi
1576 1752 1643 1780 adeo.
1697 1754 1855 1788 Prophetiae
1869 1755 2013 1790 completio
2028 1757 2135 1791 August.
2149 1755 2228 1791 Epist.
2242 1757 2290 1782 161.
2399 1763 2414 1773 u
2438 1743 2440 1777 ζ

261 1796 357 1822 deiude
370 1795 440 1822 ratio
460 1795 533 1826 eius,
550 1800 607 1819 tum
626 1793 745 1819 assumtio
766 1798 792 1818 et
808 1792 863 1818 eius
878 1789 1018 1825 probatio,
1039 1789 1131 1824 quinta
1146 1789 1306 1822 complexio.
1410 1794 1428 1814 C
1442 1794 1461 1814 O
1471 1795 1496 1815 M
1506 1796 1546 1815 PL
1556 1790 1678 1821 ETTOR,
1704 1791 1769 1816 oris.
1805 1798 1840 1816 m.
1875 1791 1928 1825 Qui
1948 1793 2059 1826 complet.
2095 1793 2225 1819 quencus
2243 1792 2272 1818 in
2282 1789 2416 1819 Manlum
2427 1784 2441 1828 1

261 1831 410 1859 Conficitur
430 1830 580 1865 complexio
606 1837 636 1855 cx
656 1828 836 1864 propositione
857 1833 883 1853 et
904 1826 1058 1853 assumtione
1077 1824 1133 1851 Cic.
1154 1823 1186 1849 de
1204 1825 1307 1850 Inuent.
1372 1824 1472 1858 Legum
1486 1824 1635 1859 completor
1647 1825 1725 1852 Iesus.
2380 1823 2416 1852 ijo-i
2438 1837 2439 1842 ,

263 1877 283 1901 1,
298 1871 336 1900 63.
416 1866 454 1893 Id.
469 1867 500 1893 de
512 1867 614 1892 Inuent.
630 1873 649 1896 1,
663 1870 695 1899 87
715 1864 767 1891 Hic
782 1873 864 1899 quum
885 1862 1037 1889 concesseris
1053 1869 1103 1896 pro
1122 1859 1262 1886 olitionem
1282 1865 1308 1886 et
1409 1867 1487 1887 (1οΜ
1497 1867 1512 1887 Ρ
1523 1866 1539 1886 L
1550 1866 1745 1892 ETORlVM,
1780 1861 1800 1887 i.
1840 1870 1866 1887 n.
1917 1858 2032 1895 Officium
2053 1868 2107 1890 erat
2128 1859 2329 1895 ecclqfiasticum,
2354 1858 2439 1897 quodi

261 1904 442 1930 affiinitionem
456 1922 464 1934 ,
495 1901 645 1936 complexio
670 1900 706 1926 est
733 1899 900 1926 infirmanda.
1099 1869 1120 1934 ξ
1154 1904 1166 1928 3
1203 1896 1308 1923 Vitium
1373 1895 1465 1923 diurna
1479 1894 1561 1931 officia
1575 1895 1716 1931 complebat,
1735 1902 1819 1930 nempe
1826 1902 1915 1930 preces
1927 1897 2041 1923 dicendae
2049 1897 2096 1933 sub
2110 1895 2193 1924 1106111
2203 1900 2314 1923 initium.
2351 1897 2431 1923 Hine-w

263 1937 372 1974 διαιρέσει
387 1938 567 1971 contrarium,
586 1936 659 1972 quod
672 1937 798 1972 ovini-iem
812 1941 837 1962 et
855 1933 998 1968 συναλυιφῆν
1019 1934 1114 1961 Graeci
1127 1937 1240 1964 vocant,
1259 1940 1309 1958 nos
1324 1939 1358 1966 50
1373 1931 1553 1966 Completorii
1573 1931 1654 1963 hora,
1680 1930 1747 1967 apud
1766 1930 1941 1966 Augustinum
1954 1942 1960 1958 :
1996 1939 2020 1960 et
2036 1935 2065 1959 in
2080 1934 2180 1968 Hymno
2198 1935 2300 1969 antiquo
2318 1931 2347 1958 de
2359 1930 2423 1968 Pas-¹

262 1975 483 2009 complexionem
496 1973 608 2000 dicimus
622 1971 732 2006 Qun&
747 1980 767 2004 1,
782 1980 804 2005 5,
819 1976 853 2001 18.
1050 1967 1072 2007 ff
1092 1978 1112 2002 4
1138 1968 1308 2002 complexio,
1366 1967 1436 2003 sione
1449 1970 1590 1995 Dominica.
1848 1972 1851 1977 ’
2261 1980 2264 1984 ⁴

258 2017 306 2046 pro
318 2012 430 2044 corporis
448 2009 535 2036 habitu
554 2016 577 2035 et
595 2014 791 2043 temperamento.
833 2006 951 2033 Firmico
964 2013 987 2039 5,
1000 2014 1017 2040 9
1046 2006 1077 2032 111
1090 2005 1188 2031 Tauro
1200 2004 1218 2030 fi
1233 2004 1309 2030 Luna
1410 2010 1427 2031 C
1437 2009 1457 2030 0
1466 2010 1490 2030 Μ
1501 2011 1517 2031 P
1527 2011 1544 2031 L
1553 2011 1570 2030 E
1579 2010 1603 2030 M
1613 2009 1630 2030 E
1641 2009 1664 2029 N
1678 2008 1701 2029 Τ
1712 2008 1734 2028 v
1743 2009 1768 2028 M
1777 2022 1786 2034 ,
1813 2001 1832 2028 i.
1869 2010 1895 2028 n.
1932 2001 2134 2037 [οἷναπλῆρωως]
2176 2002 2258 2035 Illud,
2277 2001 2341 2039 quod
2357 2010 2423 2030 comp

263 2045 346 2071 fuerit
359 2045 484 2076 inuenta,
503 2044 655 2077 quicunque
667 2043 699 2068 fic
712 2052 769 2069 eain
782 2042 935 2074 habuerint,
956 2046 1033 2068 erunt
1048 2039 1198 2075 tranquilli,
1212 2040 1309 2074 quieti,
1372 2040 1459 2075 plendi
1479 2046 1503 2067 et
1513 2038 1663 2075 perficiendi
1675 2038 1749 2074 causa
1759 2037 1872 2065 additur.
1926 2037 1982 2064 Cic.
1997 2038 2025 2064 in
2038 2038 2112 2065 Orat.
2125 2046 2174 2069 230
2199 2047 2220 2064 c.
2233 2040 2267 2070 69
2291 2036 2388 2063 Inculc
2400 2067 2407 2070 μ

263 2081 373 2113 alacres,
392 2079 477 2106 bonae
490 2077 698 2113 complexionis,
719 2078 799 2111 etqui
812 2086 827 2103 a
841 2078 942 2111 populo
955 2078 1071 2103 maxime
1084 2075 1238 2110 diligantur.
1374 2075 1491 2110 reperias
1518 2075 1609 2102 inania
1631 2074 1760 2110 quaedam
1788 2073 1871 2100 verba
1887 2093 1896 2106 ,
1932 2073 2003 2109 quasi
2025 2073 2217 2108 complementa
2241 2080 2366 2098 numeror-
2383 2084 2393 2107 ⁴)
2416 2087 2419 2089 Δ

300 2123 317 2143 c
328 2123 346 2143 ο
360 2123 386 2145 M
396 2123 410 2142 Ρ
420 2123 435 2141 L
445 2121 505 2141 Exl
515 2121 548 2141 M.
584 2112 653 2140 Adu.
690 2111 772 2139 Plane.
787 2112 867 2138 Poeta.
880 2119 903 2143 3,
922 2120 945 2143 3,
961 2116 995 2144 84
1022 2111 1193 2144 complexim
1207 2115 1310 2137 contre·
1328 2121 1358 2146 ςς
1376 2111 1510 2144 Compar-at
1526 2117 1611 2145 nempe
1628 2120 1681 2136 cum
1688 2110 1824 2146 fabrorum
1843 2116 1929 2144 opere,
1951 2112 1995 2145 qui
2016 2112 2083 2137 inter
2101 2111 2197 2135 maiora
2206 2107 2273 2145 saxa
2285 2107 2379 2143 infore*

263 2152 334 2180 &are
354 2151 503 2177 mulierem.
1375 2145 1472 2178 lapides
1494 2148 1602 2171 minores
1629 2145 1744 2179 explendi
1764 2145 1931 2180 aequandique
1954 2146 2044 2179 operis
2068 2145 2148 2181 cauflz.
2221 2143 2376 2170 Accusatio

301 2195 319 2215 c
333 2194 351 2213 o
364 2193 387 2213 M
401 2192 417 2212 r
430 2192 445 2211 L
455 2192 471 2212 E
481 2193 499 2212 x
511 2191 531 2210 ο
542 2205 550 2217 ,
576 2188 630 2210 are.
674 2183 755 2215 Idem,
775 2181 839 2218 quod
856 2180 1046 2216 Complector,
1070 2179 1202 2214 Corippus
1223 2187 1249 2211 1,
1268 2186 1311 2212 114
1377 2179 1500 2206 omnium
1515 2179 1740 2214 complementum
1757 2179 1899 2206 maiestatis
1914 2181 2016 2208 crimen
2029 2181 2098 2207 Tac.
2111 2181 2179 2207 Ann.
2191 2188 2215 2213 3,
2228 2184 2257 2212 38
2283 2177 2348 2216 quod
2365 2189 2367 2197 .

264 2225 388 2254 Portum,
407 2230 486 2256 quem
502 2220 621 2255 geminae
635 2218 801 2252 complexant
814 2217 921 2243 brachia
936 2217 1018 2250 ripae.
1379 2222 1418 2242 ret
1432 2221 1515 2249 nempe
1524 2215 1620 2250 semper
1628 2235 1637 2247 ,
1657 2222 1680 2241 et
1693 2216 1753 2241 aliis
1766 2215 1912 2242 criminibus
1918 2216 2018 2251 pondus
2030 2215 2140 2243 adderet.
2163 2238 2167 2241 ,

301 2255 768 2288 COMPLExATvs,a‚um.Part.
786 2252 976 2288 Apul.Met.10
988 2260 1013 2285 p.
1027 2259 1079 2285 249
1097 2250 1229 2278 Artiffime
1242 2257 1312 2275 com·
1414 2257 1611 2283 COMPLEx,
1647 2250 1700 2277 vid.
1725 2257 1938 2278 COMPLICO.

266 2296 456 2331 plexatumme
469 2299 555 2319 totum
567 2290 671 2326 prorsus
685 2289 793 2323 recepit.
1247 2319 1254 2324 ·
1327 2293 1364 2318 60
1414 2292 1663 2319 COMPLEX10,
1694 2291 1950 2320 cometexvs,
1985 2286 2039 2314 vid.
2069 2291 2363 2315 COMPLECTom:

303 2337 319 2358 c
328 2337 347 2357 o
356 2337 379 2356 M
389 2337 404 2356 r
414 2335 454 2355 LE
464 2336 482 2355 x
492 2329 534 2354 iv
545 2334 565 2352 v
576 2335 689 2359 s,a,um.
710 2325 770 2352 Adi.
791 2324 960 2360 Copulatiuus.
997 2321 1065 2348 Gell.
1081 2329 1119 2353 10,
1131 2328 1166 2354 29
1184 2319 1316 2347 Particula
1364 2330 1373 2339 a
1415 2327 1432 2347 c
1442 2328 1461 2348 0
1470 2328 1495 2348 M
1505 2328 1520 2347 P
1530 2320 1637 2353 Lico,
1658 2321 1688 2348 ui
1702 2328 1725 2348 et
1737 2322 1798 2357 aui,
1816 2324 1883 2348 'itum
1904 2329 1928 2348 et
1945 2327 2017 2349 atum
2026 2343 2035 2355 ,
2055 2327 2108 2349 are.
2141 2322 2313 2356 [συμπλέκω]
2362 2317 2369 2328 ”

267 2367 354 2401 Atque
367 2373 422 2391 non
435 2369 536 2391 tantum
550 2362 731 2397 complexiua,
748 2360 791 2387 sed
804 2361 860 2387 vim
873 2359 952 2385 habet
965 2356 1118 2393 plusculam.
1380 2363 1403 2382 et
1412 2357 1532 2391 plicando
1544 2358 1642 2393 longum
1654 2357 1753 2392 aliquid
1764 2357 1798 2384 ad
1808 2361 1905 2384 minora
1912 2359 2001 2393 spatia
2012 2358 2132 2395 redigere.
2167 2359 2251 2385 Plaut.
2265 2352 2371 2392 Ruti-403

304 2408 321 2428 C
335 2409 353 2429 O
366 2407 389 2427 Μ
400 2407 414 2426 1³
426 2407 442 2426 L
453 2407 516 2433 ΕΟ,
540 2399 599 2430 eui,
626 2402 716 2430 ctum,
742 2401 795 2424 cre.
831 2394 1002 2430 [ἐναπληρόω,
1026 2390 1190 2427 συμπληρόω,
1216 2400 1314 2417 curma-
1380 2391 1452 2417 Dum
1465 2391 1530 2418 hanc
1545 2393 1597 2419 tibi
1617 2392 1773 2426 rudentem,
1793 2402 1871 2427 quam
1891 2394 1973 2420 trahis
1994 2395 2135 2428 complico.
2207 2394 2265 2420 Cic.
2278 2394 2334 2420 Ati.
2385 2425 2388 2426 .

268 2437 379 2471 κλήᾶω]
419 2437 511 2463 Totum
529 2437 637 2471 implere.
679 2434 749 2461 Caes.
766 2432 833 2459 Bell.
845 2430 916 2457 Gall.
935 2438 964 2470 5,
984 2438 1015 2462 39
1041 2428 1130 2455 Castra
1148 2431 1315 2462 oppugnant,
1382 2428 1473 2460 Quini
1491 2428 1679 2461 complicarem
1694 2427 1760 2455 hanc
1778 2428 1931 2463 epistolam,
1950 2428 2170 2463 noetuabundus,
2189 2435 2236 2455 etc.
2292 2417 2420 2465 Confl.„·sl

264 2474 360 2500 ‘fossam
374 2472 514 2507 complent.
569 2470 670 2498 Orbem
683 2469 797 2503 complet
810 2467 895 2503 gloria
908 2464 989 2493 Ouid.
1003 2466 1069 2492 Met.
1085 2472 1122 2496 12,
1136 2465 1188 2493 618.
1236 2462 1315 2488 Com·
1330 2467 1363 2499 65
1381 2462 1413 2489 ad
1426 2463 1555 2496 QFratr.
1568 2470 1591 2495 3,
1605 2471 1624 2493 1,
1636 2470 1658 2495 5.
2406 2462 2408 2466 ’

269 2509 341 2543 plere
364 2507 396 2535 ad
419 2508 556 2540 medium,
579 2514 603 2533 et
621 2514 703 2540 vsquc
722 2506 751 2531 in
770 2506 902 2530 summum
922 2500 1054 2529 Columel.
1073 2499 1106 2526 de
1123 2498 1222 2525 Arbor.
1236 2504 1315 2537 4,,5.
1417 2504 1598 2525 commit:
1610 2499 1734 2530 Arvs,
1760 2505 1785 2524 et
1805 2505 1956 2526 COMPLI
1968 2505 2106 2532 cmvs,
2125 2508 2155 2531 a,
2174 2507 2229 2525 um.
2264 2499 2333 2525 Part.
2383 2517 2385 2519 -
2405 2527 2409 2531 ‚

270 2543 416 2580 Accusatiui
440 2542 548 2579 quidam,
569 2542 655 2578 quibus
673 2544 788 2577 iungitur
805 2541 850 2567 boc
868 2537 976 2565 verbum.
1020 2536 1077 2564 Cic.
1093 2535 1122 2562 in
1140 2535 1229 2561 Somii.
1248 2533 1316 2567 Scip.
1381 2533 1433 2561 Off.
1448 2542 1478 2566 3,
1495 2536 1531 2569 76
1559 2543 1582 2560 c.
1596 2542 1624 2566 ¹9
1651 2533 1678 2560 Si
1698 2533 1759 2568 quis
1780 2534 1898 2561 voluerit
1919 2535 2004 2561 animi
2021 2535 2063 2562 sui
2086 2534 2269 2569 complicatam
2285 2533 2406 2560 tration-⁴

271 2589 292 2608 c.
308 2587 320 2613 5
342 2579 408 2612 Qiis
428 2578 470 2605 hic
491 2579 616 2613 inquam,
637 2577 697 2612 quis
717 2576 770 2608 est,
789 2576 836 2611 qui
856 2574 971 2609 complet
992 2573 1076 2600 Aures
1094 2579 1164 2597 meas
1184 2574 1270 2596 tantus
1289 2573 1316 2594 et
1380 2569 1525 2603 euoluere,
1549 2572 1567 2595 i.
1587 2579 1638 2596 rem
1651 2569 1776 2604 obscuram
1795 2567 1930 2606 diligent'er
1943 2569 2074 2606 cogitando
2087 2570 2242 2606 liquidiorem
2259 2575 2283 2596 et
2296 2570 2397 2596 clarior

272 2622 326 2643 tain
345 2613 430 2641 dulcis
449 2614 549 2640 sonus?
619 2613 743 2647 Aequora
761 2612 871 2638 fremitu
893 2609 1025 2645 complere
1042 2609 1161 2642 Propert.
1172 2614 1199 2638 2,
1220 2607 1259 2637 16,
1275 2611 1315 2639 37·
1380 2605 1490 2633 reddere.
1545 2604 1624 2632 Pedes
1638 2605 1786 2640 compliciti
1800 2605 1878 2640 Apul.
1890 2606 1953 2633 Met.
1966 2614 1984 2639 9
2002 2615 2027 2640 p.
2043 2607 2098 2638 236.
2180 2623 2183 2626 -
2392 2620 2399 2625 -
2413 2629 2417 2635 ,

274 2653 378 2686 Aquam
401 2649 532 2684 complere
552 2648 646 2675 Pallad.
667 2647 726 2674 oei.
748 2656 794 2681 14,
812 2656 829 2674 2
863 2645 896 2679 qli
919 2654 982 2682 aqua
1002 2642 1090 2676 hausta
1109 2642 1169 2679 vasa
1190 2641 1363 2683 complcre.70
1417 2647 1617 2674 COMPLEx,
1646 2641 1703 2666 i'cis.
1748 2640 1840 2667 Isidor.
1859 2641 1936 2675 Orig.
1956 2649 1991 2667 10
2019 2641 2060 2667 lit.
2081 2641 2110 2667 C.
2135 2639 2280 2675 Compkx,
2304 2637 2352 2674 qui
2422 2635 2438 2654 ¹.

273 2687 349 2714 Atria
366 2685 510 2712 vlulatibus
528 2683 609 2711 Ouid.
626 2685 689 2710 Met.
703 2692 732 2716 5,
747 2692 796 2715 153-
869 2681 944 2708 Atria
963 2680 1129 2715 complentur
1147 2676 1225 2705 turba
1243 2675 1318 2716 Idem
1382 2683 1490 2712 peccato
1504 2677 1547 2703 vel
1561 2676 1690 2709 crimine,
1710 2676 1789 2703 alteri
1803 2676 1840 2702 est
1852 2677 1994 2711 applicatus
2007 2677 2039 2703 ad
2051 2676 2160 2703 malum.
2215 2675 2343 2702 Criminis
2431 2704 2433 2709 Ι

273 2724 340 2750 Met.
357 2730 379 2755 5,
396 2730 420 2748 2.
493 2721 576 2747 Auras
593 2719 735 2746 vlulatibus
750 2719 832 2746 Ouid.
846 2717 911 2745 Fast.
926 2719 953 2749 6,
966 2725 1015 2750 513.
1086 2716 1169 2741 Aures
1190 2713 1317 2739 sermoni·
1380 2714 1461 2748 plices
1482 2713 1654 2745 exstiterunt,
1680 2712 1727 2747 qui
1745 2721 1799 2738 non
1818 2713 1973 2742 detexerunt
1992 2712 2061 2739 faeta
2080 2712 2194 2747 raptoris
2214 2710 2324 2738 Cassiod.
2337 2717 2380 2744 5,’
2415 2710 2418 2721 ‘

273 2759 322 2785 bus
341 2757 477 2785 Claudian.
498 2756 576 2783 Cons.
594 2754 672 2782 I'rob.
693 2760 717 2780 et
736 2754 815 2787 Olyb.
833 2763 867 2786 31.
939 2752 1048 2779 Caelum
1067 2749 1181 2778 horrido
1200 2748 1316 2775 clamore
1382 2749 1500 2776 Caeteris
1515 2748 1692 2783 complicibus
1708 2747 1830 2782 oppressis
1846 2748 1936 2775 Sidon.
1951 2749 1998 2782 Ep.
2012 2753 2036 2781 8,
2050 2756 2082 2774 11.
2142 2747 2232 2774 Seciae
2245 2747 2327 2782 impia
2343 2746 2363 2777 ¹.

275 2795 333 2822 Sen.
346 2794 425 2820 Herc.
435 2793 496 2820 Oet.
510 2796 569 2827 798.
639 2791 746 2818 Cornua
760 2791 849 2817 Lunae
863 2791 888 2816 se
902 2789 1003 2816 lumine
1018 2787 1150 2822 complent
1163 2785 1238 2819 Virg.
1251 2785 1316 2810 Aen.
1382 2785 1462 2820 plices
1476 2784 1599 2811 Prudent.
1613 2784 1643 2810 in
1659 2784 1780 2811 Romano
1801 2793 1825 2810 v.
1839 2789 1896 2814 822.
1955 2783 2015 2811 Vid.
2033 2786 2106 2811 etiam
2125 2783 2165 2810 Id.
2178 2784 2298 2810 Hamart.
2310 2783 2418 2816 ὄψῳ
2432 2805 2437 2812 .

276 2839 297 2861 3,
311 2832 370 2862 643.
412 2828 459 2856 Vbi
472 2827 588 2859 Seruius,
608 2826 672 2853 Ideo
686 2827 711 2852 se
725 2834 822 2852 cornua
836 2826 926 2851 Lunae
941 2824 1084 2858 complent,
1099 2822 1162 2857 quia
1173 2822 1249 2847 suum
1263 2827 1318 2846 non
1336 2831 1368 2860 75
1383 2820 1485 2848 Arnob,
1498 2829 1512 2853 3
1536 2829 1560 2855 p.
1577 2829 1627 2853 ¹23·
2188 2836 2203 2855 ·.
2331 2814 2345 2838 'J
2360 2839 2362 2841 ,
2409 2832 2419 2847 e

275 2865 355 2892 habet
368 2865 474 2897 lumen,
493 2863 535 2890 sed
549 2863 644 2897 accipit
660 2871 674 2888 a
688 2862 756 2889 Sole.
828 2862 926 2887 Forum
940 2860 1065 2894 plangore
1084 2864 1110 2885 et
1128 2856 1318 2884 lamentatione
1420 2863 1437 2884 C
1447 2862 1525 2883 οΜΡ
1536 2863 1552 2882 L
1563 2856 1654 2889 6130,
1675 2855 1711 2888 fi,
1730 2855 1803 2887 sum,
1823 2856 1877 2882 ere.
1913 2855 2085 2890 [σνγκροτέυ]
2119 2854 2247 2891 Aduerflzs
2259 2862 2349 2881 monus*
2367 2857 2382 2874 ι’
2400 2856 2409 2863 ”
2430 2863 2438 2885 ,“

277 2902 333 2928 Cic.
346 2901 373 2927 in
387 2901 460 2927 Orat.
475 2908 520 2932 ¹31·
592 2898 738 2925 Hominem
752 2896 884 2931 complere
897 2895 965 2922 bona
979 2896 1020 2929 spe
1035 2895 1107 2921 Caes.
1115 2893 1180 2921 Bell.
1191 2892 1283 2924 Ciu.2,
1291 2899 1317 2924 4.
1382 2902 1432 2919 cem
1450 2891 1563 2918 collidere
1577 2903 1584 2917 .-
1613 2891 1678 2928 quod
1686 2891 1750 2927 fieri
1757 2890 1875 2927 pluribus
1892 2889 1921 2916 de
1934 2892 2012 2925 cmfis
2019 2891 2086 2927 μω
2100 2901 2107 2915 ,-
2120 2894 2121 2898 ’
2139 2892 2180 2917 vel
2197 2890 2232 2916 ad
2249 2888 2368 2926 testfflc
2430 2887 2433 2902 ³

276 2938 381 2964 Horrea
395 2935 513 2962 iiiessibus
536 2935 633 2961 Lucan.
647 2943 670 2967 3,
682 2935 725 2960 66.
781 2933 874 2959 Litora
889 2931 1054 2966 complentur
1067 2930 1156 2963 bello,
1186 2927 1230 2955 Ad
1241 2928 1318 2954 litora
1382 2937 1448 2955 more
1456 2927 1612 2964 feminarum
1631 2927 1736 2954 dolorem
1749 2937 1757 2951 .·
1785 2928 1825 2953 vel
1836 2933 1901 2961 prae
1916 2926 2024 2962 gaudio,
2045 2927 2086 2952 vel
2099 2933 2145 2962 per
2158 2926 2268 2962 subitam
2285 2925 2350 2952 adm
2368 2942 2369 2945 ,
2399 2924 2416 2948 Ἰ.

276 2975 441 3000 committitur
449 2972 574 3007 praelium
589 2970 677 2997 Valer.
690 2970 790 3003 Argon.
801 2973 824 3001 8,
840 2972 888 3000 138.
958 2966 1051 2993 Litora
1075 2966 1145 2992 laeto
1157 2963 1320 2998 complerant
1382 2973 1452 2996 nem,
1472 2965 1525 2994 uel,
1535 2962 1561 2997 Ji
1591 2972 1633 2989 uae
1641 2963 1705 2999 sum
1717 2963 1780 2989 aliae
1792 2963 1885 2998 caufize.
1940 2963 2008 2989 Haec
2029 2962 2102 2988 Valla
2115 2972 2141 2994 4,
2152 2972 2177 2997 9.
2248 2959 2359 2995 Quin&¹
2378 2981 2379 2984 ,
2406 2972 2414 2995 χ
2430 2980 2431 2989 ,

277 3014 354 3035 coetu
369 3007 444 3042 Virg.
461 3008 526 3033 Aen.
541 3013 563 3040 5,
578 3012 632 3041 107.
703 3005 805 3031 Locum
818 3002 951 3038 complere
965 3001 1070 3034 dicitur,
1087 3010 1148 3037 quae
1162 3001 1239 3026 locum
1252 3007 1318 3025 occu·
1334 3005 1367 3031 80
1383 3008 1406 3032 3,
1420 3008 1459 3031 ¹23
1483 2999 1570 3033 Comp
1581 2998 1662 3026 odere
1674 3007 1781 3029 manus,
1801 2998 1931 3024 scenicum
1942 2997 1994 3028 est,
2014 3002 2039 3024 et
2052 2997 2142 3032 peetus
2157 2996 2272 3024 caedere,
2324 2996 2375 3024 Pe.
2414 2988 2422 2999 ⁸

273 3051 322 3079 pat
338 3046 426 3080 ingens
439 3042 569 3070 multitudo
583 3041 623 3068 Id.
638 3042 704 3068 Aen.
719 3050 741 3074 3,
754 3048 792 3075 71.
845 3039 947 3066 Locuni
957 3046 1052 3072 magno
1066 3038 1170 3071 agmine
1188 3034 1319 3068 complere
1385 3040 1411 3065 18
1431 3034 1577 3069 Complosis
1590 3033 1710 3061 manibus
1721 3033 1751 3060 in
1762 3034 1846 3060 risum
1858 3033 1938 3059 effusa
1950 3032 1994 3059 est.
2050 3032 2098 3061 Sed
2112 3040 2156 3068 137
2173 3034 2208 3059 At
2220 3032 2267 3060 illa
2281 3041 2350 3059 com·

280 3079 353 3113 Virg.
368 3082 432 3105 Acii.
446 3080 472 3111 6,
485 3086 541 3113 712.
595 3078 666 3104 Loca
678 3077 729 3103 late
743 3073 830 3102 milite
842 3075 992 3110 complent,
1028 3076 1047 3099 i.
1068 3072 1190 3099 militibus
1205 3069 1319 3097 1d.Acn.
1371 3070 1523 3103 .manibus,
1542 3070 1682 3102 scelerate,
1697 3072 1796 3106 inquit,
1816 3070 1895 3095 ctiam
1909 3068 2048 3104 loqueris?
2103 3070 2135 3096 Et
2155 3077 2190 3095 20
2215 3067 2348 3103 complofi
2373 3095 2375 3099 ,

281 3123 306 3146 2,
318 3122 377 3147 495.
446 3114 548 3140 Locum
562 3113 677 3148 querelis
692 3113 796 3138 Lucret.
811 3120 837 3144 2,
850 3115 903 3144 338.
973 3108 1044 3136 Loca
1062 3108 1152 3141 vagitu
1168 3105 1206 3133 Id.
1221 3113 1244 3139 ς,
1257 3113 1317 3139 227.
1382 3115 1431 3134 nus
1446 3106 1501 3134 risu
1514 3114 1576 3132 ineo
1590 3105 1706 3140 prodita,
1724 3104 1811 3132 ridem-
1822 3105 1877 3141 rijiz
1895 3107 2020 3131 nimirum.
2075 3106 2114 3132 De
2129 3104 2181 3140 risu
2199 3107 2273 3130 etiam
2293 3112 2326 3137 ²4
2369 3128 2376 3135 ,,

281 3150 389 3176 Moenia
404 3150 505 3185 ingenti
519 3149 633 3176 clamore
646 3148 721 3183 Virg.
735 3148 800 3174 Aen.
812 3156 839 3180 9,
852 3154 891 3179 39.
947 3145 1067 3172 Mulieres
1086 3141 1214 3177 compleri
1235 3141 1321 3167 dicun-
1383 3142 1460 3178 plosit
1483 3142 1529 3169 illa
1554 3142 1670 3169 tenerius
1690 3149 1791 3168 manus.
1853 3142 1891 3167 De
1911 3140 2069 3176 miseratione
2087 3149 2121 3174 34
2146 3139 2292 3175 Complosit
2309 3138 2340 3166 T
2355 3137 2372 3154 '-

281 3192 339 3215 ιιιν,
359 3194 410 3211 cum
425 3188 566 3220 concipiunt
581 3191 659 3212 utero.
713 3183 816 3210 Lucret.
831 3191 865 3216 4,
884 3188 949 3217 ¹270
975 3179 1140 3208 consuerunt
1160 3179 1244 3205 scorta
1265 3185 1321 3203 mo·
1336 3181 1366 3212 ες
1381 3178 1444 3205 chio
1467 3186 1567 3204 manus.

282 3220 350 3252 vei-i,
370 3220 412 3246 Ne
423 3220 625 3255 complerentur.
695 3218 827 3246 Mundum
840 3225 946 3245 omnem
962 3215 1001 3243 sol
1016 3215 1059 3242 sua
1071 3214 1128 3241 luce
1135 3213 1250 3248 complet
1263 3212 1319 3239 Cic.
1421 3219 1439 3240 c
1450 3220 1526 3240 OMP
1535 3221 1551 3240 1.
1563 3219 1582 3240 o
1592 3220 1611 3240 1)
1620 3219 1637 3240 E
1646 3220 1668 3240 N
1677 3220 1702 3246 s,
1717 3211 1780 3239 ntis.
1800 3212 1868 3238 Part.
1893 3210 2020 3247 Apuleius
2035 3219 2051 3244 9
2065 3219 2090 3246 p.
2102 3218 2153 3244 235,
2161 3219 2188 3243 33
2208 3209 2369 3237 Hortulanu'

283 3255 314 3282 de
330 3256 427 3283 Natur.
442 3257 520 3283 Dcor.
536 3265 560 3287 2,
575 3264 625 3289 119.
697 3253 798 3282 Nemus
812 3261 878 3281 voce
891 3252 1011 3280 HoratAE
1031 3250 1074 3278 od.
1088 3252 1115 3283 6,
1128 3258 1154 3283 9.
1167 3284 1172 3289 .
1189 3284 1194 3289 .
1224 3249 1283 3274 Liu·
1299 3255 1320 3281 ς,
1385 3249 1538 3281 miseratus,
1564 3248 1676 3284 suosque
1695 3248 1767 3276 casus
1786 3247 1903 3282 grauiter
1923 3247 2095 3283 ingemiscens
2129 3260 2175 3267 —-
2211 3253 2362 3280 vacuasqu,

284 3301 310 3319 21
331 3291 439 3318 Clamor
451 3292 540 3318 omnia
553 3292 635 3319 variis
652 3305 698 3310 —
722 3290 834 3317 vocibus
863 3304 909 3309 -—-
938 3296 1014 3322 comp
1026 3292 1060 3314 et.
1115 3284 1213 3312 Sedilia
1228 3284 1320 3311 Claud.
1383 3294 1432 3312 nus
1448 3284 1627 3319 complodens.
1747 3290 1749 3295 ⁴
2357 3301 2362 3308 .

284 3328 313 3354 in
327 3328 434 3361 Eutrop.
450 3335 468 3357 i,
481 3334 542 3360 470-
613 3326 710 3354 Sedilia
724 3327 786 3353 flatu
799 3327 894 3352 Horat.
908 3324 936 3351 in
950 3325 1013 3350 Arte
1027 3324 1098 3349 Poct.
1113 3328 1170 3354 203·
1209 3323 1227 3346 ι’.
1249 3319 1321 3382 irpin-
1420 3327 1496 3348 com
1505 3327 1520 3347 r
1529 3327 1545 3347 1.
1554 3327 1573 3347 o
1582 3327 1594 3347 s
1604 3326 1625 3346 v
1634 3327 1663 3352 s,
1682 3328 1713 3353 a,
1731 3328 1786 3347 um.
1822 3319 1890 3346 Part.
1931 3319 1981 3352 Vt,
1989 3324 2093 3355 praeter
2104 3315 2194 3350 dista,
2206 3316 2358 3352 complosa

284 3366 366 3395 tione,
378 3368 401 3388 ct
409 3362 471 3398 sono
484 3363 611 3389 tibiarum.
681 3361 781 3394 Sidera,
793 3368 819 3388 et
832 3369 935 3391 manes,
946 3365 971 3386 et
985 3358 1067 3386 vndao
1081 3356 1175 3384 scelere
1190 3364 1265 3390 comp
1278 3355 1322 3382 eui
1334 3364 1371 3390 90
1385 3356 1443 3391 pius
1457 3365 1549 3383 manus
1563 3356 1620 3396 Sen.
1633 3355 1666 3382 de
1677 3356 1719 3382 Ira
1733 3363 1754 3388 1,
1765 3363 1783 3381 ι.
2342 3361 2348 3372 v

286 3407 346 3425 mco
363 3398 420 3424 Sen.
434 3397 543 3432 Hippol.
557 3405 617 3424 1211.
689 3397 807 3433 Spatium
825 3395 896 3424 antri
914 3403 966 3422 vox
985 3393 1100 3429 complet
1116 3392 1212 3419 Lucan.
1229 3399 1254 3423 5,
1268 3399 1321 3425 154.
1421 3397 1548 3420 COMPL
1558 3398 1650 3424 ono,
1665 3395 1718 3418 are.
1745 3388 2104 3430 [’‘“'7⁰‘'‘3*⁰‘¹'⁰'2·5>som259054m]
2139 3381 2350 3423 Simulplommh.

286 3435 388 3461 Terras
404 3433 475 3468 larga
490 3433 547 3458 lucc
561 3433 602 3459 Sol
618 3433 731 3468 complet
745 3433 800 3460 Cic.
815 3432 847 3459 de
859 3432 922 3459 Nat.
937 3431 1017 3458 Deor.
1030 3439 1053 3462 2,
1066 3437 1111 3464 49.
1170 3428 1202 3454 Et
1221 3426 1324 3454 Lustrat
1386 3435 1410 3461 ς,
1424 3436 1455 3461 39
1474 3427 1642 3461 Complorati
1654 3435 1745 3453 omnes
1761 3425 1860 3460 pariter
1874 3426 1944 3458 viui,
1961 3425 2125 3460 mortuique,
2142 3428 2225 3451 totam
2239 3432 2320 3459 prope
2332 3433 2369 3451 tv,
2414 3429 2416 3433 ·

288 3476 313 3496 et
327 3469 441 3504 complet
451 3469 495 3495 sua
512 3469 569 3494 luce
585 3468 676 3494 cimela
689 3469 732 3495 Sol
750 3468 790 3496 Id.
805 3468 836 3495 dc
850 3468 938 3495 Sonin.
952 3467 1018 3501 Scip.
1033 3475 1060 3492 ιο
1085 3474 1108 3491 c.
1121 3473 1149 3498 4.
1219 3462 1323 3488 Terrae
1385 3463 1506 3490 lamentis
1530 3462 1718 3497 impleuerunt.
1793 3461 1996 3496 Comploratum
2020 3460 2125 3496 publice
2143 3458 2180 3485 est
2201 3458 2272 3486 Flor.
2291 3467 2324 3492 2,
2356 3459 2373 3492 J-

288 3505 464 3532 rcnouatione
476 3503 597 3539 stirpium
612 3504 776 3538 complentur
789 3504 846 3531 Cic.
861 3503 894 3530 de
908 3501 1004 3530 Natur.
1019 3502 1098 3528 Deor.
1113 3508 1135 3530 2,
1149 3505 1194 3532 12³7
1213 3506 1235 3524 c.
1249 3506 1273 3531 51
1294 3498 1324 3524 de
1385 3500 1530 3527 Fortunam
1543 3498 1709 3533 complorare
1727 3496 1858 3537 Qiinctil.
1873 3497 1944 3523 Decl.
1959 3498 1998 3523 16.
2067 3496 2122 3523 Cic.
2137 3503 2187 3529 pro
2200 3495 2289 3521 Domo
2304 3498 2366 3534 98.
2410 3514 2412 3517 .

283 3541 426 3576 scminibus.
620 3536 640 3575 q
665 3548 680 3565 2
712 3539 841 3566 Ablatiui:
868 3539 899 3566 Sc
912 3537 974 3565 cibo
988 3537 1044 3564 Cic.
1058 3536 1091 3563 dc
1102 3535 1165 3563 Nat.
1173 3534 1205 3560 D.
1219 3541 1234 3560 2
1253 3542 1325 3567 c.49.
1338 3546 1371 3573 93
1386 3534 1484 3562 Videre
1502 3539 1675 3569 praetextatos
1693 3533 1817 3560 inimicos
1836 3533 1954 3559 nondum
1972 3537 2059 3558 morte
2077 3530 2241 3564 complorata
2259 3529 2330 3557 arbi·
2396 3524 2419 3558 s..

290 3576 374 3603 Caede
389 3575 480 3608 omnia
500 3573 599 3602 Sallust.
612 3573 730 3609 Iugurtli.
752 3584 772 3601 c.
791 3582 833 3607 92.
903 3573 1018 3601 Coronis
1039 3577 1064 3598 ct
1081 3569 1191 3598 floribus
1209 3568 1325 3603 aliquem
1385 3576 1470 3598 tentes
1484 3570 1594 3597 funeris.
1645 3569 1750 3596 Penates
1769 3568 1935 3603 complorare
1953 3567 2036 3594 Ouid.
2049 3565 2137 3593 'ri-ist.
2151 3572 2171 3596 1,
2185 3573 2238 3598 395.
2300 3595 2310 3600 -
2351 3567 2375 3599 .,’
2402 3563 2410 3594 ζ
2426 3565 2427 3587 1

290 3611 420 3645 complere
440 3611 496 3638 Cic.
509 3612 586 3638 Verr.
606 3620 638 3645 4,
659 3616 714 3644 107.
784 3609 954 3637 elamoribus
974 3608 1064 3635 omnia
1083 3608 1186 3634 Lucret.
1206 3613 1240 3637 4,
1264 3612 1325 3631 iou.
1422 3611 1527 3633 COMP
1540 3605 1745 3637 ιοιυῐτνε,
1779 3602 1817 3630 us.
1853 3613 1889 3630 m.
1932 3600 2119 3638 [δλυφυρμᾰς]
2175 3602 2227 3634 Vt,
2246 3597 2375 3636 'compl
2402 3602 2419 3637 ῥ’

291 3647 446 3674 Commodis
459 3647 578 3682 corporis
590 3646 673 3672 vitam
686 3644 788 3671 beatam
800 3645 927 3679 compleri
941 3650 1031 3680 putant
1042 3643 1098 3672 Cic.
1111 3641 1144 3669 de
1155 3639 1242 3668 Finib.
1252 3648 1275 3673 3,
1285 3648 1325 3673 43.
1386 3641 1456 3668 iusto
1468 3641 1594 3676 prosequi
1607 3645 1727 3667 mortuos
1742 3639 1803 3667 Liu.
1814 3646 1852 3673 25,
1864 3641 1906 3666 26.
1978 3637 2164 3671 Comploratus
2176 3637 2344 3664 familiarum
2356 3646 2371 3654 2
2406 3643 2410 3645 '

291 3682 432 3716 Voluptate
450 3683 553 3709 animus
573 3681 718 3716 completur
736 3681 792 3707 Cic.
807 3680 884 3706 Acad.
899 3690 934 3714 4,
950 3687 1001 3713 125.
1076 3676 1229 3712 Compleuit
1244 3683 1325 3702 annos
1387 3686 1445 3704 cere
1461 3676 1522 3704 Liu·
1537 3684 1586 3709 22,
1599 3683 1640 3710 53i
2318 3675 2322 3681 ⁸
2353 3686 2356 3693 ¹

292 3724 412 3749 centum,
448 3722 467 3744 i.
493 3721 560 3745 vixit
572 3717 610 3744 Id.
624 3717 655 3744 de
668 3715 767 3743 Sene&
784 3723 808 3747 13
836 3724 856 3741 c.
871 3722 892 3748 ς.
963 3714 1104 3750 complere
1123 3719 1202 3748 atque
1219 3709 1251 3738 ad
1273 3711 1381 3741 exi-100
1423 3718 1503 3740 com
1514 3718 1530 3738 r
1542 3718 1558 3738 L
1569 3717 1746 3743 ORATIO,
1775 3709 1844 3736 onis.
1886 3709 1906 3735 f.
1949 3705 2116 3743 [ΐλόφνρσις]
2159 3708 2300 3743 lamentati

291 3758 347 3779 tum
361 3753 500 3788 perducere
513 3753 615 3788 aliquid
628 3753 683 3780 Cic.
696 3751 727 3778 de
739 3752 840 3778 Inuent.
852 3759 877 3782 2,
893 3751 948 3782 169.
998 3751 1074 3778 Fletu
1094 3747 1225 3784 complere
1237 3747 1327 3773 omnia
1389 3750 1431 3781 26,
1446 3756 1476 3781 29
1500 3746 1686 3782 Coniploratio
1705 3753 1815 3777 eorum,
1833 3742 1987 3781 flebilesque
2003 3750 2089 3768 voces.
2161 3744 2249 3771 Fletus
2266 3747 2292 3769 et

291 3788 364 3815 Caes.
378 3788 442 3815 Bell.
455 3789 522 3815 Gall.
536 3797 559 3822 5,
573 3797 608 3821 33.
678 3786 721 3814 Sol
736 3787 826 3814 onmia
846 3785 935 3812 lustrat
955 3791 982 3812 et
998 3784 1112 3820 complet
1132 3783 1177 3812 sua
1195 3782 1252 3810 luce
1269 3781 1324 3808 Cic.
1388 3784 1466 3811 ratio.
1473 3783 1512 3810 sui
1526 3783 1678 3818 patriaeque
1693 3781 1796 3816 fregere
1809 3780 1898 3806 virum
1910 3778 1950 3807 Id.
1962 3786 1989 3810 2,
2009 3785 2033 3810 2,
2046 3786 2073 3810 4.
2142 3776 2295 3806 Lamemabi
2324 3798 2338 3807 Δ.

291 3825 379 3851 Somn.
393 3823 459 3857 scip.
481 3833 502 3850 c.
516 3833 542 3857 4.
611 3823 702 3851 Odore
716 3822 835 3858 corporis
853 3820 984 3855 complere
1003 3821 1110 3854 omnia,
1133 3822 1164 3846 it.
1177 3818 1237 3847 vini
1249 3823 1327 3851 atque
1388 3819 1521 3853 ploratio,
1542 3818 1594 3845 oid.
1617 3824 1634 3844 1.
1644 3824 1699 3844 AM
1708 3822 1787 3844 ΕΝΤ
1797 3821 1818 3843 o
1828 3822 1857 3842 R.
1926 3813 2072 3841 Mulierum
2086 3813 2260 3849 comploratio
2271 3812 2331 3840 Liu.
2361 3846 2363 3848 Ι

292 3858 418 3894 vnguenti
432 3858 469 3885 ld.
483 3860 558 3886 Verr.
572 3868 596 3892 3,
609 3868 644 3892 3¹·
716 3859 764 3893 Spe
777 3857 893 3892 aliquem
907 3857 979 3883 Caes.
992 3857 1020 3884 B.
1035 3858 1065 3884 C.
1081 3864 1107 3890 2,
1119 3865 1152 3891 4,
1273 3852 1294 3889 q
1313 3862 1325 3886 3
1390 3854 1575 3889 comploratio
1588 3859 1646 3880 orta
1659 3851 1697 3880 Id.
1712 3859 1734 3884 i,
1740 3858 1779 3884 41.
1850 3849 1940 3877 Iustin.
1957 3857 1990 3882 11,
2002 3857 2018 3881 9
2038 3849 2156 3878 lnuicem
2168 3850 2194 3876 se
2205 3847 2347 3883 amplexae,
2357 3857 2373 3872 i.
2411 3854 2418 3863 ³

291 3896 392 3922 formae
410 3895 493 3921 oliae.-
523 3895 579 3921 Cic.
594 3895 625 3922 de
638 3893 738 3923 Sentiet.
752 3895 789 3927 46
817 3894 892 3926 Qiac
908 3892 1016 3927 quidem
1036 3892 1065 3920 in
1081 3890 1184 3920 Sabini·
1205 3889 1327 3926 perloqui
1338 3899 1382 3927 ¹05
1389 3889 1477 3918 statim
1489 3890 1654 3923 moriturae,
1672 3885 1909 3922 complorationem
1928 3884 2074 3923 ediderunt.
2308 3903 2313 3907 -
2348 3890 2351 3892 ·
2413 3884 2418 3891 ’
