<?xml version="1.0" encoding="UTF-8"?>
<!DOCTYPE html PUBLIC "-//W3C//DTD XHTML 1.0 Transitional//EN"
    "http://www.w3.org/TR/xhtml1/DTD/xhtml1-transitional.dtd">
<html xmlns="http://www.w3.org/1999/xhtml" xml:lang="en" lang="en">
 <head>
  <title>
</title>
<meta http-equiv="Content-Type" content="text/html;charset=utf-8" />
  <meta name='ocr-system' content='tesseract 3.04.00' />
  <meta name='ocr-capabilities' content='ocr_page ocr_carea ocr_par ocr_line ocrx_word'/>
</head>
<body>
  <div class='ocr_page' id='page_1' title='image "./lta-11000/novuslinguaeeter01gesn/novuslinguaeeter01gesn_0039.png"; bbox 0 0 2474 4182; ppageno 0'>
   <div class='ocr_carea' id='block_1_1' title="bbox 693 47 1548 98">
    <p class='ocr_par' dir='ltr' id='par_1_1' title="bbox 693 47 1548 98">
     <span class='ocr_line' id='line_1_1' title="bbox 693 47 1548 98; baseline -0.005 -8"><span class='ocrx_word' id='word_1_1' title='bbox 693 48 1064 98; x_wconf 68' lang='lat' dir='ltr'><strong><em>EORVMQVE</em></strong></span> <span class='ocrx_word' id='word_1_2' title='bbox 1113 47 1548 96; x_wconf 81' lang='lat' dir='ltr'>AVCTORIBVS.</span> 
     </span>
    </p>
   </div>
   <div class='ocr_carea' id='block_1_2' title="bbox 58 144 1078 319">
    <p class='ocr_par' dir='ltr' id='par_1_2' title="bbox 58 144 1078 319">
     <span class='ocr_line' id='line_1_2' title="bbox 58 144 1078 209; baseline -0.015 -13"><span class='ocrx_word' id='word_1_3' title='bbox 58 157 278 209; x_wconf 86' lang='lat' dir='ltr'>„innumeris</span> <span class='ocrx_word' id='word_1_4' title='bbox 294 153 380 191; x_wconf 89' lang='lat' dir='ltr'>locis</span> <span class='ocrx_word' id='word_1_5' title='bbox 396 150 639 201; x_wconf 84' lang='lat' dir='ltr'>castigauimus,</span> <span class='ocrx_word' id='word_1_6' title='bbox 653 156 688 184; x_wconf 86' lang='lat' dir='ltr'>et</span> <span class='ocrx_word' id='word_1_7' title='bbox 702 160 749 184; x_wconf 82' lang='lat' dir='ltr'>ex</span> <span class='ocrx_word' id='word_1_8' title='bbox 769 146 940 196; x_wconf 85' lang='lat' dir='ltr'>postrema</span> <span class='ocrx_word' id='word_1_9' title='bbox 955 144 1078 183; x_wconf 89' lang='lat' dir='ltr'>editio-</span> 
     </span>
     <span class='ocr_line' id='line_1_3' title="bbox 59 200 1077 262; baseline -0.015 -12"><span class='ocrx_word' id='word_1_10' title='bbox 59 244 80 262; x_wconf 92' lang='lat'><strong>„</strong></span> <span class='ocrx_word' id='word_1_11' title='bbox 96 225 138 250; x_wconf 90' lang='lat' dir='ltr'>ne</span> <span class='ocrx_word' id='word_1_12' title='bbox 155 212 305 248; x_wconf 87' lang='lat' dir='ltr'>Venetiis</span> <span class='ocrx_word' id='word_1_13' title='bbox 331 209 451 247; x_wconf 85' lang='lat' dir='ltr'>excusa</span> <span class='ocrx_word' id='word_1_14' title='bbox 470 206 512 243; x_wconf 83' lang='lat' dir='ltr'>ad</span> <span class='ocrx_word' id='word_1_15' title='bbox 532 202 658 252; x_wconf 85' lang='lat' dir='ltr'>infigne</span> <span class='ocrx_word' id='word_1_16' title='bbox 681 203 825 248; x_wconf 85' lang='lat' dir='ltr'><strong>Sirenis,</strong></span> <span class='ocrx_word' id='word_1_17' title='bbox 873 214 961 252; x_wconf 81' lang='lat' dir='ltr'>quae</span> <span class='ocrx_word' id='word_1_18' title='bbox 980 200 1077 247; x_wconf 85' lang='lat' dir='ltr'>supra</span> 
     </span>
     <span class='ocr_line' id='line_1_4' title="bbox 58 255 1078 319; baseline -0.016 -15"><span class='ocrx_word' id='word_1_19' title='bbox 58 275 244 319; x_wconf 85' lang='lat' dir='ltr'>„quatuor</span> <span class='ocrx_word' id='word_1_20' title='bbox 267 263 361 302; x_wconf 90' lang='lat' dir='ltr'>mille</span> <span class='ocrx_word' id='word_1_21' title='bbox 384 259 631 301; x_wconf 88' lang='lat' dir='ltr'>vocabulorum</span> <span class='ocrx_word' id='word_1_22' title='bbox 670 269 714 294; x_wconf 89' lang='lat' dir='ltr'>ex</span> <span class='ocrx_word' id='word_1_23' title='bbox 746 255 989 306; x_wconf 83' lang='lat' dir='ltr'>probatissimis</span> <span class='ocrx_word' id='word_1_24' title='bbox 1018 264 1078 289; x_wconf 87' lang='lat' dir='ltr'>au-</span> 
     </span>
    </p>
   </div>
   <div class='ocr_carea' id='block_1_3' title="bbox 57 312 1098 371">
    <p class='ocr_par' dir='ltr' id='par_1_3' title="bbox 57 312 1098 371">
     <span class='ocr_line' id='line_1_5' title="bbox 57 312 1098 371; baseline -0.016 -10"><span class='ocrx_word' id='word_1_25' title='bbox 57 351 81 371; x_wconf 88' lang='lat'>„</span> <span class='ocrx_word' id='word_1_26' title='bbox 96 320 250 360; x_wconf 64' lang='lat' dir='ltr'>&amp;oribus</span> <span class='ocrx_word' id='word_1_27' title='bbox 266 316 426 366; x_wconf 77' lang='lat' dir='ltr'>acceffiffe</span> <span class='ocrx_word' id='word_1_28' title='bbox 439 314 613 365; x_wconf 85' lang='lat' dir='ltr'>gloriatur,</span> <span class='ocrx_word' id='word_1_29' title='bbox 625 313 785 358; x_wconf 82' lang='lat' dir='ltr'>omniain</span> <span class='ocrx_word' id='word_1_30' title='bbox 799 312 951 349; x_wconf 86' lang='lat' dir='ltr'>nostrum</span> <span class='ocrx_word' id='word_1_31' title='bbox 961 319 1077 345; x_wconf 86' lang='lat' dir='ltr'>exem·</span> <span class='ocrx_word' id='word_1_32' title='bbox 1094 317 1098 322; x_wconf 90' lang='lat'>·</span> 
     </span>
    </p>
   </div>
   <div class='ocr_carea' id='block_1_4' title="bbox 58 362 1082 1026">
    <p class='ocr_par' dir='ltr' id='par_1_4' title="bbox 58 362 1082 1026">
     <span class='ocr_line' id='line_1_6' title="bbox 58 362 1076 427; baseline -0.018 -11"><span class='ocrx_word' id='word_1_33' title='bbox 58 407 82 426; x_wconf 89' lang='lat'>„</span> <span class='ocrx_word' id='word_1_34' title='bbox 99 376 170 427; x_wconf 86' lang='lat' dir='ltr'>plar</span> <span class='ocrx_word' id='word_1_35' title='bbox 186 373 428 419; x_wconf 73' lang='lat' dir='ltr'>transtulimus,</span> <span class='ocrx_word' id='word_1_36' title='bbox 455 379 490 407; x_wconf 93' lang='lat' dir='ltr'>et</span> <span class='ocrx_word' id='word_1_37' title='bbox 511 367 710 418; x_wconf 75' lang='lat' dir='ltr'>prosodiae,</span> <span class='ocrx_word' id='word_1_38' title='bbox 735 366 769 404; x_wconf 89' lang='lat' dir='ltr'>id</span> <span class='ocrx_word' id='word_1_39' title='bbox 790 367 858 412; x_wconf 86' lang='lat' dir='ltr'>est,</span> <span class='ocrx_word' id='word_1_40' title='bbox 884 362 1076 416; x_wconf 81' lang='lat' dir='ltr'>quantitatis</span> 
     </span>
     <span class='ocr_line' id='line_1_7' title="bbox 60 415 1077 481; baseline -0.019 -11"><span class='ocrx_word' id='word_1_41' title='bbox 60 462 83 481; x_wconf 93' lang='lat'>„</span> <span class='ocrx_word' id='word_1_42' title='bbox 99 430 294 480; x_wconf 76' lang='lat' dir='ltr'>syllabarum</span> <span class='ocrx_word' id='word_1_43' title='bbox 316 435 416 464; x_wconf 86' lang='lat' dir='ltr'>notas</span> <span class='ocrx_word' id='word_1_44' title='bbox 440 437 538 462; x_wconf 91' lang='lat' dir='ltr'>nouo</span> <span class='ocrx_word' id='word_1_45' title='bbox 560 422 677 460; x_wconf 87' lang='lat' dir='ltr'>labore</span> <span class='ocrx_word' id='word_1_46' title='bbox 700 422 835 472; x_wconf 80' lang='lat' dir='ltr'>lingulis</span> <span class='ocrx_word' id='word_1_47' title='bbox 856 415 1077 462; x_wconf 58' lang='lat' dir='ltr'>dictionibus,</span> 
     </span>
     <span class='ocr_line' id='line_1_8' title="bbox 60 470 1076 538; baseline -0.018 -13"><span class='ocrx_word' id='word_1_48' title='bbox 60 515 82 535; x_wconf 83' lang='lat'>,‚</span> <span class='ocrx_word' id='word_1_49' title='bbox 98 499 185 538; x_wconf 89' lang='lat' dir='ltr'>quae</span> <span class='ocrx_word' id='word_1_50' title='bbox 216 484 335 522; x_wconf 89' lang='lat' dir='ltr'>ordine</span> <span class='ocrx_word' id='word_1_51' title='bbox 367 478 538 529; x_wconf 80' lang='lat' dir='ltr'>alphabeti</span> <span class='ocrx_word' id='word_1_52' title='bbox 569 477 801 528; x_wconf 80' lang='lat' dir='ltr'>explicantur,</span> <span class='ocrx_word' id='word_1_53' title='bbox 827 470 1076 522; x_wconf 74' lang='lat' dir='ltr'>inscripsimus.</span> 
     </span>
     <span class='ocr_line' id='line_1_9' title="bbox 60 529 1076 590; baseline -0.021 -8"><span class='ocrx_word' id='word_1_54' title='bbox 60 571 82 590; x_wconf 84' lang='lat'>‚,</span> <span class='ocrx_word' id='word_1_55' title='bbox 99 545 278 581; x_wconf 80' lang='lat' dir='ltr'>Caeterum</span> <span class='ocrx_word' id='word_1_56' title='bbox 295 537 434 574; x_wconf 87' lang='lat' dir='ltr'>nomina</span> <span class='ocrx_word' id='word_1_57' title='bbox 453 535 608 585; x_wconf 85' lang='lat' dir='ltr'>propria,</span> <span class='ocrx_word' id='word_1_58' title='bbox 631 546 675 570; x_wconf 87' lang='lat' dir='ltr'>ex</span> <span class='ocrx_word' id='word_1_59' title='bbox 690 532 813 584; x_wconf 86' lang='lat' dir='ltr'>quibus</span> <span class='ocrx_word' id='word_1_60' title='bbox 829 529 979 567; x_wconf 79' lang='lat' dir='ltr'>maxima</span> <span class='ocrx_word' id='word_1_61' title='bbox 997 538 1076 576; x_wconf 88' lang='lat' dir='ltr'>pars</span> 
     </span>
     <span class='ocr_line' id='line_1_10' title="bbox 61 583 1080 645; baseline -0.018 -10"><span class='ocrx_word' id='word_1_62' title='bbox 61 626 84 645; x_wconf 93' lang='lat'><strong>„</strong></span> <span class='ocrx_word' id='word_1_63' title='bbox 99 599 243 634; x_wconf 83' lang='lat' dir='ltr'>Venetae</span> <span class='ocrx_word' id='word_1_64' title='bbox 257 591 453 633; x_wconf 84' lang='lat' dir='ltr'>acceffionis</span> <span class='ocrx_word' id='word_1_65' title='bbox 470 588 658 635; x_wconf 84' lang='lat' dir='ltr'>constabat,</span> <span class='ocrx_word' id='word_1_66' title='bbox 686 586 820 626; x_wconf 73' lang='lat' dir='ltr'>seorsim</span> <span class='ocrx_word' id='word_1_67' title='bbox 837 596 855 621; x_wconf 85' lang='lat' dir='ltr'>a</span> <span class='ocrx_word' id='word_1_68' title='bbox 873 583 1001 621; x_wconf 86' lang='lat' dir='ltr'>Latinis</span> <span class='ocrx_word' id='word_1_69' title='bbox 1016 593 1080 618; x_wconf 91' lang='lat' dir='ltr'>vo-</span> 
     </span>
     <span class='ocr_line' id='line_1_11' title="bbox 62 635 1081 701; baseline -0.016 -14"><span class='ocrx_word' id='word_1_70' title='bbox 62 680 85 701; x_wconf 82' lang='lat'><strong>„</strong></span> <span class='ocrx_word' id='word_1_71' title='bbox 101 647 225 688; x_wconf 84' lang='lat' dir='ltr'>cabulis</span> <span class='ocrx_word' id='word_1_72' title='bbox 239 650 274 685; x_wconf 89' lang='grc'>111</span> <span class='ocrx_word' id='word_1_73' title='bbox 295 644 465 697; x_wconf 80' lang='lat' dir='ltr'>peculiare</span> <span class='ocrx_word' id='word_1_74' title='bbox 490 643 710 694; x_wconf 77' lang='lat' dir='ltr'>alphabetum</span> <span class='ocrx_word' id='word_1_75' title='bbox 727 640 850 691; x_wconf 87' lang='lat' dir='ltr'>partim</span> <span class='ocrx_word' id='word_1_76' title='bbox 868 649 956 687; x_wconf 88' lang='lat' dir='ltr'>prop</span> <span class='ocrx_word' id='word_1_77' title='bbox 979 639 1011 674; x_wconf 81' lang='grc' dir='ltr'>ὀ</span> <span class='ocrx_word' id='word_1_78' title='bbox 1034 635 1081 673; x_wconf 84' lang='lat' dir='ltr'>la-</span> 
     </span>
     <span class='ocr_line' id='line_1_12' title="bbox 62 693 1081 753; baseline -0.014 -12"><span class='ocrx_word' id='word_1_79' title='bbox 62 732 83 753; x_wconf 92' lang='lat'><strong><em>„</em></strong></span> <span class='ocrx_word' id='word_1_80' title='bbox 99 704 182 742; x_wconf 93' lang='lat' dir='ltr'>bore</span> <span class='ocrx_word' id='word_1_81' title='bbox 196 732 207 750; x_wconf 90' lang='lat'>,</span> <span class='ocrx_word' id='word_1_82' title='bbox 261 703 384 751; x_wconf 87' lang='lat' dir='ltr'>partim</span> <span class='ocrx_word' id='word_1_83' title='bbox 413 698 609 737; x_wconf 90' lang='lat' dir='ltr'>iuuantibus</span> <span class='ocrx_word' id='word_1_84' title='bbox 652 697 766 736; x_wconf 87' lang='lat' dir='ltr'>amicis</span> <span class='ocrx_word' id='word_1_85' title='bbox 783 724 794 742; x_wconf 91' lang='lat'>,</span> <span class='ocrx_word' id='word_1_86' title='bbox 823 693 948 742; x_wconf 77' lang='lat' dir='ltr'>digesta</span> <span class='ocrx_word' id='word_1_87' title='bbox 993 700 1055 728; x_wconf 91' lang='lat' dir='ltr'>unt</span> <span class='ocrx_word' id='word_1_88' title='bbox 1069 720 1081 738; x_wconf 88' lang='lat'>,</span> 
     </span>
     <span class='ocr_line' id='line_1_13' title="bbox 59 746 1080 808; baseline -0.013 -13"><span class='ocrx_word' id='word_1_89' title='bbox 59 789 81 808; x_wconf 85' lang='lat'>„</span> <span class='ocrx_word' id='word_1_90' title='bbox 104 759 224 796; x_wconf 85' lang='lat' dir='ltr'>additis</span> <span class='ocrx_word' id='word_1_91' title='bbox 238 755 402 794; x_wconf 88' lang='lat' dir='ltr'>omnibus</span> <span class='ocrx_word' id='word_1_92' title='bbox 422 754 499 802; x_wconf 88' lang='lat' dir='ltr'>illis,</span> <span class='ocrx_word' id='word_1_93' title='bbox 518 767 604 806; x_wconf 83' lang='lat' dir='ltr'>quae</span> <span class='ocrx_word' id='word_1_94' title='bbox 620 756 654 790; x_wconf 93' lang='lat' dir='ltr'>in</span> <span class='ocrx_word' id='word_1_95' title='bbox 667 750 846 801; x_wconf 87' lang='lat' dir='ltr'>postremis</span> <span class='ocrx_word' id='word_1_96' title='bbox 868 746 1080 785; x_wconf 62' lang='lat' dir='ltr'>didiionariis</span> 
     </span>
     <span class='ocr_line' id='line_1_14' title="bbox 60 801 1080 863; baseline -0.013 -12"><span class='ocrx_word' id='word_1_97' title='bbox 60 813 243 863; x_wconf 77' lang='lat' dir='ltr'>„poeticis</span> <span class='ocrx_word' id='word_1_98' title='bbox 256 809 538 854; x_wconf 81' lang='lat' dir='ltr'>continebantur3</span> <span class='ocrx_word' id='word_1_99' title='bbox 566 821 643 847; x_wconf 86' lang='lat' dir='ltr'>nain</span> <span class='ocrx_word' id='word_1_100' title='bbox 657 815 691 844; x_wconf 88' lang='lat' dir='ltr'>et</span> <span class='ocrx_word' id='word_1_101' title='bbox 705 806 828 842; x_wconf 89' lang='lat' dir='ltr'>Veneti</span> <span class='ocrx_word' id='word_1_102' title='bbox 844 802 1005 853; x_wconf 81' lang='lat' dir='ltr'>pleraque</span> <span class='ocrx_word' id='word_1_103' title='bbox 1022 801 1080 838; x_wconf 88' lang='lat' dir='ltr'>sua</span> 
     </span>
     <span class='ocr_line' id='line_1_15' title="bbox 58 857 1082 916; baseline -0.014 -10"><span class='ocrx_word' id='word_1_104' title='bbox 58 897 83 916; x_wconf 80' lang='lat'>,‚</span> <span class='ocrx_word' id='word_1_105' title='bbox 98 882 141 906; x_wconf 87' lang='lat' dir='ltr'>ex</span> <span class='ocrx_word' id='word_1_106' title='bbox 156 868 285 905; x_wconf 89' lang='lat' dir='ltr'>eisdem</span> <span class='ocrx_word' id='word_1_107' title='bbox 300 866 548 915; x_wconf 74' lang='lat' dir='ltr'>decerpserunt.</span> <span class='ocrx_word' id='word_1_108' title='bbox 600 863 632 899; x_wconf 88' lang='lat' dir='ltr'>Si</span> <span class='ocrx_word' id='word_1_109' title='bbox 647 861 703 898; x_wconf 87' lang='lat' dir='ltr'>cui</span> <span class='ocrx_word' id='word_1_110' title='bbox 720 858 815 896; x_wconf 91' lang='lat' dir='ltr'>lubet</span> <span class='ocrx_word' id='word_1_111' title='bbox 831 857 1000 908; x_wconf 84' lang='lat' dir='ltr'>prolixius</span> <span class='ocrx_word' id='word_1_112' title='bbox 1019 869 1082 894; x_wconf 94' lang='lat' dir='ltr'>co-</span> 
     </span>
     <span class='ocr_line' id='line_1_16' title="bbox 59 916 1082 972; baseline -0.013 -11"><span class='ocrx_word' id='word_1_113' title='bbox 59 951 82 971; x_wconf 96' lang='lat'>„</span> <span class='ocrx_word' id='word_1_114' title='bbox 97 923 272 972; x_wconf 82' lang='lat' dir='ltr'>gnoscere,</span> <span class='ocrx_word' id='word_1_115' title='bbox 288 931 455 972; x_wconf 87' lang='lat' dir='ltr'>quantum</span> <span class='ocrx_word' id='word_1_116' title='bbox 470 921 578 958; x_wconf 85' lang='lat' dir='ltr'>nostra</span> <span class='ocrx_word' id='word_1_117' title='bbox 596 916 704 953; x_wconf 91' lang='lat' dir='ltr'>editio</span> <span class='ocrx_word' id='word_1_118' title='bbox 720 923 867 953; x_wconf 84' lang='lat' dir='ltr'>caeteras</span> <span class='ocrx_word' id='word_1_119' title='bbox 885 924 1008 950; x_wconf 88' lang='lat' dir='ltr'>omnes</span> <span class='ocrx_word' id='word_1_120' title='bbox 1024 923 1082 948; x_wconf 89' lang='lat' dir='ltr'>an-</span> 
     </span>
     <span class='ocr_line' id='line_1_17' title="bbox 58 967 1082 1026; baseline -0.012 -10"><span class='ocrx_word' id='word_1_121' title='bbox 58 1007 81 1026; x_wconf 92' lang='lat'>„</span> <span class='ocrx_word' id='word_1_122' title='bbox 95 976 239 1024; x_wconf 83' lang='lat' dir='ltr'>tecellat‚</span> <span class='ocrx_word' id='word_1_123' title='bbox 267 978 295 1013; x_wconf 91' lang='lat' dir='ltr'>is</span> <span class='ocrx_word' id='word_1_124' title='bbox 313 975 557 1026; x_wconf 72' lang='lat' dir='ltr'>praefationem</span> <span class='ocrx_word' id='word_1_125' title='bbox 572 971 722 1010; x_wconf 87' lang='lat' dir='ltr'>nostram</span> <span class='ocrx_word' id='word_1_126' title='bbox 737 968 944 1008; x_wconf 66' lang='lat' dir='ltr'>didtionario</span> <span class='ocrx_word' id='word_1_127' title='bbox 960 967 1082 1018; x_wconf 85' lang='lat' dir='ltr'>praefi-</span> 
     </span>
    </p>
   </div>
   <div class='ocr_carea' id='block_1_5' title="bbox 59 1031 648 1150">
    <p class='ocr_par' dir='ltr' id='par_1_5' title="bbox 59 1031 648 1150">
     <span class='ocr_line' id='line_1_18' title="bbox 59 1031 346 1082; baseline -0.007 -12"><span class='ocrx_word' id='word_1_128' title='bbox 59 1061 83 1081; x_wconf 91' lang='lat'><strong>„</strong></span> <span class='ocrx_word' id='word_1_129' title='bbox 100 1045 178 1072; x_wconf 86' lang='lat' dir='ltr'>xam</span> <span class='ocrx_word' id='word_1_130' title='bbox 195 1031 346 1082; x_wconf 84' lang='lat' dir='ltr'>legata).</span> 
     </span>
     <span class='ocr_line' id='line_1_19' title="bbox 478 1109 648 1150; baseline -0.018 0"><span class='ocrx_word' id='word_1_131' title='bbox 478 1109 648 1150; x_wconf 78' lang='lat' dir='ltr'>Nizolizts.</span> 
     </span>
    </p>
   </div>
   <div class='ocr_carea' id='block_1_6' title="bbox 45 1188 1088 1855">
    <p class='ocr_par' dir='ltr' id='par_1_6' title="bbox 45 1188 1088 1855">
     <span class='ocr_line' id='line_1_20' title="bbox 139 1188 1080 1237; baseline -0.013 0"><span class='ocrx_word' id='word_1_132' title='bbox 139 1201 204 1237; x_wconf 88' lang='lat' dir='ltr'>His</span> <span class='ocrx_word' id='word_1_133' title='bbox 218 1197 365 1236; x_wconf 87' lang='lat' dir='ltr'>succedit</span> <span class='ocrx_word' id='word_1_134' title='bbox 383 1188 531 1233; x_wconf 70' lang='lat' dir='ltr'>minvs</span> <span class='ocrx_word' id='word_1_135' title='bbox 551 1206 744 1232; x_wconf 73' lang='lat' dir='ltr'>Nizomvs</span> <span class='ocrx_word' id='word_1_136' title='bbox 766 1188 995 1237; x_wconf 84' lang='lat' dir='ltr'>Brixellenfis,</span> <span class='ocrx_word' id='word_1_137' title='bbox 1020 1188 1080 1226; x_wconf 90' lang='lat' dir='ltr'>Ci-</span> 
     </span>
     <span class='ocr_line' id='line_1_21' title="bbox 59 1244 1080 1297; baseline -0.012 -5"><span class='ocrx_word' id='word_1_138' title='bbox 59 1257 262 1292; x_wconf 85' lang='lat' dir='ltr'>ceronianos</span> <span class='ocrx_word' id='word_1_139' title='bbox 290 1263 413 1290; x_wconf 85' lang='lat' dir='ltr'>omnes</span> <span class='ocrx_word' id='word_1_140' title='bbox 435 1249 552 1288; x_wconf 77' lang='lat' dir='ltr'>labore</span> <span class='ocrx_word' id='word_1_141' title='bbox 580 1250 717 1288; x_wconf 91' lang='lat' dir='ltr'>summo</span> <span class='ocrx_word' id='word_1_142' title='bbox 740 1249 959 1297; x_wconf 81' lang='lat' dir='ltr'>maximaque</span> <span class='ocrx_word' id='word_1_143' title='bbox 979 1244 1080 1281; x_wconf 89' lang='lat' dir='ltr'>indu-</span> 
     </span>
     <span class='ocr_line' id='line_1_22' title="bbox 58 1301 1081 1352; baseline -0.012 -5"><span class='ocrx_word' id='word_1_144' title='bbox 58 1310 134 1347; x_wconf 80' lang='lat' dir='ltr'>stria</span> <span class='ocrx_word' id='word_1_145' title='bbox 146 1307 207 1348; x_wconf 87' lang='lat' dir='ltr'>fibi</span> <span class='ocrx_word' id='word_1_146' title='bbox 224 1309 428 1346; x_wconf 85' lang='lat' dir='ltr'>deuinciens.</span> <span class='ocrx_word' id='word_1_147' title='bbox 482 1305 596 1343; x_wconf 87' lang='lat' dir='ltr'>Edidit</span> <span class='ocrx_word' id='word_1_148' title='bbox 608 1304 664 1342; x_wconf 89' lang='lat' dir='ltr'>ille</span> <span class='ocrx_word' id='word_1_149' title='bbox 679 1305 712 1341; x_wconf 84' lang='lat' dir='ltr'>T</span> <span class='ocrx_word' id='word_1_150' title='bbox 709 1302 882 1352; x_wconf 71' lang='lat' dir='ltr'>hessmrum</span> <span class='ocrx_word' id='word_1_151' title='bbox 893 1301 1081 1338; x_wconf 81' lang='lat' dir='ltr'>Ciceronia-</span> 
     </span>
     <span class='ocr_line' id='line_1_23' title="bbox 59 1354 1081 1412; baseline -0.011 -10"><span class='ocrx_word' id='word_1_152' title='bbox 59 1377 156 1412; x_wconf 87' lang='lat' dir='ltr'>num,</span> <span class='ocrx_word' id='word_1_153' title='bbox 181 1362 248 1402; x_wconf 83' lang='lat' dir='ltr'>liue</span> <span class='ocrx_word' id='word_1_154' title='bbox 264 1393 287 1411; x_wconf 93' lang='lat'>„</span> <span class='ocrx_word' id='word_1_155' title='bbox 296 1361 560 1400; x_wconf 78' lang='lat' dir='ltr'>obseruationes</span> <span class='ocrx_word' id='word_1_156' title='bbox 575 1362 610 1397; x_wconf 89' lang='lat' dir='ltr'>in</span> <span class='ocrx_word' id='word_1_157' title='bbox 635 1361 846 1399; x_wconf 83' lang='lat' dir='ltr'>Ciceronem</span> <span class='ocrx_word' id='word_1_158' title='bbox 861 1357 983 1397; x_wconf 78' lang='lat' dir='ltr'>ordine</span> <span class='ocrx_word' id='word_1_159' title='bbox 1006 1354 1081 1392; x_wconf 89' lang='lat' dir='ltr'>lite-</span> 
     </span>
     <span class='ocr_line' id='line_1_24' title="bbox 60 1409 1081 1467; baseline -0.011 -10"><span class='ocrx_word' id='word_1_160' title='bbox 60 1448 82 1467; x_wconf 93' lang='lat'>„</span> <span class='ocrx_word' id='word_1_161' title='bbox 97 1432 208 1457; x_wconf 83' lang='lat' dir='ltr'>rarum</span> <span class='ocrx_word' id='word_1_162' title='bbox 225 1417 382 1467; x_wconf 61' lang='lat' dir='ltr'>digestim,</span> <span class='ocrx_word' id='word_1_163' title='bbox 397 1414 520 1467; x_wconf 91' lang='lat' dir='ltr'>quibus</span> <span class='ocrx_word' id='word_1_164' title='bbox 537 1417 651 1453; x_wconf 88' lang='lat' dir='ltr'>omnis</span> <span class='ocrx_word' id='word_1_165' title='bbox 670 1427 751 1453; x_wconf 91' lang='lat' dir='ltr'>vere</span> <span class='ocrx_word' id='word_1_166' title='bbox 768 1415 889 1451; x_wconf 82' lang='lat' dir='ltr'>Latine</span> <span class='ocrx_word' id='word_1_167' title='bbox 913 1409 1081 1462; x_wconf 88' lang='lat' dir='ltr'>loquendi</span> 
     </span>
     <span class='ocr_line' id='line_1_25' title="bbox 57 1466 1082 1523; baseline -0.008 -13"><span class='ocrx_word' id='word_1_168' title='bbox 57 1503 82 1521; x_wconf 90' lang='lat'><strong>„</strong></span> <span class='ocrx_word' id='word_1_169' title='bbox 97 1476 186 1511; x_wconf 86' lang='lat' dir='ltr'>ratio</span> <span class='ocrx_word' id='word_1_170' title='bbox 201 1483 236 1511; x_wconf 90' lang='lat' dir='ltr'>et</span> <span class='ocrx_word' id='word_1_171' title='bbox 252 1481 339 1523; x_wconf 86' lang='lat' dir='ltr'>quot</span> <span class='ocrx_word' id='word_1_172' title='bbox 354 1470 547 1522; x_wconf 85' lang='lat' dir='ltr'>quibusque</span> <span class='ocrx_word' id='word_1_173' title='bbox 562 1470 678 1508; x_wconf 89' lang='lat' dir='ltr'>modis</span> <span class='ocrx_word' id='word_1_174' title='bbox 703 1480 927 1519; x_wconf 85' lang='lat' dir='ltr'>vnaquaeque</span> <span class='ocrx_word' id='word_1_175' title='bbox 943 1479 1015 1504; x_wconf 89' lang='lat' dir='ltr'>vox</span> <span class='ocrx_word' id='word_1_176' title='bbox 1031 1466 1082 1502; x_wconf 89' lang='lat' dir='ltr'>di-</span> 
     </span>
     <span class='ocr_line' id='line_1_26' title="bbox 56 1520 1082 1577; baseline -0.009 -11"><span class='ocrx_word' id='word_1_177' title='bbox 56 1556 80 1576; x_wconf 88' lang='lat'>„</span> <span class='ocrx_word' id='word_1_178' title='bbox 93 1527 409 1577; x_wconf 81' lang='lat' dir='ltr'>stinguivariarique</span> <span class='ocrx_word' id='word_1_179' title='bbox 426 1526 528 1575; x_wconf 89' lang='lat' dir='ltr'>poffit</span> <span class='ocrx_word' id='word_1_180' title='bbox 542 1538 604 1575; x_wconf 88' lang='lat' dir='ltr'>per</span> <span class='ocrx_word' id='word_1_181' title='bbox 611 1524 776 1574; x_wconf 89' lang='lat' dir='ltr'>Exempla</span> <span class='ocrx_word' id='word_1_182' title='bbox 786 1524 966 1562; x_wconf 83' lang='lat' dir='ltr'>Ciceronis</span> <span class='ocrx_word' id='word_1_183' title='bbox 982 1520 1082 1571; x_wconf 82' lang='lat' dir='ltr'>plane</span> 
     </span>
     <span class='ocr_line' id='line_1_27' title="bbox 57 1577 1081 1630; baseline -0.007 -11"><span class='ocrx_word' id='word_1_184' title='bbox 57 1611 80 1630; x_wconf 93' lang='lat'>„</span> <span class='ocrx_word' id='word_1_185' title='bbox 94 1581 351 1619; x_wconf 89' lang='lat' dir='ltr'>demonstratur.</span> <span class='ocrx_word' id='word_1_186' title='bbox 363 1610 386 1629; x_wconf 92' lang='lat'>„</span> <span class='ocrx_word' id='word_1_187' title='bbox 414 1580 561 1621; x_wconf 74' lang='lat' dir='ltr'>Exculas</span> <span class='ocrx_word' id='word_1_188' title='bbox 577 1580 667 1618; x_wconf 88' lang='lat' dir='ltr'>Bafil.</span> <span class='ocrx_word' id='word_1_189' title='bbox 685 1592 777 1629; x_wconf 86' lang='lat'>1530.</span> <span class='ocrx_word' id='word_1_190' title='bbox 806 1588 840 1616; x_wconf 89' lang='lat' dir='ltr'>et</span> <span class='ocrx_word' id='word_1_191' title='bbox 855 1577 980 1615; x_wconf 87' lang='lat' dir='ltr'>deinde</span> <span class='ocrx_word' id='word_1_192' title='bbox 995 1579 1081 1613; x_wconf 89' lang='lat' dir='ltr'>Ven.</span> 
     </span>
     <span class='ocr_line' id='line_1_28' title="bbox 57 1632 1083 1685; baseline -0.006 -11"><span class='ocrx_word' id='word_1_193' title='bbox 57 1648 148 1685; x_wconf 82' lang='lat'>1535.</span> <span class='ocrx_word' id='word_1_194' title='bbox 163 1634 223 1674; x_wconf 89' lang='lat' dir='ltr'>fol.</span> <span class='ocrx_word' id='word_1_195' title='bbox 240 1635 353 1673; x_wconf 84' lang='lat' dir='ltr'>rursus</span> <span class='ocrx_word' id='word_1_196' title='bbox 368 1647 454 1685; x_wconf 82' lang='lat'>1541.</span> <span class='ocrx_word' id='word_1_197' title='bbox 482 1634 623 1674; x_wconf 67' lang='lat' dir='ltr'>adiestis</span> <span class='ocrx_word' id='word_1_198' title='bbox 639 1634 703 1673; x_wconf 89' lang='lat' dir='ltr'>illis</span> <span class='ocrx_word' id='word_1_199' title='bbox 719 1632 908 1680; x_wconf 90' lang='lat' dir='ltr'>vocabulis,</span> <span class='ocrx_word' id='word_1_200' title='bbox 917 1644 1005 1684; x_wconf 84' lang='lat' dir='ltr'>quae</span> <span class='ocrx_word' id='word_1_201' title='bbox 1016 1633 1083 1669; x_wconf 86' lang='grc' dir='ltr'>Βα-</span> 
     </span>
     <span class='ocr_line' id='line_1_29' title="bbox 45 1689 1083 1743; baseline -0.006 -14"><span class='ocrx_word' id='word_1_202' title='bbox 45 1690 148 1741; x_wconf 83' lang='lat' dir='ltr'>stlius</span> <span class='ocrx_word' id='word_1_203' title='bbox 167 1689 332 1730; x_wconf 80' lang='lat' dir='ltr'>Zanchius</span> <span class='ocrx_word' id='word_1_204' title='bbox 353 1691 417 1739; x_wconf 90' lang='lat' dir='ltr'>(de</span> <span class='ocrx_word' id='word_1_205' title='bbox 440 1704 513 1743; x_wconf 89' lang='lat' dir='ltr'>quo</span> <span class='ocrx_word' id='word_1_206' title='bbox 535 1691 670 1738; x_wconf 88' lang='lat' dir='ltr'>modo)</span> <span class='ocrx_word' id='word_1_207' title='bbox 692 1690 768 1740; x_wconf 88' lang='lat' dir='ltr'>post</span> <span class='ocrx_word' id='word_1_208' title='bbox 797 1701 1006 1726; x_wconf 74' lang='lat' dir='ltr'>Nizotiviu</span> <span class='ocrx_word' id='word_1_209' title='bbox 1038 1700 1083 1724; x_wconf 91' lang='lat' dir='ltr'>ex</span> 
     </span>
     <span class='ocr_line' id='line_1_30' title="bbox 55 1742 1088 1796; baseline -0.006 -11"><span class='ocrx_word' id='word_1_210' title='bbox 55 1749 209 1785; x_wconf 85' lang='lat' dir='ltr'>Cicerone</span> <span class='ocrx_word' id='word_1_211' title='bbox 230 1745 420 1795; x_wconf 85' lang='lat' dir='ltr'>collegerat.</span> <span class='ocrx_word' id='word_1_212' title='bbox 480 1750 663 1784; x_wconf 86' lang='lat' dir='ltr'>Auxerunt</span> <span class='ocrx_word' id='word_1_213' title='bbox 683 1745 842 1796; x_wconf 88' lang='lat' dir='ltr'>plurimi,</span> <span class='ocrx_word' id='word_1_214' title='bbox 857 1753 960 1795; x_wconf 91' lang='lat' dir='ltr'>atque</span> <span class='ocrx_word' id='word_1_215' title='bbox 979 1742 1088 1781; x_wconf 90' lang='lat' dir='ltr'>edidit</span> 
     </span>
     <span class='ocr_line' id='line_1_31' title="bbox 56 1800 1088 1855; baseline -0.007 -15"><span class='ocrx_word' id='word_1_216' title='bbox 56 1802 200 1840; x_wconf 88' lang='lat' dir='ltr'>demum</span> <span class='ocrx_word' id='word_1_217' title='bbox 214 1802 418 1855; x_wconf 78' lang='lat' dir='ltr'>Herwctgius</span> <span class='ocrx_word' id='word_1_218' title='bbox 437 1807 535 1850; x_wconf 83' lang='lat'>1548.</span> <span class='ocrx_word' id='word_1_219' title='bbox 565 1815 648 1839; x_wconf 88' lang='lat' dir='ltr'>cum</span> <span class='ocrx_word' id='word_1_220' title='bbox 665 1813 788 1850; x_wconf 85' lang='lat' dir='ltr'>magna</span> <span class='ocrx_word' id='word_1_221' title='bbox 805 1800 994 1837; x_wconf 79' lang='lat' dir='ltr'>accessione</span> <span class='ocrx_word' id='word_1_222' title='bbox 1012 1810 1088 1834; x_wconf 87' lang='lat' dir='ltr'>ver·</span> 
     </span>
    </p>
   </div>
   <div class='ocr_carea' id='block_1_7' title="bbox 57 1854 1088 1959">
    <p class='ocr_par' dir='ltr' id='par_1_7' title="bbox 57 1854 1088 1959">
     <span class='ocr_line' id='line_1_32' title="bbox 57 1854 1088 1906; baseline -0.011 -11"><span class='ocrx_word' id='word_1_223' title='bbox 57 1855 183 1895; x_wconf 89' lang='lat' dir='ltr'>borum</span> <span class='ocrx_word' id='word_1_224' title='bbox 199 1866 260 1906; x_wconf 90' lang='lat' dir='ltr'>per</span> <span class='ocrx_word' id='word_1_225' title='bbox 277 1855 427 1894; x_wconf 81' lang='lat' dir='ltr'>Caelium</span> <span class='ocrx_word' id='word_1_226' title='bbox 451 1854 633 1894; x_wconf 75' lang='lat' dir='ltr'>Secundum</span> <span class='ocrx_word' id='word_1_227' title='bbox 655 1855 855 1898; x_wconf 82' lang='lat' dir='ltr'>Curionem,</span> <span class='ocrx_word' id='word_1_228' title='bbox 889 1854 1088 1899; x_wconf 87' lang='lat' dir='ltr'>iterumque</span> 
     </span>
     <span class='ocr_line' id='line_1_33' title="bbox 57 1901 1087 1959; baseline -0.014 -9"><span class='ocrx_word' id='word_1_229' title='bbox 57 1914 172 1950; x_wconf 84' lang='lat' dir='ltr'>Franc.</span> <span class='ocrx_word' id='word_1_230' title='bbox 195 1913 312 1959; x_wconf 85' lang='lat'>1568.</span> <span class='ocrx_word' id='word_1_231' title='bbox 335 1909 397 1947; x_wconf 87' lang='lat' dir='ltr'>fol.</span> <span class='ocrx_word' id='word_1_232' title='bbox 439 1908 632 1947; x_wconf 87' lang='lat' dir='ltr'>Marcellus</span> <span class='ocrx_word' id='word_1_233' title='bbox 662 1907 786 1945; x_wconf 89' lang='lat' dir='ltr'>deinde</span> <span class='ocrx_word' id='word_1_234' title='bbox 817 1901 1087 1956; x_wconf 77' lang='lat' dir='ltr'>Squarcialupus</span> 
     </span>
    </p>
   </div>
   <div class='ocr_carea' id='block_1_8' title="bbox 53 1955 1084 2065">
    <p class='ocr_par' dir='ltr' id='par_1_8' title="bbox 53 1955 1084 2065">
     <span class='ocr_line' id='line_1_34' title="bbox 53 1955 1084 2012; baseline -0.017 -6"><span class='ocrx_word' id='word_1_235' title='bbox 53 1962 313 2012; x_wconf 70' lang='lat' dir='ltr'>Plumbiiwnsts,</span> <span class='ocrx_word' id='word_1_236' title='bbox 348 1960 501 2010; x_wconf 32' lang='lat' dir='ltr'>Iacobus·</span> <span class='ocrx_word' id='word_1_237' title='bbox 520 1961 686 1998; x_wconf 81' lang='lat' dir='ltr'>Cellarius</span> <span class='ocrx_word' id='word_1_238' title='bbox 707 1960 751 2006; x_wconf 82' lang='lat' dir='ltr'>b)</span> <span class='ocrx_word' id='word_1_239' title='bbox 781 1955 1014 2009; x_wconf 76' lang='lat' dir='ltr'>Augustanus,</span> <span class='ocrx_word' id='word_1_240' title='bbox 1049 1962 1084 1990; x_wconf 91' lang='lat' dir='ltr'>et</span> 
     </span>
     <span class='ocr_line' id='line_1_35' title="bbox 60 2009 1084 2065; baseline -0.015 -6"><span class='ocrx_word' id='word_1_241' title='bbox 60 2019 160 2060; x_wconf 80' lang='lat' dir='ltr'>Alex.</span> <span class='ocrx_word' id='word_1_242' title='bbox 177 2020 262 2065; x_wconf 89' lang='lat' dir='ltr'>Scot,</span> <span class='ocrx_word' id='word_1_243' title='bbox 276 2019 390 2056; x_wconf 79' lang='lat' dir='ltr'>scotus</span> <span class='ocrx_word' id='word_1_244' title='bbox 406 2018 450 2063; x_wconf 80' lang='lat' dir='ltr'>c).</span> <span class='ocrx_word' id='word_1_245' title='bbox 505 2013 731 2050; x_wconf 69' lang='lat' dir='ltr'>Audiiffimae</span> <span class='ocrx_word' id='word_1_246' title='bbox 750 2010 876 2048; x_wconf 87' lang='lat' dir='ltr'>deinde</span> <span class='ocrx_word' id='word_1_247' title='bbox 904 2009 1084 2046; x_wconf 88' lang='lat' dir='ltr'>Editiones</span> 
     </span>
    </p>
   </div>
   <div class='ocr_carea' id='block_1_9' title="bbox 46 2061 1088 3225">
    <p class='ocr_par' dir='ltr' id='par_1_9' title="bbox 46 2061 1088 3225">
     <span class='ocr_line' id='line_1_36' title="bbox 59 2061 1082 2117; baseline -0.01 -7"><span class='ocrx_word' id='word_1_248' title='bbox 59 2083 95 2111; x_wconf 86' lang='lat' dir='ltr'>et</span> <span class='ocrx_word' id='word_1_249' title='bbox 116 2070 421 2115; x_wconf 83' lang='lat' dir='ltr'>emendatiffimae,</span> <span class='ocrx_word' id='word_1_250' title='bbox 454 2067 564 2117; x_wconf 85' lang='lat' dir='ltr'>Lugd.</span> <span class='ocrx_word' id='word_1_251' title='bbox 594 2067 685 2117; x_wconf 80' lang='lat' dir='ltr'>apud</span> <span class='ocrx_word' id='word_1_252' title='bbox 713 2064 781 2104; x_wconf 72' lang='lat' dir='ltr'>Th?</span> <span class='ocrx_word' id='word_1_253' title='bbox 797 2061 955 2104; x_wconf 84' lang='lat' dir='ltr'>Soubron.</span> <span class='ocrx_word' id='word_1_254' title='bbox 979 2064 1082 2108; x_wconf 87' lang='lat'>1608.</span> 
     </span>
     <span class='ocr_line' id='line_1_37' title="bbox 55 2118 1083 2173; baseline -0.009 -8"><span class='ocrx_word' id='word_1_255' title='bbox 55 2126 117 2167; x_wconf 63' lang='lat' dir='ltr'>fol.</span> <span class='ocrx_word' id='word_1_256' title='bbox 134 2135 168 2164; x_wconf 85' lang='lat' dir='ltr'>et</span> <span class='ocrx_word' id='word_1_257' title='bbox 183 2121 261 2165; x_wconf 89' lang='lat' dir='ltr'>Col.</span> <span class='ocrx_word' id='word_1_258' title='bbox 281 2122 464 2173; x_wconf 85' lang='lat' dir='ltr'>Allobrog.</span> <span class='ocrx_word' id='word_1_259' title='bbox 482 2124 574 2160; x_wconf 83' lang='lat'>1612.</span> <span class='ocrx_word' id='word_1_260' title='bbox 585 2132 661 2171; x_wconf 90' lang='lat' dir='ltr'>4to.</span> <span class='ocrx_word' id='word_1_261' title='bbox 716 2121 895 2159; x_wconf 89' lang='lat' dir='ltr'>Postremo</span> <span class='ocrx_word' id='word_1_262' title='bbox 912 2118 1010 2158; x_wconf 87' lang='lat' dir='ltr'>labor</span> <span class='ocrx_word' id='word_1_263' title='bbox 1023 2119 1083 2156; x_wconf 90' lang='lat' dir='ltr'>iste</span> 
     </span>
     <span class='ocr_line' id='line_1_38' title="bbox 55 2174 1084 2228; baseline -0.01 -8"><span class='ocrx_word' id='word_1_264' title='bbox 55 2181 97 2220; x_wconf 88' lang='lat' dir='ltr'>ab</span> <span class='ocrx_word' id='word_1_265' title='bbox 117 2193 180 2219; x_wconf 86' lang='lat' dir='ltr'>vna</span> <span class='ocrx_word' id='word_1_266' title='bbox 205 2181 373 2218; x_wconf 80' lang='lat' dir='ltr'>Ciceronis</span> <span class='ocrx_word' id='word_1_267' title='bbox 401 2179 514 2216; x_wconf 86' lang='lat' dir='ltr'>radice</span> <span class='ocrx_word' id='word_1_268' title='bbox 536 2176 716 2228; x_wconf 63' lang='lat' dir='ltr'>presedius</span> <span class='ocrx_word' id='word_1_269' title='bbox 739 2178 774 2214; x_wconf 93' lang='lat' dir='ltr'>in</span> <span class='ocrx_word' id='word_1_270' title='bbox 796 2176 920 2213; x_wconf 80' lang='lat' dir='ltr'>iustam</span> <span class='ocrx_word' id='word_1_271' title='bbox 944 2174 1084 2212; x_wconf 82' lang='lat' dir='ltr'>tandem</span> 
     </span>
     <span class='ocr_line' id='line_1_39' title="bbox 54 2228 1084 2275; baseline -0.009 0"><span class='ocrx_word' id='word_1_272' title='bbox 54 2237 186 2275; x_wconf 84' lang='lat' dir='ltr'>molem</span> <span class='ocrx_word' id='word_1_273' title='bbox 202 2245 236 2272; x_wconf 90' lang='lat' dir='ltr'>et</span> <span class='ocrx_word' id='word_1_274' title='bbox 252 2234 431 2272; x_wconf 88' lang='lat' dir='ltr'>vtilitatem</span> <span class='ocrx_word' id='word_1_275' title='bbox 448 2236 568 2271; x_wconf 89' lang='lat' dir='ltr'>Lexici</span> <span class='ocrx_word' id='word_1_276' title='bbox 585 2233 741 2271; x_wconf 87' lang='lat' dir='ltr'>excreuit</span> <span class='ocrx_word' id='word_1_277' title='bbox 757 2244 836 2269; x_wconf 89' lang='lat' dir='ltr'>cura</span> <span class='ocrx_word' id='word_1_278' title='bbox 853 2232 905 2268; x_wconf 87' lang='lat' dir='ltr'>M.</span> <span class='ocrx_word' id='word_1_279' title='bbox 921 2228 1084 2268; x_wconf 71' lang='lat' dir='ltr'>Ludouici</span> 
     </span>
     <span class='ocr_line' id='line_1_40' title="bbox 53 2286 1083 2337; baseline -0.01 -5"><span class='ocrx_word' id='word_1_280' title='bbox 53 2293 154 2332; x_wconf 86' lang='lat' dir='ltr'>Lucii</span> <span class='ocrx_word' id='word_1_281' title='bbox 175 2289 352 2329; x_wconf 86' lang='lat' dir='ltr'>Basilienlis</span> <span class='ocrx_word' id='word_1_282' title='bbox 376 2289 582 2327; x_wconf 79' lang='lat' dir='ltr'>Academiae</span> <span class='ocrx_word' id='word_1_283' title='bbox 605 2286 827 2334; x_wconf 83' lang='lat' dir='ltr'>Profefforis,</span> <span class='ocrx_word' id='word_1_284' title='bbox 851 2287 910 2337; x_wconf 91' lang='lat' dir='ltr'>qui</span> <span class='ocrx_word' id='word_1_285' title='bbox 937 2289 979 2325; x_wconf 83' lang='lat' dir='ltr'>A.</span> <span class='ocrx_word' id='word_1_286' title='bbox 997 2286 1083 2334; x_wconf 86' lang='lat'>1613.</span> 
     </span>
     <span class='ocr_line' id='line_1_41' title="bbox 58 2342 1086 2390; baseline -0.009 -4"><span class='ocrx_word' id='word_1_287' title='bbox 58 2346 196 2386; x_wconf 89' lang='lat' dir='ltr'>duobus</span> <span class='ocrx_word' id='word_1_288' title='bbox 211 2343 444 2383; x_wconf 90' lang='lat' dir='ltr'>voluminibus</span> <span class='ocrx_word' id='word_1_289' title='bbox 459 2343 520 2382; x_wconf 92' lang='lat' dir='ltr'>fol.</span> <span class='ocrx_word' id='word_1_290' title='bbox 538 2344 647 2383; x_wconf 88' lang='lat' dir='ltr'>edidit</span> <span class='ocrx_word' id='word_1_291' title='bbox 664 2343 795 2381; x_wconf 88' lang='lat' dir='ltr'>ibidem</span> <span class='ocrx_word' id='word_1_292' title='bbox 812 2372 835 2390; x_wconf 91' lang='lat'>„</span> <span class='ocrx_word' id='word_1_293' title='bbox 845 2343 985 2379; x_wconf 76' lang='lat' dir='ltr'>Latinae</span> <span class='ocrx_word' id='word_1_294' title='bbox 1003 2342 1086 2379; x_wconf 87' lang='lat' dir='ltr'>Lin-</span> 
     </span>
     <span class='ocr_line' id='line_1_42' title="bbox 58 2397 1084 2452; baseline -0.007 -12"><span class='ocrx_word' id='word_1_295' title='bbox 58 2431 82 2451; x_wconf 92' lang='lat'>„</span> <span class='ocrx_word' id='word_1_296' title='bbox 96 2414 181 2452; x_wconf 82' lang='lat' dir='ltr'>guae</span> <span class='ocrx_word' id='word_1_297' title='bbox 206 2400 425 2438; x_wconf 71' lang='lat' dir='ltr'>Thestrurum</span> <span class='ocrx_word' id='word_1_298' title='bbox 444 2398 665 2450; x_wconf 87' lang='lat' dir='ltr'>bipartitum,</span> <span class='ocrx_word' id='word_1_299' title='bbox 695 2400 852 2449; x_wconf 87' lang='lat' dir='ltr'>priorem</span> <span class='ocrx_word' id='word_1_300' title='bbox 874 2397 1017 2448; x_wconf 90' lang='lat' dir='ltr'>quidem</span> <span class='ocrx_word' id='word_1_301' title='bbox 1039 2408 1084 2433; x_wconf 92' lang='lat' dir='ltr'>ex</span> 
     </span>
     <span class='ocr_line' id='line_1_43' title="bbox 57 2448 1083 2507; baseline -0.009 -11"><span class='ocrx_word' id='word_1_302' title='bbox 57 2487 81 2507; x_wconf 93' lang='lat'>„</span> <span class='ocrx_word' id='word_1_303' title='bbox 97 2469 168 2496; x_wconf 89' lang='lat' dir='ltr'>vno</span> <span class='ocrx_word' id='word_1_304' title='bbox 176 2458 346 2494; x_wconf 88' lang='lat' dir='ltr'>Cicerone</span> <span class='ocrx_word' id='word_1_305' title='bbox 359 2457 427 2493; x_wconf 85' lang='lat' dir='ltr'>iam</span> <span class='ocrx_word' id='word_1_306' title='bbox 441 2454 528 2493; x_wconf 90' lang='lat' dir='ltr'>olim</span> <span class='ocrx_word' id='word_1_307' title='bbox 551 2468 569 2493; x_wconf 83' lang='lat' dir='ltr'>a</span> <span class='ocrx_word' id='word_1_308' title='bbox 582 2456 698 2492; x_wconf 82' lang='lat' dir='ltr'>Mario</span> <span class='ocrx_word' id='word_1_309' title='bbox 717 2452 859 2491; x_wconf 88' lang='lat' dir='ltr'>Nizolio</span> <span class='ocrx_word' id='word_1_310' title='bbox 882 2448 1083 2498; x_wconf 64' lang='lat' dir='ltr'>colkcstum,</span> 
     </span>
     <span class='ocr_line' id='line_1_44' title="bbox 59 2508 1085 2563; baseline -0.007 -13"><span class='ocrx_word' id='word_1_311' title='bbox 59 2541 82 2560; x_wconf 93' lang='lat'><strong>„</strong></span> <span class='ocrx_word' id='word_1_312' title='bbox 92 2512 321 2562; x_wconf 71' lang='lat' dir='ltr'>¹posteriorem</span> <span class='ocrx_word' id='word_1_313' title='bbox 336 2521 454 2549; x_wconf 85' lang='lat' dir='ltr'>autem</span> <span class='ocrx_word' id='word_1_314' title='bbox 471 2521 516 2548; x_wconf 84' lang='lat' dir='ltr'>ex</span> <span class='ocrx_word' id='word_1_315' title='bbox 530 2509 601 2549; x_wconf 87' lang='lat' dir='ltr'>aliis</span> <span class='ocrx_word' id='word_1_316' title='bbox 615 2522 758 2563; x_wconf 90' lang='lat' dir='ltr'>quoque</span> <span class='ocrx_word' id='word_1_317' title='bbox 772 2509 885 2546; x_wconf 87' lang='lat' dir='ltr'>Latini</span> <span class='ocrx_word' id='word_1_318' title='bbox 907 2508 1085 2544; x_wconf 86' lang='lat' dir='ltr'>Sermonis</span> 
     </span>
     <span class='ocr_line' id='line_1_45' title="bbox 60 2562 1085 2615; baseline -0.003 -11"><span class='ocrx_word' id='word_1_319' title='bbox 60 2596 86 2615; x_wconf 93' lang='lat'><strong>„</strong></span> <span class='ocrx_word' id='word_1_320' title='bbox 101 2564 298 2604; x_wconf 61' lang='lat' dir='ltr'>auctoribus</span> <span class='ocrx_word' id='word_1_321' title='bbox 328 2574 611 2614; x_wconf 74' lang='lat' dir='ltr'>comportatum5</span> <span class='ocrx_word' id='word_1_322' title='bbox 659 2562 979 2614; x_wconf 78' lang='lat' dir='ltr'>probatissimorum</span> <span class='ocrx_word' id='word_1_323' title='bbox 1009 2571 1085 2601; x_wconf 88' lang='grc'>111111</span> 
     </span>
     <span class='ocr_line' id='line_1_46' title="bbox 60 2618 1085 2671; baseline -0.006 -12"><span class='ocrx_word' id='word_1_324' title='bbox 60 2649 84 2671; x_wconf 85' lang='grc'>,,</span> <span class='ocrx_word' id='word_1_325' title='bbox 99 2622 306 2661; x_wconf 71' lang='grc'>0131010111,</span> <span class='ocrx_word' id='word_1_326' title='bbox 329 2620 602 2668; x_wconf 87' lang='lat' dir='ltr'>Historicorum,</span> <span class='ocrx_word' id='word_1_327' title='bbox 633 2622 815 2660; x_wconf 87' lang='lat' dir='ltr'>1Ctorum‚</span> <span class='ocrx_word' id='word_1_328' title='bbox 837 2618 1085 2664; x_wconf 89' lang='lat' dir='ltr'>Medicorum,</span> 
     </span>
     <span class='ocr_line' id='line_1_47' title="bbox 59 2673 1084 2727; baseline -0.005 -13"><span class='ocrx_word' id='word_1_329' title='bbox 59 2706 82 2725; x_wconf 90' lang='lat'>„</span> <span class='ocrx_word' id='word_1_330' title='bbox 97 2686 170 2714; x_wconf 88' lang='lat' dir='ltr'>tum</span> <span class='ocrx_word' id='word_1_331' title='bbox 186 2677 288 2713; x_wconf 88' lang='lat' dir='ltr'>etiam</span> <span class='ocrx_word' id='word_1_332' title='bbox 302 2677 485 2713; x_wconf 80' lang='lat' dir='ltr'>Poetarum</span> <span class='ocrx_word' id='word_1_333' title='bbox 501 2674 605 2713; x_wconf 79' lang='lat' dir='ltr'>verba</span> <span class='ocrx_word' id='word_1_334' title='bbox 625 2685 660 2715; x_wconf 91' lang='lat' dir='ltr'>et</span> <span class='ocrx_word' id='word_1_335' title='bbox 680 2674 847 2727; x_wconf 90' lang='lat' dir='ltr'>loquendi</span> <span class='ocrx_word' id='word_1_336' title='bbox 868 2673 997 2712; x_wconf 89' lang='lat' dir='ltr'>modos</span> <span class='ocrx_word' id='word_1_337' title='bbox 1022 2685 1084 2710; x_wconf 91' lang='lat' dir='ltr'>co-</span> 
     </span>
     <span class='ocr_line' id='line_1_48' title="bbox 58 2728 1082 2782; baseline -0.004 -13"><span class='ocrx_word' id='word_1_338' title='bbox 58 2759 83 2780; x_wconf 93' lang='lat'>,‚</span> <span class='ocrx_word' id='word_1_339' title='bbox 97 2729 277 2781; x_wconf 85' lang='lat' dir='ltr'>piofiffime</span> <span class='ocrx_word' id='word_1_340' title='bbox 292 2729 528 2779; x_wconf 84' lang='lat' dir='ltr'>explicantem.</span> <span class='ocrx_word' id='word_1_341' title='bbox 539 2760 561 2778; x_wconf 89' lang='lat'>„</span> <span class='ocrx_word' id='word_1_342' title='bbox 614 2732 737 2768; x_wconf 79' lang='lat' dir='ltr'>Lucius</span> <span class='ocrx_word' id='word_1_343' title='bbox 751 2729 849 2782; x_wconf 90' lang='lat' dir='ltr'>quod</span> <span class='ocrx_word' id='word_1_344' title='bbox 860 2742 931 2767; x_wconf 92' lang='lat' dir='ltr'>non</span> <span class='ocrx_word' id='word_1_345' title='bbox 945 2728 1082 2779; x_wconf 85' lang='lat' dir='ltr'>praesti-</span> 
     </span>
     <span class='ocr_line' id='line_1_49' title="bbox 58 2783 1083 2836; baseline -0.004 -11"><span class='ocrx_word' id='word_1_346' title='bbox 58 2787 113 2825; x_wconf 87' lang='lat' dir='ltr'>stit</span> <span class='ocrx_word' id='word_1_347' title='bbox 125 2783 286 2826; x_wconf 88' lang='lat' dir='ltr'>Nizolius</span> <span class='ocrx_word' id='word_1_348' title='bbox 299 2799 319 2823; x_wconf 89' lang='lat' dir='ltr'>e</span> <span class='ocrx_word' id='word_1_349' title='bbox 332 2797 460 2834; x_wconf 83' lang='lat' dir='ltr'>magno</span> <span class='ocrx_word' id='word_1_350' title='bbox 474 2788 629 2836; x_wconf 81' lang='lat' dir='ltr'>Linguae</span> <span class='ocrx_word' id='word_1_351' title='bbox 643 2788 781 2824; x_wconf 78' lang='lat' dir='ltr'>Latinae</span> <span class='ocrx_word' id='word_1_352' title='bbox 799 2784 996 2832; x_wconf 73' lang='lat' dir='ltr'>Thesauro,</span> <span class='ocrx_word' id='word_1_353' title='bbox 1011 2784 1083 2822; x_wconf 86' lang='lat' dir='ltr'>Ste-</span> 
     </span>
     <span class='ocr_line' id='line_1_50' title="bbox 51 2837 1086 2894; baseline -0.003 -15"><span class='ocrx_word' id='word_1_354' title='bbox 51 2841 164 2894; x_wconf 81' lang='lat' dir='ltr'>phani</span> <span class='ocrx_word' id='word_1_355' title='bbox 180 2849 281 2890; x_wconf 88' lang='lat' dir='ltr'>puta,</span> <span class='ocrx_word' id='word_1_356' title='bbox 307 2838 366 2878; x_wconf 83' lang='lat' dir='ltr'>fibi</span> <span class='ocrx_word' id='word_1_357' title='bbox 382 2842 543 2891; x_wconf 87' lang='lat' dir='ltr'>arripuit,</span> <span class='ocrx_word' id='word_1_358' title='bbox 570 2840 611 2879; x_wconf 79' lang='lat' dir='ltr'>ab</span> <span class='ocrx_word' id='word_1_359' title='bbox 627 2842 702 2891; x_wconf 89' lang='lat' dir='ltr'>ipso</span> <span class='ocrx_word' id='word_1_360' title='bbox 722 2839 843 2879; x_wconf 80' lang='lat' dir='ltr'>Plauto</span> <span class='ocrx_word' id='word_1_361' title='bbox 868 2839 909 2878; x_wconf 87' lang='lat' dir='ltr'>ad</span> <span class='ocrx_word' id='word_1_362' title='bbox 925 2837 1086 2878; x_wconf 83' lang='lat' dir='ltr'>Claudia-</span> 
     </span>
     <span class='ocr_line' id='line_1_51' title="bbox 59 2893 1084 2949; baseline -0.001 -16"><span class='ocrx_word' id='word_1_363' title='bbox 59 2908 136 2933; x_wconf 85' lang='lat' dir='ltr'>num</span> <span class='ocrx_word' id='word_1_364' title='bbox 151 2907 260 2948; x_wconf 88' lang='lat' dir='ltr'>vsque</span> <span class='ocrx_word' id='word_1_365' title='bbox 275 2894 377 2933; x_wconf 85' lang='lat' dir='ltr'>verba</span> <span class='ocrx_word' id='word_1_366' title='bbox 404 2894 660 2949; x_wconf 89' lang='lat' dir='ltr'>verborumque</span> <span class='ocrx_word' id='word_1_367' title='bbox 675 2897 754 2934; x_wconf 88' lang='lat' dir='ltr'>vsus</span> <span class='ocrx_word' id='word_1_368' title='bbox 767 2893 967 2942; x_wconf 84' lang='lat' dir='ltr'>conferens,</span> <span class='ocrx_word' id='word_1_369' title='bbox 993 2895 1084 2933; x_wconf 87' lang='lat' dir='ltr'>rese-</span> 
     </span>
     <span class='ocr_line' id='line_1_52' title="bbox 60 2947 1085 3003; baseline -0.001 -14"><span class='ocrx_word' id='word_1_370' title='bbox 60 2947 125 2989; x_wconf 72' lang='lat' dir='ltr'>ffls</span> <span class='ocrx_word' id='word_1_371' title='bbox 135 2978 144 2991; x_wconf 90' lang='lat'>‚</span> <span class='ocrx_word' id='word_1_372' title='bbox 162 2963 250 3002; x_wconf 82' lang='lat' dir='ltr'>quae</span> <span class='ocrx_word' id='word_1_373' title='bbox 265 2961 334 2989; x_wconf 85' lang='lat' dir='ltr'>erat</span> <span class='ocrx_word' id='word_1_374' title='bbox 348 2951 441 2988; x_wconf 87' lang='lat' dir='ltr'>istius</span> <span class='ocrx_word' id='word_1_375' title='bbox 455 2949 580 2990; x_wconf 87' lang='lat' dir='ltr'>saeculi</span> <span class='ocrx_word' id='word_1_376' title='bbox 595 2953 826 3000; x_wconf 64' lang='lat' dir='ltr'>continentia,</span> <span class='ocrx_word' id='word_1_377' title='bbox 845 2952 994 3003; x_wconf 83' lang='lat' dir='ltr'>propriis</span> <span class='ocrx_word' id='word_1_378' title='bbox 1019 2963 1085 2988; x_wconf 88' lang='lat' dir='ltr'>no-</span> 
     </span>
     <span class='ocr_line' id='line_1_53' title="bbox 60 2997 1085 3059; baseline -0.001 -15"><span class='ocrx_word' id='word_1_379' title='bbox 60 2997 231 3052; x_wconf 80' lang='lat' dir='ltr'>minibus,</span> <span class='ocrx_word' id='word_1_380' title='bbox 245 3005 383 3058; x_wconf 81' lang='lat' dir='ltr'>aliisque</span> <span class='ocrx_word' id='word_1_381' title='bbox 397 3005 573 3056; x_wconf 89' lang='lat' dir='ltr'>plurimis,</span> <span class='ocrx_word' id='word_1_382' title='bbox 603 3020 757 3059; x_wconf 90' lang='lat' dir='ltr'>quorum</span> <span class='ocrx_word' id='word_1_383' title='bbox 780 3005 961 3056; x_wconf 81' lang='lat' dir='ltr'>peculiaria</span> <span class='ocrx_word' id='word_1_384' title='bbox 974 3006 1085 3043; x_wconf 55' lang='lat' dir='ltr'>&lt;Ono-</span> 
     </span>
     <span class='ocr_line' id='line_1_54' title="bbox 46 3060 1085 3116; baseline 0 -19"><span class='ocrx_word' id='word_1_385' title='bbox 46 3060 197 3116; x_wconf 51' lang='lat' dir='ltr'>¹mastica</span> <span class='ocrx_word' id='word_1_386' title='bbox 211 3060 328 3110; x_wconf 82' lang='lat' dir='ltr'>paffim</span> <span class='ocrx_word' id='word_1_387' title='bbox 349 3061 524 3110; x_wconf 87' lang='lat' dir='ltr'>exstitere,</span> <span class='ocrx_word' id='word_1_388' title='bbox 565 3062 608 3100; x_wconf 91' lang='lat' dir='ltr'>de</span> <span class='ocrx_word' id='word_1_389' title='bbox 632 3061 818 3109; x_wconf 78' lang='lat' dir='ltr'>iis‚rebus‚</span> <span class='ocrx_word' id='word_1_390' title='bbox 847 3063 896 3098; x_wconf 88' lang='lat' dir='ltr'>vti</span> <span class='ocrx_word' id='word_1_391' title='bbox 919 3073 979 3111; x_wconf 91' lang='lat' dir='ltr'>par</span> <span class='ocrx_word' id='word_1_392' title='bbox 1002 3069 1085 3107; x_wconf 88' lang='lat' dir='ltr'>erat,</span> 
     </span>
     <span class='ocr_line' id='line_1_55' title="bbox 59 3114 1086 3170; baseline 0.001 -17"><span class='ocrx_word' id='word_1_393' title='bbox 59 3114 278 3153; x_wconf 84' lang='lat' dir='ltr'>consulenda.</span> <span class='ocrx_word' id='word_1_394' title='bbox 332 3115 389 3170; x_wconf 82' lang='lat' dir='ltr'>Ad</span> <span class='ocrx_word' id='word_1_395' title='bbox 403 3129 610 3155; x_wconf 74' lang='lat' dir='ltr'>N1zonvM</span> <span class='ocrx_word' id='word_1_396' title='bbox 633 3126 749 3155; x_wconf 86' lang='lat' dir='ltr'>autem</span> <span class='ocrx_word' id='word_1_397' title='bbox 767 3126 804 3153; x_wconf 92' lang='lat' dir='ltr'>vt</span> <span class='ocrx_word' id='word_1_398' title='bbox 831 3115 1012 3168; x_wconf 89' lang='lat' dir='ltr'>aliquando</span> <span class='ocrx_word' id='word_1_399' title='bbox 1032 3130 1086 3154; x_wconf 87' lang='lat' dir='ltr'>re-</span> 
     </span>
     <span class='ocr_line' id='line_1_56' title="bbox 60 3170 1088 3225; baseline 0.001 -17"><span class='ocrx_word' id='word_1_400' title='bbox 60 3180 253 3218; x_wconf 83' lang='lat' dir='ltr'>vertamur,</span> <span class='ocrx_word' id='word_1_401' title='bbox 277 3180 316 3207; x_wconf 84' lang='lat' dir='ltr'>ea</span> <span class='ocrx_word' id='word_1_402' title='bbox 329 3172 400 3225; x_wconf 78' lang='lat' dir='ltr'>erat</span> <span class='ocrx_word' id='word_1_403' title='bbox 412 3170 467 3209; x_wconf 88' lang='lat' dir='ltr'>vel</span> <span class='ocrx_word' id='word_1_404' title='bbox 481 3172 648 3211; x_wconf 82' lang='lat' dir='ltr'>modestia</span> <span class='ocrx_word' id='word_1_405' title='bbox 663 3172 718 3211; x_wconf 88' lang='lat' dir='ltr'>vel</span> <span class='ocrx_word' id='word_1_406' title='bbox 738 3170 954 3220; x_wconf 86' lang='lat' dir='ltr'>infelicitate,</span> <span class='ocrx_word' id='word_1_407' title='bbox 984 3182 1021 3210; x_wconf 91' lang='lat' dir='ltr'>vt</span> <span class='ocrx_word' id='word_1_408' title='bbox 1036 3174 1088 3218; x_wconf 85' lang='grc'>111-</span> 
     </span>
    </p>
   </div>
   <div class='ocr_carea' id='block_1_10' title="bbox 99 3325 2192 3409">
    <p class='ocr_par' dir='ltr' id='par_1_10' title="bbox 99 3325 2192 3409">
     <span class='ocr_line' id='line_1_57' title="bbox 99 3325 1476 3368; baseline 0 -12"><span class='ocrx_word' id='word_1_409' title='bbox 99 3332 129 3362; x_wconf 86' lang='lat' dir='ltr'>a)</span> <span class='ocrx_word' id='word_1_410' title='bbox 148 3329 185 3356; x_wconf 85' lang='lat' dir='ltr'>Ex</span> <span class='ocrx_word' id='word_1_411' title='bbox 199 3325 332 3364; x_wconf 79' lang='lat' dir='ltr'>Catalogo</span> <span class='ocrx_word' id='word_1_412' title='bbox 345 3329 468 3366; x_wconf 87' lang='lat' dir='ltr'>Operum</span> <span class='ocrx_word' id='word_1_413' title='bbox 485 3326 699 3364; x_wconf 66' lang='lat' dir='ltr'>Gesnerianormn</span> <span class='ocrx_word' id='word_1_414' title='bbox 712 3340 726 3358; x_wconf 82' lang='lat' dir='ltr'>a</span> <span class='ocrx_word' id='word_1_415' title='bbox 742 3328 766 3357; x_wconf 83' lang='lat' dir='ltr'>se</span> <span class='ocrx_word' id='word_1_416' title='bbox 782 3327 930 3368; x_wconf 83' lang='lat' dir='ltr'>conscripto</span> <span class='ocrx_word' id='word_1_417' title='bbox 943 3351 952 3364; x_wconf 92' lang='lat'>,</span> <span class='ocrx_word' id='word_1_418' title='bbox 973 3339 1055 3368; x_wconf 85' lang='lat' dir='ltr'>quem</span> <span class='ocrx_word' id='word_1_419' title='bbox 1069 3328 1161 3357; x_wconf 83' lang='lat' dir='ltr'>videi-e</span> <span class='ocrx_word' id='word_1_420' title='bbox 1178 3327 1239 3357; x_wconf 85' lang='lat' dir='ltr'>licet</span> <span class='ocrx_word' id='word_1_421' title='bbox 1256 3330 1284 3356; x_wconf 89' lang='lat' dir='ltr'>in</span> <span class='ocrx_word' id='word_1_422' title='bbox 1301 3326 1476 3357; x_wconf 78' lang='lat' dir='ltr'>Bibliotheca.</span> 
     </span>
     <span class='ocr_line' id='line_1_58' title="bbox 479 3364 2192 3409; baseline -0.001 -14"><span class='ocrx_word' id='word_1_423' title='bbox 479 3373 503 3402; x_wconf 87' lang='lat' dir='ltr'>c)</span> <span class='ocrx_word' id='word_1_424' title='bbox 525 3368 607 3404; x_wconf 78' lang='lat' dir='ltr'>Lugd.</span> <span class='ocrx_word' id='word_1_425' title='bbox 625 3370 696 3409; x_wconf 83' lang='lat' dir='ltr'>apud</span> <span class='ocrx_word' id='word_1_426' title='bbox 715 3372 793 3398; x_wconf 79' lang='lat' dir='ltr'>Bart.</span> <span class='ocrx_word' id='word_1_427' title='bbox 808 3370 929 3403; x_wconf 80' lang='lat' dir='ltr'>ancent.</span> <span class='ocrx_word' id='word_1_428' title='bbox 951 3369 998 3399; x_wconf 89' lang='lat' dir='ltr'>fol.</span> <span class='ocrx_word' id='word_1_429' title='bbox 1023 3373 1099 3407; x_wconf 87' lang='lat'><em>1607.</em></span> <span class='ocrx_word' id='word_1_430' title='bbox 1127 3368 1187 3397; x_wconf 86' lang='lat' dir='ltr'>Col.</span> <span class='ocrx_word' id='word_1_431' title='bbox 1205 3369 1310 3398; x_wconf 90' lang='lat' dir='ltr'>Allobr.</span> <span class='ocrx_word' id='word_1_432' title='bbox 1334 3373 1402 3399; x_wconf 68' lang='lat'>1612.</span> <span class='ocrx_word' id='word_1_433' title='bbox 1421 3375 1478 3404; x_wconf 83' lang='lat' dir='ltr'>4t0.</span> <span class='ocrx_word' id='word_1_434' title='bbox 1502 3374 1528 3395; x_wconf 89' lang='lat' dir='ltr'>et</span> <span class='ocrx_word' id='word_1_435' title='bbox 1543 3366 1626 3403; x_wconf 84' lang='lat' dir='ltr'>Lugd.</span> <span class='ocrx_word' id='word_1_436' title='bbox 1647 3369 1710 3397; x_wconf 79' lang='lat'>16¹3.</span> <span class='ocrx_word' id='word_1_437' title='bbox 1731 3371 1790 3397; x_wconf 78' lang='lat' dir='ltr'>4to.</span> <span class='ocrx_word' id='word_1_438' title='bbox 1838 3364 1914 3393; x_wconf 86' lang='lat' dir='ltr'>Idem</span> <span class='ocrx_word' id='word_1_439' title='bbox 1934 3374 2000 3401; x_wconf 83' lang='lat' dir='ltr'>ergo</span> <span class='ocrx_word' id='word_1_440' title='bbox 2021 3375 2106 3392; x_wconf 83' lang='lat' dir='ltr'>annus</span> <span class='ocrx_word' id='word_1_441' title='bbox 2127 3367 2192 3398; x_wconf 81' lang='lat'>1613.</span> 
     </span>
    </p>
   </div>
   <div class='ocr_carea' id='block_1_11' title="bbox 141 3367 416 3402">
    <p class='ocr_par' dir='ltr' id='par_1_11' title="bbox 141 3367 416 3402">
     <span class='ocr_line' id='line_1_59' title="bbox 141 3367 416 3402; baseline 0.004 -6"><span class='ocrx_word' id='word_1_442' title='bbox 141 3367 263 3396; x_wconf 69' lang='lat' dir='ltr'>francof.</span> <span class='ocrx_word' id='word_1_443' title='bbox 284 3372 348 3402; x_wconf 82' lang='lat'>1613.</span> <span class='ocrx_word' id='word_1_444' title='bbox 368 3367 416 3397; x_wconf 86' lang='lat' dir='ltr'>fol.</span> 
     </span>
    </p>
   </div>
   <div class='ocr_carea' id='block_1_12' title="bbox 1126 140 2192 2836">
    <p class='ocr_par' dir='ltr' id='par_1_12' title="bbox 1126 140 2192 2836">
     <span class='ocr_line' id='line_1_60' title="bbox 1133 140 2170 193; baseline -0.002 -13"><span class='ocrx_word' id='word_1_445' title='bbox 1133 140 1190 180; x_wconf 72' lang='lat' dir='ltr'>vhil</span> <span class='ocrx_word' id='word_1_446' title='bbox 1205 140 1277 179; x_wconf 87' lang='lat' dir='ltr'>fere</span> <span class='ocrx_word' id='word_1_447' title='bbox 1291 141 1335 178; x_wconf 90' lang='lat' dir='ltr'>de</span> <span class='ocrx_word' id='word_1_448' title='bbox 1348 143 1421 178; x_wconf 84' lang='lat' dir='ltr'>eius</span> <span class='ocrx_word' id='word_1_449' title='bbox 1436 140 1525 182; x_wconf 81' lang='lat' dir='ltr'>fama</span> <span class='ocrx_word' id='word_1_450' title='bbox 1541 142 1595 180; x_wconf 91' lang='lat' dir='ltr'>vel</span> <span class='ocrx_word' id='word_1_451' title='bbox 1609 140 1758 186; x_wconf 87' lang='lat' dir='ltr'>fortunis</span> <span class='ocrx_word' id='word_1_452' title='bbox 1777 143 1964 193; x_wconf 86' lang='lat' dir='ltr'>posteritati</span> <span class='ocrx_word' id='word_1_453' title='bbox 1978 140 2170 180; x_wconf 83' lang='lat' dir='ltr'>describen-</span> 
     </span>
     <span class='ocr_line' id='line_1_61' title="bbox 1140 195 2173 251; baseline -0.001 -16"><span class='ocrx_word' id='word_1_454' title='bbox 1140 199 1227 235; x_wconf 89' lang='lat' dir='ltr'>dum</span> <span class='ocrx_word' id='word_1_455' title='bbox 1243 195 1426 247; x_wconf 89' lang='lat' dir='ltr'>reliquerit.</span> <span class='ocrx_word' id='word_1_456' title='bbox 1483 200 1571 234; x_wconf 89' lang='lat' dir='ltr'>Nam</span> <span class='ocrx_word' id='word_1_457' title='bbox 1589 211 1676 248; x_wconf 87' lang='lat' dir='ltr'>quae</span> <span class='ocrx_word' id='word_1_458' title='bbox 1695 197 1854 235; x_wconf 74' lang='lat' dir='ltr'>lohannes</span> <span class='ocrx_word' id='word_1_459' title='bbox 1874 200 2063 251; x_wconf 76' lang='lat' dir='ltr'>Norwegus</span> <span class='ocrx_word' id='word_1_460' title='bbox 2087 198 2173 245; x_wconf 64' lang='lat' dir='ltr'>Hcgs2</span> 
     </span>
     <span class='ocr_line' id='line_1_62' title="bbox 1126 252 2173 303; baseline -0.001 -14"><span class='ocrx_word' id='word_1_461' title='bbox 1126 253 1191 302; x_wconf 65' lang='grc' dir='ltr'>βυ</span> <span class='ocrx_word' id='word_1_462' title='bbox 1206 252 1694 300; x_wconf 82' lang='lat' dir='ltr'>PromptuariiGrammatici,</span> <span class='ocrx_word' id='word_1_463' title='bbox 1722 253 2070 303; x_wconf 80' lang='lat' dir='ltr'>Nomenclatorisque</span> <span class='ocrx_word' id='word_1_464' title='bbox 2096 253 2173 288; x_wconf 81' lang='lat' dir='ltr'>Au-</span> 
     </span>
     <span class='ocr_line' id='line_1_63' title="bbox 1140 306 2175 358; baseline -0.001 -14"><span class='ocrx_word' id='word_1_465' title='bbox 1140 306 1280 344; x_wconf 65' lang='lat' dir='ltr'>storum</span> <span class='ocrx_word' id='word_1_466' title='bbox 1298 308 1334 343; x_wconf 91' lang='lat' dir='ltr'>in</span> <span class='ocrx_word' id='word_1_467' title='bbox 1350 307 1592 354; x_wconf 87' lang='lat' dir='ltr'>Promptuario</span> <span class='ocrx_word' id='word_1_468' title='bbox 1608 308 1793 346; x_wconf 79' lang='lat' dir='ltr'>citatorum</span> <span class='ocrx_word' id='word_1_469' title='bbox 1811 310 1963 358; x_wconf 89' lang='lat' dir='ltr'>Scriptor</span> <span class='ocrx_word' id='word_1_470' title='bbox 1979 308 2022 344; x_wconf 88' lang='lat' dir='ltr'>dc</span> <span class='ocrx_word' id='word_1_471' title='bbox 2045 320 2090 344; x_wconf 90' lang='lat' dir='ltr'>eo</span> <span class='ocrx_word' id='word_1_472' title='bbox 2109 317 2175 343; x_wconf 83' lang='lat' dir='ltr'>tra-</span> 
     </span>
     <span class='ocr_line' id='line_1_64' title="bbox 1141 356 2174 410; baseline -0.003 -10"><span class='ocrx_word' id='word_1_473' title='bbox 1141 363 1247 408; x_wconf 91' lang='lat' dir='ltr'>didit,</span> <span class='ocrx_word' id='word_1_474' title='bbox 1276 356 1558 408; x_wconf 71' lang='grc' dir='ltr'>Γυη1οιύτολεξεῖ,</span> <span class='ocrx_word' id='word_1_475' title='bbox 1587 370 1622 397; x_wconf 89' lang='grc' dir='ltr'>ν1</span> <span class='ocrx_word' id='word_1_476' title='bbox 1636 359 1742 408; x_wconf 85' lang='lat' dir='ltr'>solet,</span> <span class='ocrx_word' id='word_1_477' title='bbox 1760 375 1803 399; x_wconf 85' lang='lat' dir='ltr'>ex</span> <span class='ocrx_word' id='word_1_478' title='bbox 1821 363 1977 401; x_wconf 86' lang='lat' dir='ltr'>Gesnero</span> <span class='ocrx_word' id='word_1_479' title='bbox 1997 363 2174 410; x_wconf 82' lang='lat' dir='ltr'>deieripta.</span> 
     </span>
     <span class='ocr_line' id='line_1_65' title="bbox 1141 416 2174 462; baseline -0.002 -7"><span class='ocrx_word' id='word_1_480' title='bbox 1141 421 1370 455; x_wconf 87' lang='lat' dir='ltr'>Summorum</span> <span class='ocrx_word' id='word_1_481' title='bbox 1385 418 1542 462; x_wconf 86' lang='lat' dir='ltr'>virorum</span> <span class='ocrx_word' id='word_1_482' title='bbox 1565 417 1724 452; x_wconf 78' lang='lat' dir='ltr'>amicitiis</span> <span class='ocrx_word' id='word_1_483' title='bbox 1746 426 1779 453; x_wconf 88' lang='lat' dir='ltr'>et</span> <span class='ocrx_word' id='word_1_484' title='bbox 1806 416 2030 455; x_wconf 53' lang='lat' dir='ltr'>familiaritate</span> <span class='ocrx_word' id='word_1_485' title='bbox 2053 416 2174 454; x_wconf 82' lang='lat' dir='ltr'>Vteba-</span> 
     </span>
     <span class='ocr_line' id='line_1_66' title="bbox 1142 469 2176 523; baseline -0.001 -13"><span class='ocrx_word' id='word_1_486' title='bbox 1142 482 1215 519; x_wconf 89' lang='lat' dir='ltr'>tur,</span> <span class='ocrx_word' id='word_1_487' title='bbox 1239 470 1365 523; x_wconf 90' lang='lat' dir='ltr'>quibus</span> <span class='ocrx_word' id='word_1_488' title='bbox 1388 469 1551 520; x_wconf 63' lang='lat' dir='ltr'>profesto</span> <span class='ocrx_word' id='word_1_489' title='bbox 1576 471 1769 506; x_wconf 87' lang='lat' dir='ltr'>maximum</span> <span class='ocrx_word' id='word_1_490' title='bbox 1784 469 1843 507; x_wconf 85' lang='lat' dir='ltr'>sibi</span> <span class='ocrx_word' id='word_1_491' title='bbox 1872 484 1960 520; x_wconf 87' lang='lat' dir='ltr'>opus</span> <span class='ocrx_word' id='word_1_492' title='bbox 1980 471 2046 509; x_wconf 83' lang='lat' dir='ltr'>effe</span> <span class='ocrx_word' id='word_1_493' title='bbox 2064 472 2176 518; x_wconf 88' lang='lat' dir='ltr'>duxit,</span> 
     </span>
     <span class='ocr_line' id='line_1_67' title="bbox 1144 524 2177 576; baseline -0.001 -11"><span class='ocrx_word' id='word_1_494' title='bbox 1144 528 1188 565; x_wconf 86' lang='lat' dir='ltr'>ad</span> <span class='ocrx_word' id='word_1_495' title='bbox 1210 526 1436 564; x_wconf 86' lang='lat' dir='ltr'>domesticam</span> <span class='ocrx_word' id='word_1_496' title='bbox 1452 527 1655 562; x_wconf 81' lang='lat' dir='ltr'>tenuitatem</span> <span class='ocrx_word' id='word_1_497' title='bbox 1674 524 1929 570; x_wconf 80' lang='lat' dir='ltr'>subleuandam,</span> <span class='ocrx_word' id='word_1_498' title='bbox 1958 539 2022 576; x_wconf 87' lang='lat' dir='ltr'>qua</span> <span class='ocrx_word' id='word_1_499' title='bbox 2041 528 2177 564; x_wconf 83' lang='lat' dir='ltr'>videtur</span> 
     </span>
     <span class='ocr_line' id='line_1_68' title="bbox 1143 577 2178 631; baseline -0.001 -11"><span class='ocrx_word' id='word_1_500' title='bbox 1143 582 1338 620; x_wconf 81' lang='lat' dir='ltr'>admodum</span> <span class='ocrx_word' id='word_1_501' title='bbox 1347 580 1519 618; x_wconf 75' lang='lat' dir='ltr'>laborasse.</span> <span class='ocrx_word' id='word_1_502' title='bbox 1576 582 1623 616; x_wconf 87' lang='lat' dir='ltr'>Ita</span> <span class='ocrx_word' id='word_1_503' title='bbox 1637 577 1708 616; x_wconf 87' lang='lat' dir='ltr'>fere</span> <span class='ocrx_word' id='word_1_504' title='bbox 1719 578 1773 616; x_wconf 88' lang='lat' dir='ltr'>ille</span> <span class='ocrx_word' id='word_1_505' title='bbox 1786 582 1821 616; x_wconf 88' lang='lat' dir='ltr'>in</span> <span class='ocrx_word' id='word_1_506' title='bbox 1829 582 1890 628; x_wconf 87' lang='lat' dir='ltr'>Epi</span> <span class='ocrx_word' id='word_1_507' title='bbox 1895 580 1966 616; x_wconf 83' lang='lat' dir='ltr'>stol.</span> <span class='ocrx_word' id='word_1_508' title='bbox 1977 594 2041 631; x_wconf 85' lang='lat' dir='ltr'>qua</span> <span class='ocrx_word' id='word_1_509' title='bbox 2051 581 2178 619; x_wconf 85' lang='lat' dir='ltr'>librum</span> 
     </span>
     <span class='ocr_line' id='line_1_69' title="bbox 1144 632 2178 686; baseline -0.001 -11"><span class='ocrx_word' id='word_1_510' title='bbox 1144 638 1244 676; x_wconf 88' lang='lat' dir='ltr'>suum</span> <span class='ocrx_word' id='word_1_511' title='bbox 1264 639 1353 674; x_wconf 76' lang='lat' dir='ltr'>roan.</span> <span class='ocrx_word' id='word_1_512' title='bbox 1369 637 1406 672; x_wconf 89' lang='lat' dir='ltr'>F.</span> <span class='ocrx_word' id='word_1_513' title='bbox 1424 632 1616 673; x_wconf 74' lang='lat' dir='ltr'>Gambarae</span> <span class='ocrx_word' id='word_1_514' title='bbox 1632 633 1803 684; x_wconf 78' lang='lat' dir='ltr'>inscripsit.</span> <span class='ocrx_word' id='word_1_515' title='bbox 1840 662 1861 682; x_wconf 58' lang='lat'>,7</span> <span class='ocrx_word' id='word_1_516' title='bbox 1876 638 1966 671; x_wconf 81' lang='lat' dir='ltr'>Nam</span> <span class='ocrx_word' id='word_1_517' title='bbox 1983 648 2178 686; x_wconf 79' lang='lat' dir='ltr'>quanquam</span> 
     </span>
     <span class='ocr_line' id='line_1_70' title="bbox 1143 688 2179 743; baseline -0.003 -13"><span class='ocrx_word' id='word_1_518' title='bbox 1143 723 1165 742; x_wconf 86' lang='lat'><strong>„</strong></span> <span class='ocrx_word' id='word_1_519' title='bbox 1182 690 1320 743; x_wconf 67' lang='lat' dir='ltr'>polium</span> <span class='ocrx_word' id='word_1_520' title='bbox 1342 690 1472 728; x_wconf 89' lang='lat' dir='ltr'>multos</span> <span class='ocrx_word' id='word_1_521' title='bbox 1495 702 1793 736; x_wconf 87' lang='lat' dir='ltr'>commemorare,</span> <span class='ocrx_word' id='word_1_522' title='bbox 1832 688 1959 740; x_wconf 87' lang='lat' dir='ltr'>quibus</span> <span class='ocrx_word' id='word_1_523' title='bbox 1990 689 2179 738; x_wconf 77' lang='lat' dir='ltr'>plurimum</span> 
     </span>
     <span class='ocr_line' id='line_1_71' title="bbox 1143 745 2179 796; baseline -0.005 -10"><span class='ocrx_word' id='word_1_524' title='bbox 1143 776 1168 796; x_wconf 85' lang='lat'>‚,</span> <span class='ocrx_word' id='word_1_525' title='bbox 1184 746 1318 794; x_wconf 86' lang='lat' dir='ltr'>debeo,</span> <span class='ocrx_word' id='word_1_526' title='bbox 1343 756 1378 784; x_wconf 87' lang='lat' dir='ltr'>et</span> <span class='ocrx_word' id='word_1_527' title='bbox 1398 748 1433 783; x_wconf 86' lang='lat' dir='ltr'>iu</span> <span class='ocrx_word' id='word_1_528' title='bbox 1451 748 1490 782; x_wconf 86' lang='lat' dir='ltr'>iis</span> <span class='ocrx_word' id='word_1_529' title='bbox 1516 747 1699 795; x_wconf 86' lang='lat' dir='ltr'>praecipue</span> <span class='ocrx_word' id='word_1_530' title='bbox 1721 745 1941 782; x_wconf 79' lang='lat' dir='ltr'>clarissimum</span> <span class='ocrx_word' id='word_1_531' title='bbox 1966 754 1999 781; x_wconf 86' lang='lat' dir='ltr'>et</span> <span class='ocrx_word' id='word_1_532' title='bbox 2022 745 2179 793; x_wconf 77' lang='lat' dir='ltr'>amplissi-</span> 
     </span>
     <span class='ocr_line' id='line_1_72' title="bbox 1144 799 2181 852; baseline -0.005 -12"><span class='ocrx_word' id='word_1_533' title='bbox 1144 816 1284 852; x_wconf 81' lang='lat' dir='ltr'>„mum</span> <span class='ocrx_word' id='word_1_534' title='bbox 1299 804 1414 840; x_wconf 88' lang='lat' dir='ltr'>virum</span> <span class='ocrx_word' id='word_1_535' title='bbox 1430 802 1650 851; x_wconf 88' lang='lat' dir='ltr'>eundemque</span> <span class='ocrx_word' id='word_1_536' title='bbox 1674 802 1759 836; x_wconf 84' lang='lat' dir='ltr'>Iuris</span> <span class='ocrx_word' id='word_1_537' title='bbox 1781 800 1902 837; x_wconf 85' lang='lat' dir='ltr'>Ciuilis</span> <span class='ocrx_word' id='word_1_538' title='bbox 1922 799 2026 847; x_wconf 79' lang='lat' dir='ltr'>longe</span> <span class='ocrx_word' id='word_1_539' title='bbox 2050 800 2181 848; x_wconf 63' lang='lat' dir='ltr'>peritis-</span> 
     </span>
     <span class='ocr_line' id='line_1_73' title="bbox 1145 855 2182 908; baseline -0.006 -12"><span class='ocrx_word' id='word_1_540' title='bbox 1145 889 1168 908; x_wconf 92' lang='lat'><strong>„</strong></span> <span class='ocrx_word' id='word_1_541' title='bbox 1185 858 1309 897; x_wconf 87' lang='lat' dir='ltr'>fimum</span> <span class='ocrx_word' id='word_1_542' title='bbox 1329 855 1548 894; x_wconf 79' lang='lat' dir='ltr'>Matthaeum</span> <span class='ocrx_word' id='word_1_543' title='bbox 1575 856 1804 893; x_wconf 80' lang='lat' dir='ltr'>Aduoeatum</span> <span class='ocrx_word' id='word_1_544' title='bbox 1829 865 1862 893; x_wconf 85' lang='lat' dir='ltr'>et</span> <span class='ocrx_word' id='word_1_545' title='bbox 1885 856 1957 892; x_wconf 90' lang='lat' dir='ltr'>eius</span> <span class='ocrx_word' id='word_1_546' title='bbox 1980 855 2090 891; x_wconf 84' lang='lat' dir='ltr'>filium</span> <span class='ocrx_word' id='word_1_547' title='bbox 2117 857 2182 891; x_wconf 83' lang='lat' dir='ltr'>Ca-</span> 
     </span>
     <span class='ocr_line' id='line_1_74' title="bbox 1146 900 2182 962; baseline -0.005 -11"><span class='ocrx_word' id='word_1_548' title='bbox 1146 943 1169 962; x_wconf 82' lang='lat'>„</span> <span class='ocrx_word' id='word_1_549' title='bbox 1186 912 1323 951; x_wconf 89' lang='lat' dir='ltr'>millum</span> <span class='ocrx_word' id='word_1_550' title='bbox 1340 900 1596 949; x_wconf 79' lang='lat' dir='ltr'>adolescentem</span> <span class='ocrx_word' id='word_1_551' title='bbox 1612 913 1710 948; x_wconf 89' lang='lat' dir='ltr'>omni</span> <span class='ocrx_word' id='word_1_552' title='bbox 1730 913 1889 960; x_wconf 89' lang='lat' dir='ltr'>corporis</span> <span class='ocrx_word' id='word_1_553' title='bbox 1913 911 2089 961; x_wconf 87' lang='lat' dir='ltr'>animique</span> <span class='ocrx_word' id='word_1_554' title='bbox 2114 912 2182 946; x_wconf 86' lang='lat' dir='ltr'>vir·-</span> 
     </span>
     <span class='ocr_line' id='line_1_75' title="bbox 1146 964 2183 1018; baseline -0.005 -12"><span class='ocrx_word' id='word_1_555' title='bbox 1146 998 1169 1017; x_wconf 86' lang='lat'><strong>„</strong></span> <span class='ocrx_word' id='word_1_556' title='bbox 1183 979 1255 1006; x_wconf 88' lang='lat' dir='ltr'>tute</span> <span class='ocrx_word' id='word_1_557' title='bbox 1270 968 1543 1013; x_wconf 85' lang='lat' dir='ltr'>ornatiffimum,</span> <span class='ocrx_word' id='word_1_558' title='bbox 1572 968 1633 1018; x_wconf 90' lang='lat' dir='ltr'>qui</span> <span class='ocrx_word' id='word_1_559' title='bbox 1648 979 1705 1003; x_wconf 87' lang='lat' dir='ltr'>me</span> <span class='ocrx_word' id='word_1_560' title='bbox 1721 976 1816 1003; x_wconf 82' lang='lat' dir='ltr'>antea</span> <span class='ocrx_word' id='word_1_561' title='bbox 1844 964 1903 1003; x_wconf 86' lang='lat' dir='ltr'>fibi</span> <span class='ocrx_word' id='word_1_562' title='bbox 1922 965 2038 1002; x_wconf 84' lang='lat' dir='ltr'>multis</span> <span class='ocrx_word' id='word_1_563' title='bbox 2061 976 2097 1010; x_wconf 72' lang='lat' dir='ltr'>et</span> <span class='ocrx_word' id='word_1_564' title='bbox 2109 977 2183 1001; x_wconf 79' lang='lat' dir='ltr'>ma-</span> 
     </span>
     <span class='ocr_line' id='line_1_76' title="bbox 1146 1019 2184 1073; baseline -0.005 -12"><span class='ocrx_word' id='word_1_565' title='bbox 1146 1053 1170 1073; x_wconf 91' lang='lat'>„</span> <span class='ocrx_word' id='word_1_566' title='bbox 1185 1026 1260 1072; x_wconf 77' lang='lat' dir='ltr'>gnis</span> <span class='ocrx_word' id='word_1_567' title='bbox 1282 1023 1325 1061; x_wconf 87' lang='lat' dir='ltr'>de</span> <span class='ocrx_word' id='word_1_568' title='bbox 1343 1021 1447 1060; x_wconf 87' lang='lat' dir='ltr'>causis</span> <span class='ocrx_word' id='word_1_569' title='bbox 1469 1023 1622 1059; x_wconf 83' lang='lat' dir='ltr'>maxime</span> <span class='ocrx_word' id='word_1_570' title='bbox 1643 1020 1836 1070; x_wconf 84' lang='lat' dir='ltr'>obligatum</span> <span class='ocrx_word' id='word_1_571' title='bbox 1858 1033 1951 1058; x_wconf 91' lang='lat' dir='ltr'>nunc</span> <span class='ocrx_word' id='word_1_572' title='bbox 1975 1023 2078 1058; x_wconf 89' lang='lat' dir='ltr'>etiam</span> <span class='ocrx_word' id='word_1_573' title='bbox 2095 1019 2184 1057; x_wconf 88' lang='lat' dir='ltr'>obli-</span> 
     </span>
     <span class='ocr_line' id='line_1_77' title="bbox 1144 1075 2184 1128; baseline -0.005 -12"><span class='ocrx_word' id='word_1_574' title='bbox 1144 1108 1168 1128; x_wconf 89' lang='lat'><strong>„</strong></span> <span class='ocrx_word' id='word_1_575' title='bbox 1184 1088 1307 1128; x_wconf 86' lang='lat' dir='ltr'>garunt</span> <span class='ocrx_word' id='word_1_576' title='bbox 1340 1079 1448 1126; x_wconf 74' lang='lat' dir='ltr'>magis</span> <span class='ocrx_word' id='word_1_577' title='bbox 1464 1107 1474 1124; x_wconf 95' lang='lat'>,</span> <span class='ocrx_word' id='word_1_578' title='bbox 1511 1090 1592 1114; x_wconf 88' lang='lat' dir='ltr'>cum</span> <span class='ocrx_word' id='word_1_579' title='bbox 1628 1078 1664 1113; x_wconf 90' lang='lat' dir='ltr'>in</span> <span class='ocrx_word' id='word_1_580' title='bbox 1700 1077 1892 1114; x_wconf 86' lang='lat' dir='ltr'>editionem</span> <span class='ocrx_word' id='word_1_581' title='bbox 1927 1075 2032 1113; x_wconf 91' lang='lat' dir='ltr'>huius</span> <span class='ocrx_word' id='word_1_582' title='bbox 2068 1077 2184 1124; x_wconf 87' lang='lat' dir='ltr'>operis</span> 
     </span>
     <span class='ocr_line' id='line_1_78' title="bbox 1143 1128 2185 1186; baseline -0.005 -15"><span class='ocrx_word' id='word_1_583' title='bbox 1143 1164 1168 1183; x_wconf 87' lang='lat'>„</span> <span class='ocrx_word' id='word_1_584' title='bbox 1184 1146 1311 1172; x_wconf 80' lang='lat' dir='ltr'>omnem</span> <span class='ocrx_word' id='word_1_585' title='bbox 1335 1133 1511 1186; x_wconf 81' lang='lat' dir='ltr'>pecuniam</span> <span class='ocrx_word' id='word_1_586' title='bbox 1542 1130 1626 1169; x_wconf 87' lang='lat' dir='ltr'>mihi</span> <span class='ocrx_word' id='word_1_587' title='bbox 1648 1128 1872 1175; x_wconf 79' lang='lat' dir='ltr'>liberalzffi&#39;me</span> <span class='ocrx_word' id='word_1_588' title='bbox 1889 1130 2185 1184; x_wconf 73' lang='lat' dir='ltr'>ficppea&#39;itarunt,</span> 
     </span>
     <span class='ocr_line' id='line_1_79' title="bbox 1144 1183 2187 1239; baseline -0.005 -12"><span class='ocrx_word' id='word_1_589' title='bbox 1144 1219 1168 1237; x_wconf 89' lang='lat'>„</span> <span class='ocrx_word' id='word_1_590' title='bbox 1185 1198 1301 1227; x_wconf 89' lang='lat' dir='ltr'>tamen</span> <span class='ocrx_word' id='word_1_591' title='bbox 1316 1198 1350 1226; x_wconf 92' lang='lat' dir='ltr'>et</span> <span class='ocrx_word' id='word_1_592' title='bbox 1364 1186 1437 1238; x_wconf 77' lang='lat' dir='ltr'>ipsi,</span> <span class='ocrx_word' id='word_1_593' title='bbox 1447 1201 1514 1239; x_wconf 83' lang='lat' dir='ltr'>qua</span> <span class='ocrx_word' id='word_1_594' title='bbox 1530 1187 1608 1224; x_wconf 84' lang='lat' dir='ltr'>sunt</span> <span class='ocrx_word' id='word_1_595' title='bbox 1624 1187 1847 1234; x_wconf 81' lang='lat' dir='ltr'>modestia,et</span> <span class='ocrx_word' id='word_1_596' title='bbox 1861 1189 1984 1223; x_wconf 87' lang='lat' dir='ltr'>caeteri</span> <span class='ocrx_word' id='word_1_597' title='bbox 2001 1198 2123 1223; x_wconf 88' lang='lat' dir='ltr'>omnes</span> <span class='ocrx_word' id='word_1_598' title='bbox 2138 1183 2187 1222; x_wconf 76' lang='lat' dir='ltr'>fa-</span> 
     </span>
     <span class='ocr_line' id='line_1_80' title="bbox 1144 1240 2186 1294; baseline -0.005 -12"><span class='ocrx_word' id='word_1_599' title='bbox 1144 1273 1166 1293; x_wconf 86' lang='lat'>„</span> <span class='ocrx_word' id='word_1_600' title='bbox 1183 1244 1249 1282; x_wconf 92' lang='lat' dir='ltr'>cile</span> <span class='ocrx_word' id='word_1_601' title='bbox 1273 1246 1446 1294; x_wconf 88' lang='lat' dir='ltr'>patientur</span> <span class='ocrx_word' id='word_1_602' title='bbox 1461 1270 1470 1285; x_wconf 77' lang='lat'>‚</span> <span class='ocrx_word' id='word_1_603' title='bbox 1505 1252 1541 1280; x_wconf 85' lang='lat' dir='ltr'>vt</span> <span class='ocrx_word' id='word_1_604' title='bbox 1567 1255 1626 1280; x_wconf 87' lang='lat' dir='ltr'>me</span> <span class='ocrx_word' id='word_1_605' title='bbox 1660 1241 1724 1279; x_wconf 89' lang='lat' dir='ltr'>tibi</span> <span class='ocrx_word' id='word_1_606' title='bbox 1755 1241 1831 1291; x_wconf 84' lang='lat' dir='ltr'>plus</span> <span class='ocrx_word' id='word_1_607' title='bbox 1849 1254 1954 1293; x_wconf 88' lang='lat' dir='ltr'>quam</span> <span class='ocrx_word' id='word_1_608' title='bbox 1976 1240 2037 1279; x_wconf 89' lang='lat' dir='ltr'>fibi</span> <span class='ocrx_word' id='word_1_609' title='bbox 2064 1241 2186 1278; x_wconf 86' lang='lat' dir='ltr'>deuin-</span> 
     </span>
     <span class='ocr_line' id='line_1_81' title="bbox 1145 1294 2187 1349; baseline -0.005 -12"><span class='ocrx_word' id='word_1_610' title='bbox 1145 1330 1167 1349; x_wconf 84' lang='lat'><strong>„</strong></span> <span class='ocrx_word' id='word_1_611' title='bbox 1183 1299 1280 1337; x_wconf 67' lang='lat' dir='ltr'>cium</span> <span class='ocrx_word' id='word_1_612' title='bbox 1297 1299 1364 1337; x_wconf 79' lang='lat' dir='ltr'>effe</span> <span class='ocrx_word' id='word_1_613' title='bbox 1380 1299 1556 1336; x_wconf 84' lang='lat' dir='ltr'>confitear.</span> <span class='ocrx_word' id='word_1_614' title='bbox 1616 1300 1678 1335; x_wconf 90' lang='lat' dir='ltr'>Tu</span> <span class='ocrx_word' id='word_1_615' title='bbox 1695 1299 1788 1334; x_wconf 90' lang='lat' dir='ltr'>enim</span> <span class='ocrx_word' id='word_1_616' title='bbox 1804 1300 1957 1346; x_wconf 86' lang='lat' dir='ltr'>primum</span> <span class='ocrx_word' id='word_1_617' title='bbox 1973 1294 2111 1349; x_wconf 82' lang='lat' dir='ltr'>hospitio</span> <span class='ocrx_word' id='word_1_618' title='bbox 2134 1308 2187 1332; x_wconf 76' lang='lat' dir='ltr'>me</span> 
     </span>
     <span class='ocr_line' id='line_1_82' title="bbox 1146 1351 2188 1407; baseline -0.006 -13"><span class='ocrx_word' id='word_1_619' title='bbox 1146 1386 1169 1405; x_wconf 90' lang='lat'>„</span> <span class='ocrx_word' id='word_1_620' title='bbox 1186 1352 1336 1406; x_wconf 76' lang='lat' dir='ltr'>accepisti</span> <span class='ocrx_word' id='word_1_621' title='bbox 1351 1383 1363 1402; x_wconf 87' lang='lat'>,</span> <span class='ocrx_word' id='word_1_622' title='bbox 1402 1356 1551 1407; x_wconf 83' lang='lat' dir='ltr'>quoiam</span> <span class='ocrx_word' id='word_1_623' title='bbox 1568 1355 1709 1391; x_wconf 84' lang='lat' dir='ltr'>tertium</span> <span class='ocrx_word' id='word_1_624' title='bbox 1735 1363 1768 1389; x_wconf 87' lang='lat' dir='ltr'>et</span> <span class='ocrx_word' id='word_1_625' title='bbox 1789 1351 1951 1390; x_wconf 86' lang='lat' dir='ltr'>decimum</span> <span class='ocrx_word' id='word_1_626' title='bbox 1974 1364 2098 1390; x_wconf 77' lang='lat' dir='ltr'>annum</span> <span class='ocrx_word' id='word_1_627' title='bbox 2120 1351 2188 1389; x_wconf 86' lang='lat' dir='ltr'>ho-</span> 
     </span>
     <span class='ocr_line' id='line_1_83' title="bbox 1145 1404 2188 1460; baseline -0.007 -11"><span class='ocrx_word' id='word_1_628' title='bbox 1145 1411 1370 1460; x_wconf 83' lang='lat' dir='ltr'>„nestiffime</span> <span class='ocrx_word' id='word_1_629' title='bbox 1393 1419 1474 1446; x_wconf 87' lang='lat' dir='ltr'>vtor</span> <span class='ocrx_word' id='word_1_630' title='bbox 1491 1439 1501 1455; x_wconf 94' lang='lat'>,</span> <span class='ocrx_word' id='word_1_631' title='bbox 1536 1418 1574 1445; x_wconf 78' lang='lat' dir='ltr'>tu</span> <span class='ocrx_word' id='word_1_632' title='bbox 1603 1410 1801 1450; x_wconf 79' lang='lat' dir='ltr'>tenuitatem</span> <span class='ocrx_word' id='word_1_633' title='bbox 1836 1419 1942 1445; x_wconf 87' lang='lat' dir='ltr'>meam</span> <span class='ocrx_word' id='word_1_634' title='bbox 1976 1404 2188 1443; x_wconf 80' lang='lat' dir='ltr'>liberalitate</span> 
     </span>
     <span class='ocr_line' id='line_1_84' title="bbox 1146 1462 2189 1515; baseline -0.006 -11"><span class='ocrx_word' id='word_1_635' title='bbox 1146 1496 1170 1515; x_wconf 89' lang='lat'>„</span> <span class='ocrx_word' id='word_1_636' title='bbox 1187 1477 1247 1504; x_wconf 84' lang='lat' dir='ltr'>tua</span> <span class='ocrx_word' id='word_1_637' title='bbox 1284 1465 1418 1515; x_wconf 90' lang='lat' dir='ltr'>semper</span> <span class='ocrx_word' id='word_1_638' title='bbox 1445 1464 1631 1501; x_wconf 86' lang='lat' dir='ltr'>sustentasti</span> <span class='ocrx_word' id='word_1_639' title='bbox 1653 1490 1662 1504; x_wconf 83' lang='lat'>,</span> <span class='ocrx_word' id='word_1_640' title='bbox 1703 1473 1741 1499; x_wconf 90' lang='lat' dir='ltr'>tu</span> <span class='ocrx_word' id='word_1_641' title='bbox 1763 1462 1875 1500; x_wconf 80' lang='lat' dir='ltr'>literas</span> <span class='ocrx_word' id='word_1_642' title='bbox 1912 1473 1946 1500; x_wconf 85' lang='lat' dir='ltr'>et</span> <span class='ocrx_word' id='word_1_643' title='bbox 1975 1463 2083 1499; x_wconf 84' lang='lat' dir='ltr'>studia</span> <span class='ocrx_word' id='word_1_644' title='bbox 2111 1473 2189 1498; x_wconf 76' lang='lat' dir='ltr'>inea</span> 
     </span>
     <span class='ocr_line' id='line_1_85' title="bbox 1146 1517 2189 1572; baseline -0.006 -12"><span class='ocrx_word' id='word_1_645' title='bbox 1146 1550 1170 1570; x_wconf 87' lang='lat'>‚,</span> <span class='ocrx_word' id='word_1_646' title='bbox 1185 1533 1362 1572; x_wconf 87' lang='lat' dir='ltr'>nunquam</span> <span class='ocrx_word' id='word_1_647' title='bbox 1397 1518 1520 1557; x_wconf 88' lang='lat' dir='ltr'>fouere</span> <span class='ocrx_word' id='word_1_648' title='bbox 1568 1528 1604 1555; x_wconf 89' lang='lat' dir='ltr'>et</span> <span class='ocrx_word' id='word_1_649' title='bbox 1635 1520 1784 1555; x_wconf 85' lang='lat' dir='ltr'>excitare</span> <span class='ocrx_word' id='word_1_650' title='bbox 1819 1517 1972 1555; x_wconf 87' lang='lat' dir='ltr'>destitisti</span> <span class='ocrx_word' id='word_1_651' title='bbox 1995 1547 2005 1564; x_wconf 91' lang='lat'>,</span> <span class='ocrx_word' id='word_1_652' title='bbox 2055 1527 2093 1554; x_wconf 91' lang='lat' dir='ltr'>tu</span> <span class='ocrx_word' id='word_1_653' title='bbox 2131 1529 2189 1554; x_wconf 82' lang='lat' dir='ltr'>me</span> 
     </span>
     <span class='ocr_line' id='line_1_86' title="bbox 1146 1571 2189 1625; baseline -0.007 -10"><span class='ocrx_word' id='word_1_654' title='bbox 1146 1576 1351 1625; x_wconf 90' lang='lat' dir='ltr'>„omnibus</span> <span class='ocrx_word' id='word_1_655' title='bbox 1390 1574 1492 1613; x_wconf 88' lang='lat' dir='ltr'>rebus</span> <span class='ocrx_word' id='word_1_656' title='bbox 1530 1574 1658 1612; x_wconf 77' lang='lat' dir='ltr'>assidue</span> <span class='ocrx_word' id='word_1_657' title='bbox 1688 1583 1795 1623; x_wconf 90' lang='lat' dir='ltr'>prout</span> <span class='ocrx_word' id='word_1_658' title='bbox 1823 1571 1999 1611; x_wconf 73' lang='lat' dir='ltr'>fiacultates</span> <span class='ocrx_word' id='word_1_659' title='bbox 2033 1582 2112 1609; x_wconf 85' lang='lat' dir='ltr'>tuae</span> <span class='ocrx_word' id='word_1_660' title='bbox 2134 1581 2189 1608; x_wconf 86' lang='lat' dir='ltr'>tu-</span> 
     </span>
     <span class='ocr_line' id='line_1_87' title="bbox 1147 1626 2191 1682; baseline -0.006 -12"><span class='ocrx_word' id='word_1_661' title='bbox 1147 1662 1170 1682; x_wconf 88' lang='lat'>„</span> <span class='ocrx_word' id='word_1_662' title='bbox 1191 1632 1330 1679; x_wconf 88' lang='lat' dir='ltr'>lerunt,</span> <span class='ocrx_word' id='word_1_663' title='bbox 1356 1640 1391 1669; x_wconf 89' lang='lat' dir='ltr'>et</span> <span class='ocrx_word' id='word_1_664' title='bbox 1410 1630 1531 1668; x_wconf 83' lang='lat' dir='ltr'>auxisti</span> <span class='ocrx_word' id='word_1_665' title='bbox 1548 1640 1583 1668; x_wconf 86' lang='lat' dir='ltr'>et</span> <span class='ocrx_word' id='word_1_666' title='bbox 1597 1630 1736 1667; x_wconf 87' lang='lat' dir='ltr'>ornasti.</span> <span class='ocrx_word' id='word_1_667' title='bbox 1797 1629 1896 1678; x_wconf 78' lang='lat' dir='ltr'>Qiid</span> <span class='ocrx_word' id='word_1_668' title='bbox 1911 1628 2019 1666; x_wconf 89' lang='lat' dir='ltr'>multa</span> <span class='ocrx_word' id='word_1_669' title='bbox 2037 1626 2049 1665; x_wconf 90' lang='lat'>?</span> <span class='ocrx_word' id='word_1_670' title='bbox 2077 1627 2137 1665; x_wconf 82' lang='lat' dir='ltr'>nisi</span> <span class='ocrx_word' id='word_1_671' title='bbox 2151 1638 2191 1664; x_wconf 85' lang='lat' dir='ltr'>tu</span> 
     </span>
     <span class='ocr_line' id='line_1_88' title="bbox 1150 1682 2190 1737; baseline -0.005 -12"><span class='ocrx_word' id='word_1_672' title='bbox 1150 1717 1173 1737; x_wconf 84' lang='lat'>„</span> <span class='ocrx_word' id='word_1_673' title='bbox 1189 1687 1301 1726; x_wconf 77' lang='lat' dir='ltr'>fuisses</span> <span class='ocrx_word' id='word_1_674' title='bbox 1316 1717 1327 1735; x_wconf 86' lang='lat'>,</span> <span class='ocrx_word' id='word_1_675' title='bbox 1356 1699 1424 1734; x_wconf 84' lang='lat' dir='ltr'>ego</span> <span class='ocrx_word' id='word_1_676' title='bbox 1439 1685 1541 1735; x_wconf 77' lang='lat' dir='ltr'>plane</span> <span class='ocrx_word' id='word_1_677' title='bbox 1556 1684 1642 1722; x_wconf 88' lang='lat' dir='ltr'>nihil</span> <span class='ocrx_word' id='word_1_678' title='bbox 1665 1684 1779 1722; x_wconf 83' lang='lat' dir='ltr'>effem.</span> <span class='ocrx_word' id='word_1_679' title='bbox 1843 1687 1962 1733; x_wconf 82' lang='lat' dir='ltr'>Qare</span> <span class='ocrx_word' id='word_1_680' title='bbox 1988 1696 2060 1721; x_wconf 90' lang='lat' dir='ltr'>non</span> <span class='ocrx_word' id='word_1_681' title='bbox 2076 1682 2190 1720; x_wconf 87' lang='lat' dir='ltr'>solum</span> 
     </span>
     <span class='ocr_line' id='line_1_89' title="bbox 1150 1737 2191 1792; baseline -0.008 -11"><span class='ocrx_word' id='word_1_682' title='bbox 1150 1773 1174 1792; x_wconf 88' lang='lat'>„</span> <span class='ocrx_word' id='word_1_683' title='bbox 1190 1754 1268 1781; x_wconf 80' lang='lat' dir='ltr'>mea</span> <span class='ocrx_word' id='word_1_684' title='bbox 1284 1743 1408 1791; x_wconf 70' lang='lat' dir='ltr'>omnia</span> <span class='ocrx_word' id='word_1_685' title='bbox 1421 1768 1432 1786; x_wconf 87' lang='lat'>‚</span> <span class='ocrx_word' id='word_1_686' title='bbox 1471 1739 1530 1775; x_wconf 90' lang='lat' dir='ltr'>sed</span> <span class='ocrx_word' id='word_1_687' title='bbox 1545 1751 1603 1774; x_wconf 90' lang='lat' dir='ltr'>me</span> <span class='ocrx_word' id='word_1_688' title='bbox 1618 1738 1732 1785; x_wconf 88' lang='lat' dir='ltr'>ipsum</span> <span class='ocrx_word' id='word_1_689' title='bbox 1747 1739 1889 1786; x_wconf 84' lang='lat' dir='ltr'>prorsus</span> <span class='ocrx_word' id='word_1_690' title='bbox 1906 1738 1968 1774; x_wconf 89' lang='lat' dir='ltr'>tibi</span> <span class='ocrx_word' id='word_1_691' title='bbox 1984 1752 2043 1774; x_wconf 86' lang='lat' dir='ltr'>me</span> <span class='ocrx_word' id='word_1_692' title='bbox 2063 1737 2191 1774; x_wconf 83' lang='lat' dir='ltr'>debere</span> 
     </span>
     <span class='ocr_line' id='line_1_90' title="bbox 1152 1792 2190 1844; baseline -0.006 -10"><span class='ocrx_word' id='word_1_693' title='bbox 1152 1827 1175 1844; x_wconf 92' lang='lat'>„</span> <span class='ocrx_word' id='word_1_694' title='bbox 1192 1797 1314 1834; x_wconf 87' lang='lat' dir='ltr'>fateor.</span> <span class='ocrx_word' id='word_1_695' title='bbox 1338 1822 1361 1843; x_wconf 86' lang='lat'>„</span> <span class='ocrx_word' id='word_1_696' title='bbox 1416 1794 1511 1828; x_wconf 86' lang='lat' dir='ltr'>Vixit</span> <span class='ocrx_word' id='word_1_697' title='bbox 1537 1803 1742 1828; x_wconf 85' lang='lat' dir='ltr'>NIZOLIVS</span> <span class='ocrx_word' id='word_1_698' title='bbox 1765 1804 1780 1827; x_wconf 88' lang='lat' dir='ltr'>s</span> <span class='ocrx_word' id='word_1_699' title='bbox 1795 1805 1818 1827; x_wconf 87' lang='lat' dir='ltr'>T</span> <span class='ocrx_word' id='word_1_700' title='bbox 1834 1805 1852 1827; x_wconf 78' lang='grc' dir='ltr'>Ε</span> <span class='ocrx_word' id='word_1_701' title='bbox 1869 1805 1886 1827; x_wconf 83' lang='grc' dir='ltr'>Ρ</span> <span class='ocrx_word' id='word_1_702' title='bbox 1900 1806 1924 1828; x_wconf 83' lang='lat' dir='ltr'>H</span> <span class='ocrx_word' id='word_1_703' title='bbox 1939 1806 1960 1829; x_wconf 83' lang='lat' dir='ltr'>A</span> <span class='ocrx_word' id='word_1_704' title='bbox 1979 1806 2003 1828; x_wconf 85' lang='lat' dir='ltr'>N</span> <span class='ocrx_word' id='word_1_705' title='bbox 2017 1806 2039 1828; x_wconf 94' lang='lat'><em>0</em></span> <span class='ocrx_word' id='word_1_706' title='bbox 2069 1792 2190 1828; x_wconf 77' lang='lat' dir='ltr'>nostro</span> 
     </span>
     <span class='ocr_line' id='line_1_91' title="bbox 1152 1845 2191 1900; baseline -0.005 -13"><span class='ocrx_word' id='word_1_707' title='bbox 1152 1847 1302 1900; x_wconf 84' lang='lat' dir='ltr'>aequalis</span> <span class='ocrx_word' id='word_1_708' title='bbox 1317 1877 1327 1894; x_wconf 89' lang='lat'>,</span> <span class='ocrx_word' id='word_1_709' title='bbox 1354 1849 1452 1884; x_wconf 88' lang='lat' dir='ltr'>cuius</span> <span class='ocrx_word' id='word_1_710' title='bbox 1475 1857 1619 1896; x_wconf 90' lang='lat' dir='ltr'>quoque</span> <span class='ocrx_word' id='word_1_711' title='bbox 1636 1845 1810 1881; x_wconf 73' lang='lat' dir='ltr'>Thelauri</span> <span class='ocrx_word' id='word_1_712' title='bbox 1832 1846 2024 1881; x_wconf 85' lang='lat' dir='ltr'>editionem</span> <span class='ocrx_word' id='word_1_713' title='bbox 2048 1858 2191 1894; x_wconf 85' lang='lat' dir='ltr'>compa-</span> 
     </span>
     <span class='ocr_line' id='line_1_92' title="bbox 1150 1897 2192 1948; baseline -0.002 -9"><span class='ocrx_word' id='word_1_714' title='bbox 1150 1906 1238 1939; x_wconf 85' lang='lat' dir='ltr'>rauit</span> <span class='ocrx_word' id='word_1_715' title='bbox 1254 1902 1338 1938; x_wconf 90' lang='lat' dir='ltr'>Ven.</span> <span class='ocrx_word' id='word_1_716' title='bbox 1364 1911 1447 1947; x_wconf 85' lang='lat'>1551.</span> <span class='ocrx_word' id='word_1_717' title='bbox 1475 1898 1633 1948; x_wconf 89' lang='lat' dir='ltr'>pluribus</span> <span class='ocrx_word' id='word_1_718' title='bbox 1660 1897 1747 1935; x_wconf 86' lang='lat' dir='ltr'>infra</span> <span class='ocrx_word' id='word_1_719' title='bbox 1765 1898 2036 1936; x_wconf 85' lang='lat' dir='ltr'>describendam.</span> <span class='ocrx_word' id='word_1_720' title='bbox 2109 1902 2192 1937; x_wconf 87' lang='lat' dir='ltr'>Eius</span> 
     </span>
     <span class='ocr_line' id='line_1_93' title="bbox 1151 1953 2192 2004; baseline 0 -12"><span class='ocrx_word' id='word_1_721' title='bbox 1151 1956 1473 1993; x_wconf 78' lang='lat' dir='ltr'>Ciceronianitatem</span> <span class='ocrx_word' id='word_1_722' title='bbox 1499 1953 1583 1991; x_wconf 85' lang='lat' dir='ltr'>salso</span> <span class='ocrx_word' id='word_1_723' title='bbox 1601 1962 1636 1991; x_wconf 87' lang='lat' dir='ltr'>et</span> <span class='ocrx_word' id='word_1_724' title='bbox 1652 1954 1853 2002; x_wconf 82' lang='lat' dir='ltr'>pererudito</span> <span class='ocrx_word' id='word_1_725' title='bbox 1875 1953 2015 2004; x_wconf 84' lang='lat' dir='ltr'>dialogo</span> <span class='ocrx_word' id='word_1_726' title='bbox 2031 1955 2192 2003; x_wconf 86' lang='lat' dir='ltr'>perstrin-</span> 
     </span>
     <span class='ocr_line' id='line_1_94' title="bbox 1148 2006 2190 2062; baseline 0.001 -16"><span class='ocrx_word' id='word_1_727' title='bbox 1148 2011 1200 2060; x_wconf 84' lang='lat' dir='ltr'>git</span> <span class='ocrx_word' id='word_1_728' title='bbox 1220 2007 1485 2062; x_wconf 69' lang='lat' dir='ltr'>HStephanus</span> <span class='ocrx_word' id='word_1_729' title='bbox 1506 2008 1553 2046; x_wconf 90' lang='lat' dir='ltr'>fil.</span> <span class='ocrx_word' id='word_1_730' title='bbox 1574 2006 1875 2057; x_wconf 68' lang='lat' dir='ltr'>Nizoliodidsfialo</span> <span class='ocrx_word' id='word_1_731' title='bbox 1907 2008 1952 2049; x_wconf 85' lang='lat' dir='ltr'>sc.</span> <span class='ocrx_word' id='word_1_732' title='bbox 1978 2015 2073 2059; x_wconf 73' lang='lat'>1578.</span> <span class='ocrx_word' id='word_1_733' title='bbox 2107 2016 2190 2055; x_wconf 73' lang='grc'>8110.</span> 
     </span>
     <span class='ocr_line' id='line_1_95' title="bbox 1149 2063 2191 2118; baseline 0 -15"><span class='ocrx_word' id='word_1_734' title='bbox 1149 2068 1244 2103; x_wconf 89' lang='lat' dir='ltr'>Cum</span> <span class='ocrx_word' id='word_1_735' title='bbox 1266 2066 1319 2102; x_wconf 90' lang='lat' dir='ltr'>M.</span> <span class='ocrx_word' id='word_1_736' title='bbox 1337 2067 1417 2103; x_wconf 84' lang='lat' dir='ltr'>Ant.</span> <span class='ocrx_word' id='word_1_737' title='bbox 1435 2065 1634 2118; x_wconf 76' lang='lat' dir='ltr'>Maioragio</span> <span class='ocrx_word' id='word_1_738' title='bbox 1658 2063 1840 2103; x_wconf 76' lang='lat' dir='ltr'>simultates</span> <span class='ocrx_word' id='word_1_739' title='bbox 1863 2077 2006 2116; x_wconf 88' lang='lat' dir='ltr'>quoque</span> <span class='ocrx_word' id='word_1_740' title='bbox 2029 2065 2191 2103; x_wconf 84' lang='lat' dir='ltr'>literarias</span> 
     </span>
     <span class='ocr_line' id='line_1_96' title="bbox 1148 2119 2191 2171; baseline -0.002 -11"><span class='ocrx_word' id='word_1_741' title='bbox 1148 2123 1328 2168; x_wconf 87' lang='lat' dir='ltr'>exercuit,</span> <span class='ocrx_word' id='word_1_742' title='bbox 1352 2133 1434 2158; x_wconf 91' lang='lat' dir='ltr'>cum</span> <span class='ocrx_word' id='word_1_743' title='bbox 1452 2120 1576 2157; x_wconf 80' lang='lat' dir='ltr'>Ioanne</span> <span class='ocrx_word' id='word_1_744' title='bbox 1603 2133 1747 2171; x_wconf 84' lang='lat' dir='ltr'>quoque</span> <span class='ocrx_word' id='word_1_745' title='bbox 1769 2121 1954 2158; x_wconf 85' lang='lat' dir='ltr'>Vernereto</span> <span class='ocrx_word' id='word_1_746' title='bbox 1971 2119 2191 2159; x_wconf 76' lang='lat' dir='ltr'>Pontorltano</span> 
     </span>
     <span class='ocr_line' id='line_1_97' title="bbox 1149 2174 2192 2229; baseline 0.001 -16"><span class='ocrx_word' id='word_1_747' title='bbox 1149 2178 1210 2229; x_wconf 90' lang='lat' dir='ltr'>qui</span> <span class='ocrx_word' id='word_1_748' title='bbox 1228 2174 1356 2214; x_wconf 87' lang='lat' dir='ltr'>librum</span> <span class='ocrx_word' id='word_1_749' title='bbox 1379 2188 1397 2213; x_wconf 85' lang='lat' dir='ltr'>a</span> <span class='ocrx_word' id='word_1_750' title='bbox 1413 2189 1437 2213; x_wconf 86' lang='lat' dir='ltr'>N</span> <span class='ocrx_word' id='word_1_751' title='bbox 1449 2189 1462 2212; x_wconf 91' lang='lat'>1</span> <span class='ocrx_word' id='word_1_752' title='bbox 1477 2188 1497 2212; x_wconf 92' lang='lat' dir='ltr'>z</span> <span class='ocrx_word' id='word_1_753' title='bbox 1512 2189 1534 2212; x_wconf 95' lang='lat' dir='ltr'>o</span> <span class='ocrx_word' id='word_1_754' title='bbox 1549 2190 1566 2212; x_wconf 90' lang='lat' dir='ltr'>L</span> <span class='ocrx_word' id='word_1_755' title='bbox 1579 2189 1593 2212; x_wconf 94' lang='lat'>1</span> <span class='ocrx_word' id='word_1_756' title='bbox 1607 2189 1629 2212; x_wconf 93' lang='grc'>0</span> <span class='ocrx_word' id='word_1_757' title='bbox 1657 2175 1893 2225; x_wconf 86' lang='lat' dir='ltr'>conscriptum</span> <span class='ocrx_word' id='word_1_758' title='bbox 1914 2185 1948 2213; x_wconf 90' lang='lat' dir='ltr'>et</span> <span class='ocrx_word' id='word_1_759' title='bbox 1967 2178 2105 2214; x_wconf 87' lang='lat' dir='ltr'>Parmae</span> <span class='ocrx_word' id='word_1_760' title='bbox 2131 2190 2192 2214; x_wconf 81' lang='lat' dir='ltr'>ex-</span> 
     </span>
     <span class='ocr_line' id='line_1_98' title="bbox 1149 2229 2192 2281; baseline -0.001 -12"><span class='ocrx_word' id='word_1_761' title='bbox 1149 2231 1269 2270; x_wconf 89' lang='lat' dir='ltr'>cusum</span> <span class='ocrx_word' id='word_1_762' title='bbox 1291 2243 1380 2281; x_wconf 83' lang='lat'>1553.</span> <span class='ocrx_word' id='word_1_763' title='bbox 1416 2261 1438 2280; x_wconf 88' lang='lat'>„</span> <span class='ocrx_word' id='word_1_764' title='bbox 1457 2231 1501 2268; x_wconf 89' lang='lat' dir='ltr'>de</span> <span class='ocrx_word' id='word_1_765' title='bbox 1516 2233 1604 2268; x_wconf 87' lang='lat' dir='ltr'>veris</span> <span class='ocrx_word' id='word_1_766' title='bbox 1624 2232 1801 2280; x_wconf 89' lang='lat' dir='ltr'>principiis</span> <span class='ocrx_word' id='word_1_767' title='bbox 1816 2241 1851 2268; x_wconf 91' lang='lat' dir='ltr'>et</span> <span class='ocrx_word' id='word_1_768' title='bbox 1869 2229 1949 2268; x_wconf 82' lang='lat' dir='ltr'>vera</span> <span class='ocrx_word' id='word_1_769' title='bbox 1965 2232 2098 2269; x_wconf 88' lang='lat' dir='ltr'>ratione</span> <span class='ocrx_word' id='word_1_770' title='bbox 2114 2231 2192 2281; x_wconf 92' lang='lat' dir='ltr'>phi-</span> 
     </span>
     <span class='ocr_line' id='line_1_99' title="bbox 1149 2285 2191 2336; baseline 0 -12"><span class='ocrx_word' id='word_1_771' title='bbox 1149 2315 1173 2336; x_wconf 88' lang='lat'>‚,</span> <span class='ocrx_word' id='word_1_772' title='bbox 1191 2286 1401 2336; x_wconf 81' lang='lat' dir='ltr'>Iosophandi</span> <span class='ocrx_word' id='word_1_773' title='bbox 1423 2296 1543 2324; x_wconf 89' lang='lat' dir='ltr'>contra</span> <span class='ocrx_word' id='word_1_774' title='bbox 1568 2285 1936 2336; x_wconf 83' lang='lat' dir='ltr'>pseudophilosophos</span> <span class='ocrx_word' id='word_1_775' title='bbox 1953 2316 1975 2333; x_wconf 91' lang='lat'>,‚</span> <span class='ocrx_word' id='word_1_776' title='bbox 2002 2289 2124 2324; x_wconf 86' lang='lat' dir='ltr'>acriter</span> <span class='ocrx_word' id='word_1_777' title='bbox 2149 2286 2191 2324; x_wconf 84' lang='lat' dir='ltr'>ad</span> 
     </span>
     <span class='ocr_line' id='line_1_100' title="bbox 1149 2340 2191 2393; baseline -0.001 -13"><span class='ocrx_word' id='word_1_778' title='bbox 1149 2355 1296 2381; x_wconf 87' lang='lat' dir='ltr'>examen</span> <span class='ocrx_word' id='word_1_779' title='bbox 1311 2350 1454 2380; x_wconf 88' lang='lat' dir='ltr'>reuocat</span> <span class='ocrx_word' id='word_1_780' title='bbox 1477 2372 1487 2390; x_wconf 89' lang='lat'>,</span> <span class='ocrx_word' id='word_1_781' title='bbox 1524 2351 1627 2393; x_wconf 81' lang='lat' dir='ltr'>atque</span> <span class='ocrx_word' id='word_1_782' title='bbox 1642 2344 1728 2379; x_wconf 87' lang='lat' dir='ltr'>intra</span> <span class='ocrx_word' id='word_1_783' title='bbox 1753 2340 1935 2379; x_wconf 88' lang='lat' dir='ltr'>biennium</span> <span class='ocrx_word' id='word_1_784' title='bbox 1952 2343 2088 2389; x_wconf 77' lang='lat' dir='ltr'>quenis</span> <span class='ocrx_word' id='word_1_785' title='bbox 2109 2355 2191 2379; x_wconf 90' lang='lat' dir='ltr'>cum</span> 
     </span>
     <span class='ocr_line' id='line_1_101' title="bbox 1150 2395 2189 2446; baseline -0.002 -11"><span class='ocrx_word' id='word_1_786' title='bbox 1150 2399 1234 2436; x_wconf 86' lang='lat' dir='ltr'>Sene</span> <span class='ocrx_word' id='word_1_787' title='bbox 1252 2399 1477 2435; x_wconf 88' lang='lat' dir='ltr'>concertauit.</span> <span class='ocrx_word' id='word_1_788' title='bbox 1533 2395 1728 2434; x_wconf 87' lang='lat' dir='ltr'>Transtulit</span> <span class='ocrx_word' id='word_1_789' title='bbox 1743 2407 1915 2446; x_wconf 88' lang='lat' dir='ltr'>praeterea</span> <span class='ocrx_word' id='word_1_790' title='bbox 1934 2410 1958 2433; x_wconf 78' lang='lat' dir='ltr'>N</span> <span class='ocrx_word' id='word_1_791' title='bbox 1973 2410 1986 2433; x_wconf 93' lang='lat'>1</span> <span class='ocrx_word' id='word_1_792' title='bbox 2002 2410 2021 2433; x_wconf 92' lang='lat' dir='ltr'><strong>z</strong></span> <span class='ocrx_word' id='word_1_793' title='bbox 2037 2411 2058 2433; x_wconf 85' lang='grc'>0</span> <span class='ocrx_word' id='word_1_794' title='bbox 2074 2412 2091 2433; x_wconf 86' lang='lat' dir='ltr'>L</span> <span class='ocrx_word' id='word_1_795' title='bbox 2106 2411 2119 2433; x_wconf 88' lang='lat'>1</span> <span class='ocrx_word' id='word_1_796' title='bbox 2134 2410 2157 2434; x_wconf 92' lang='lat' dir='ltr'>v</span> <span class='ocrx_word' id='word_1_797' title='bbox 2173 2411 2189 2434; x_wconf 85' lang='lat' dir='ltr'>s</span> 
     </span>
     <span class='ocr_line' id='line_1_102' title="bbox 1150 2451 2191 2505; baseline -0.001 -15"><span class='ocrx_word' id='word_1_798' title='bbox 1150 2452 1274 2492; x_wconf 84' lang='lat' dir='ltr'>Galeni</span> <span class='ocrx_word' id='word_1_799' title='bbox 1288 2451 1569 2502; x_wconf 77' lang='lat' dir='ltr'>explanationem</span> <span class='ocrx_word' id='word_1_800' title='bbox 1585 2451 1818 2490; x_wconf 78' lang='lat' dir='ltr'>oblbletarum</span> <span class='ocrx_word' id='word_1_801' title='bbox 1833 2465 1964 2489; x_wconf 87' lang='lat' dir='ltr'>vocum</span> <span class='ocrx_word' id='word_1_802' title='bbox 1974 2453 2191 2505; x_wconf 80' lang='lat' dir='ltr'>Hippocrati,</span> 
     </span>
     <span class='ocr_line' id='line_1_103' title="bbox 1149 2505 2191 2556; baseline -0.001 -9"><span class='ocrx_word' id='word_1_803' title='bbox 1149 2508 1311 2547; x_wconf 87' lang='lat' dir='ltr'>excusam</span> <span class='ocrx_word' id='word_1_804' title='bbox 1326 2511 1480 2546; x_wconf 85' lang='lat' dir='ltr'>Veneriis</span> <span class='ocrx_word' id='word_1_805' title='bbox 1495 2520 1512 2545; x_wconf 88' lang='lat' dir='ltr'>a</span> <span class='ocrx_word' id='word_1_806' title='bbox 1527 2509 1640 2554; x_wconf 71' lang='lat' dir='ltr'>Iuniis</span> <span class='ocrx_word' id='word_1_807' title='bbox 1663 2519 1746 2544; x_wconf 89' lang='lat' dir='ltr'>cum</span> <span class='ocrx_word' id='word_1_808' title='bbox 1763 2506 1927 2556; x_wconf 86' lang='lat' dir='ltr'>operibus</span> <span class='ocrx_word' id='word_1_809' title='bbox 1944 2505 2069 2544; x_wconf 86' lang='lat' dir='ltr'>Galeni</span> <span class='ocrx_word' id='word_1_810' title='bbox 2094 2520 2191 2556; x_wconf 85' lang='lat'>1550.</span> 
     </span>
     <span class='ocr_line' id='line_1_104' title="bbox 1149 2563 2191 2614; baseline 0 -13"><span class='ocrx_word' id='word_1_811' title='bbox 1149 2565 1210 2602; x_wconf 86' lang='lat' dir='ltr'>Ad</span> <span class='ocrx_word' id='word_1_812' title='bbox 1226 2563 1451 2601; x_wconf 81' lang='lat' dir='ltr'>Thesaurum</span> <span class='ocrx_word' id='word_1_813' title='bbox 1472 2573 1605 2610; x_wconf 84' lang='lat' dir='ltr'>autem,</span> <span class='ocrx_word' id='word_1_814' title='bbox 1633 2575 1706 2613; x_wconf 91' lang='lat' dir='ltr'>quo</span> <span class='ocrx_word' id='word_1_815' title='bbox 1722 2565 1873 2599; x_wconf 83' lang='lat' dir='ltr'>maxime</span> <span class='ocrx_word' id='word_1_816' title='bbox 1890 2565 2063 2610; x_wconf 90' lang='lat' dir='ltr'>innotuit,</span> <span class='ocrx_word' id='word_1_817' title='bbox 2091 2563 2191 2614; x_wconf 91' lang='lat' dir='ltr'>quod</span> 
     </span>
     <span class='ocr_line' id='line_1_105' title="bbox 1148 2617 2192 2670; baseline -0.001 -13"><span class='ocrx_word' id='word_1_818' title='bbox 1148 2617 1277 2669; x_wconf 64' lang='lat' dir='ltr'>speciat</span> <span class='ocrx_word' id='word_1_819' title='bbox 1294 2620 1480 2669; x_wconf 84' lang='lat' dir='ltr'>praecipue</span> <span class='ocrx_word' id='word_1_820' title='bbox 1499 2648 1509 2666; x_wconf 93' lang='lat'>,</span> <span class='ocrx_word' id='word_1_821' title='bbox 1550 2619 1609 2656; x_wconf 91' lang='lat' dir='ltr'>diu</span> <span class='ocrx_word' id='word_1_822' title='bbox 1623 2619 1672 2656; x_wconf 87' lang='lat' dir='ltr'>est</span> <span class='ocrx_word' id='word_1_823' title='bbox 1687 2618 1785 2670; x_wconf 90' lang='lat' dir='ltr'>quod</span> <span class='ocrx_word' id='word_1_824' title='bbox 1807 2617 1947 2655; x_wconf 86' lang='lat' dir='ltr'>literatis</span> <span class='ocrx_word' id='word_1_825' title='bbox 1963 2617 2059 2656; x_wconf 82' lang='lat' dir='ltr'>deliit</span> <span class='ocrx_word' id='word_1_826' title='bbox 2077 2618 2141 2655; x_wconf 84' lang='lat' dir='ltr'>effe</span> <span class='ocrx_word' id='word_1_827' title='bbox 2156 2621 2192 2656; x_wconf 91' lang='lat' dir='ltr'>in</span> 
     </span>
     <span class='ocr_line' id='line_1_106' title="bbox 1146 2670 2192 2725; baseline -0.001 -13"><span class='ocrx_word' id='word_1_828' title='bbox 1146 2677 1262 2725; x_wconf 85' lang='lat' dir='ltr'>pretio</span> <span class='ocrx_word' id='word_1_829' title='bbox 1278 2703 1289 2721; x_wconf 86' lang='lat'>,</span> <span class='ocrx_word' id='word_1_830' title='bbox 1317 2687 1383 2711; x_wconf 89' lang='lat' dir='ltr'>nec</span> <span class='ocrx_word' id='word_1_831' title='bbox 1402 2676 1484 2711; x_wconf 85' lang='lat' dir='ltr'>tanti</span> <span class='ocrx_word' id='word_1_832' title='bbox 1501 2673 1640 2711; x_wconf 89' lang='lat' dir='ltr'>videtur</span> <span class='ocrx_word' id='word_1_833' title='bbox 1655 2703 1665 2721; x_wconf 91' lang='lat'>,</span> <span class='ocrx_word' id='word_1_834' title='bbox 1705 2683 1742 2710; x_wconf 91' lang='lat' dir='ltr'>vt</span> <span class='ocrx_word' id='word_1_835' title='bbox 1758 2674 1978 2711; x_wconf 88' lang='lat' dir='ltr'>nouennium</span> <span class='ocrx_word' id='word_1_836' title='bbox 1994 2703 2005 2722; x_wconf 90' lang='lat'>,</span> <span class='ocrx_word' id='word_1_837' title='bbox 2032 2670 2132 2725; x_wconf 73' lang='lat' dir='ltr'>&#39;quod</span> <span class='ocrx_word' id='word_1_838' title='bbox 2155 2676 2192 2711; x_wconf 89' lang='lat' dir='ltr'>in</span> 
     </span>
     <span class='ocr_line' id='line_1_107' title="bbox 1147 2727 2192 2779; baseline 0 -12"><span class='ocrx_word' id='word_1_839' title='bbox 1147 2743 1192 2768; x_wconf 92' lang='lat' dir='ltr'>eo</span> <span class='ocrx_word' id='word_1_840' title='bbox 1219 2729 1409 2778; x_wconf 83' lang='lat' dir='ltr'>digerendo</span> <span class='ocrx_word' id='word_1_841' title='bbox 1438 2729 1473 2767; x_wconf 89' lang='lat' dir='ltr'>se</span> <span class='ocrx_word' id='word_1_842' title='bbox 1509 2727 1700 2768; x_wconf 79' lang='lat' dir='ltr'>absumfiffe</span> <span class='ocrx_word' id='word_1_843' title='bbox 1735 2730 1923 2775; x_wconf 81' lang='lat' dir='ltr'>confitetur</span> <span class='ocrx_word' id='word_1_844' title='bbox 1944 2758 1955 2777; x_wconf 94' lang='lat'>,</span> <span class='ocrx_word' id='word_1_845' title='bbox 1995 2727 2192 2779; x_wconf 56' lang='lat' dir='ltr'>exspechre</span> 
     </span>
     <span class='ocr_line' id='line_1_108' title="bbox 1148 2784 1706 2836; baseline -0.014 -12"><span class='ocrx_word' id='word_1_846' title='bbox 1148 2785 1320 2836; x_wconf 81' lang='lat' dir='ltr'>potuiffet.</span> <span class='ocrx_word' id='word_1_847' title='bbox 1701 2784 1706 2787; x_wconf 88' lang='lat'>&#39;</span> 
     </span>
    </p>
   </div>
   <div class='ocr_carea' id='block_1_13' title="bbox 1549 2865 1787 2905">
    <p class='ocr_par' dir='ltr' id='par_1_13' title="bbox 1549 2865 1787 2905">
     <span class='ocr_line' id='line_1_109' title="bbox 1549 2865 1787 2905; baseline 0 0"><span class='ocrx_word' id='word_1_848' title='bbox 1549 2865 1787 2905; x_wconf 85' lang='lat' dir='ltr'>Zanchius.</span> 
     </span>
    </p>
   </div>
   <div class='ocr_carea' id='block_1_14' title="bbox 1149 2942 2230 3264">
    <p class='ocr_par' dir='ltr' id='par_1_14' title="bbox 1149 2942 2230 3226">
     <span class='ocr_line' id='line_1_110' title="bbox 1240 2942 2192 2995; baseline -0.003 -9"><span class='ocrx_word' id='word_1_849' title='bbox 1240 2960 1487 2986; x_wconf 68' lang='lat' dir='ltr'>BA31L1vs</span> <span class='ocrx_word' id='word_1_850' title='bbox 1518 2942 1790 2985; x_wconf 55' lang='lat' dir='ltr'>zancrflvs</span> <span class='ocrx_word' id='word_1_851' title='bbox 1816 2950 2004 2995; x_wconf 87' lang='lat' dir='ltr'>Bergomas</span> <span class='ocrx_word' id='word_1_852' title='bbox 2031 2942 2097 2994; x_wconf 82' lang='lat' dir='ltr'>d),</span> <span class='ocrx_word' id='word_1_853' title='bbox 2125 2945 2192 2983; x_wconf 62' lang='lat' dir='ltr'>Cas</span> 
     </span>
     <span class='ocr_line' id='line_1_111' title="bbox 1149 3000 2190 3049; baseline -0.004 -7"><span class='ocrx_word' id='word_1_854' title='bbox 1149 3006 1298 3043; x_wconf 88' lang='lat' dir='ltr'>nonicus</span> <span class='ocrx_word' id='word_1_855' title='bbox 1315 3004 1448 3041; x_wconf 89' lang='lat' dir='ltr'>ordinis</span> <span class='ocrx_word' id='word_1_856' title='bbox 1462 3001 1695 3041; x_wconf 86' lang='lat' dir='ltr'>Lateranenfis</span> <span class='ocrx_word' id='word_1_857' title='bbox 1711 3005 1799 3039; x_wconf 84' lang='lat' dir='ltr'>inter</span> <span class='ocrx_word' id='word_1_858' title='bbox 1808 3000 2095 3049; x_wconf 77' lang='lat' dir='ltr'>chicographos</span> <span class='ocrx_word' id='word_1_859' title='bbox 2112 3002 2190 3039; x_wconf 89' lang='lat' dir='ltr'>iure</span> 
     </span>
     <span class='ocr_line' id='line_1_112' title="bbox 1150 3054 2192 3109; baseline -0.003 -12"><span class='ocrx_word' id='word_1_860' title='bbox 1150 3059 1391 3098; x_wconf 87' lang='lat' dir='ltr'>recensendus.</span> <span class='ocrx_word' id='word_1_861' title='bbox 1445 3062 1538 3096; x_wconf 87' lang='lat' dir='ltr'>Nam</span> <span class='ocrx_word' id='word_1_862' title='bbox 1553 3067 1687 3108; x_wconf 88' lang='lat' dir='ltr'>praeter</span> <span class='ocrx_word' id='word_1_863' title='bbox 1691 3058 1822 3109; x_wconf 72' lang='lat' dir='ltr'>spicm,</span> <span class='ocrx_word' id='word_1_864' title='bbox 1837 3068 1920 3107; x_wconf 88' lang='lat' dir='ltr'>quas</span> <span class='ocrx_word' id='word_1_865' title='bbox 1937 3056 1979 3092; x_wconf 81' lang='lat' dir='ltr'>ad</span> <span class='ocrx_word' id='word_1_866' title='bbox 1989 3056 2042 3093; x_wconf 95' lang='lat' dir='ltr'>M.</span> <span class='ocrx_word' id='word_1_867' title='bbox 2053 3054 2192 3094; x_wconf 81' lang='lat' dir='ltr'>Nizolii</span> 
     </span>
     <span class='ocr_line' id='line_1_113' title="bbox 1151 3109 2230 3167; baseline -0.005 -13"><span class='ocrx_word' id='word_1_868' title='bbox 1151 3129 1170 3154; x_wconf 89' lang='lat' dir='ltr'>e</span> <span class='ocrx_word' id='word_1_869' title='bbox 1185 3115 1239 3154; x_wconf 91' lang='lat' dir='ltr'>M.</span> <span class='ocrx_word' id='word_1_870' title='bbox 1260 3113 1372 3152; x_wconf 86' lang='lat' dir='ltr'>Tullio</span> <span class='ocrx_word' id='word_1_871' title='bbox 1390 3113 1652 3152; x_wconf 75' lang='lat' dir='ltr'>obseruationes</span> <span class='ocrx_word' id='word_1_872' title='bbox 1668 3113 1802 3167; x_wconf 76' lang='lat' dir='ltr'>collegit</span> <span class='ocrx_word' id='word_1_873' title='bbox 1818 3141 1828 3158; x_wconf 94' lang='lat'>,</span> <span class='ocrx_word' id='word_1_874' title='bbox 1866 3109 2107 3164; x_wconf 72' lang='lat' dir='ltr'>infizscemque</span> <span class='ocrx_word' id='word_1_875' title='bbox 2129 3109 2192 3149; x_wconf 87' lang='lat' dir='ltr'>col·</span> <span class='ocrx_word' id='word_1_876' title='bbox 2228 3109 2230 3114; x_wconf 73' lang='grc'>’</span> 
     </span>
     <span class='ocr_line' id='line_1_114' title="bbox 1151 3166 2192 3226; baseline -0.003 -18"><span class='ocrx_word' id='word_1_877' title='bbox 1151 3169 1279 3226; x_wconf 81' lang='lat' dir='ltr'>ligauit</span> <span class='ocrx_word' id='word_1_878' title='bbox 1305 3171 1427 3208; x_wconf 78' lang='lat' dir='ltr'>Arnon.</span> <span class='ocrx_word' id='word_1_879' title='bbox 1453 3169 1588 3219; x_wconf 70' lang='lat' dir='ltr'>Maffize</span> <span class='ocrx_word' id='word_1_880' title='bbox 1613 3167 1749 3215; x_wconf 81' lang='lat' dir='ltr'>Galesio</span> <span class='ocrx_word' id='word_1_881' title='bbox 1771 3172 1796 3206; x_wconf 83' lang='lat' dir='ltr'>l.</span> <span class='ocrx_word' id='word_1_882' title='bbox 1813 3168 1853 3203; x_wconf 91' lang='lat' dir='ltr'>C.</span> <span class='ocrx_word' id='word_1_883' title='bbox 1869 3167 1951 3204; x_wconf 88' lang='lat' dir='ltr'>Ciui</span> <span class='ocrx_word' id='word_1_884' title='bbox 1963 3166 2127 3218; x_wconf 81' lang='lat' dir='ltr'>Romano</span> <span class='ocrx_word' id='word_1_885' title='bbox 2151 3179 2192 3205; x_wconf 78' lang='lat' dir='ltr'>ac</span> 
     </span>
    </p>

    <p class='ocr_par' dir='ltr' id='par_1_15' title="bbox 1216 3224 2194 3264">
     <span class='ocr_line' id='line_1_115' title="bbox 1216 3224 2194 3264; baseline -0.004 0"><span class='ocrx_word' id='word_1_886' title='bbox 1216 3225 1243 3263; x_wconf 90' lang='lat' dir='ltr'>h</span> <span class='ocrx_word' id='word_1_887' title='bbox 1270 3237 1291 3264; x_wconf 80' lang='lat'>2</span> <span class='ocrx_word' id='word_1_888' title='bbox 2065 3224 2194 3261; x_wconf 77' lang='lat' dir='ltr'>Poetae</span> 
     </span>
    </p>
   </div>
   <div class='ocr_carea' id='block_1_15' title="bbox 1537 3322 2193 3360">
    <p class='ocr_par' dir='ltr' id='par_1_16' title="bbox 1537 3322 2193 3360">
     <span class='ocr_line' id='line_1_116' title="bbox 1537 3322 2193 3360; baseline -0.002 -7"><span class='ocrx_word' id='word_1_889' title='bbox 1537 3325 1564 3360; x_wconf 87' lang='lat' dir='ltr'>b)</span> <span class='ocrx_word' id='word_1_890' title='bbox 1585 3323 1660 3355; x_wconf 71' lang='lat' dir='ltr'>Bassi.</span> <span class='ocrx_word' id='word_1_891' title='bbox 1673 3326 1744 3360; x_wconf 81' lang='grc'>1576.</span> <span class='ocrx_word' id='word_1_892' title='bbox 1766 3330 1793 3352; x_wconf 83' lang='lat' dir='ltr'>et</span> <span class='ocrx_word' id='word_1_893' title='bbox 1806 3328 1871 3358; x_wconf 78' lang='lat'>1583.</span> <span class='ocrx_word' id='word_1_894' title='bbox 1893 3322 1944 3352; x_wconf 88' lang='lat' dir='ltr'>fol.</span> <span class='ocrx_word' id='word_1_895' title='bbox 1965 3323 2050 3360; x_wconf 86' lang='lat' dir='ltr'>Lugd.</span> <span class='ocrx_word' id='word_1_896' title='bbox 2073 3329 2145 3358; x_wconf 76' lang='lat'>1580.</span> <span class='ocrx_word' id='word_1_897' title='bbox 2165 3330 2193 3352; x_wconf 82' lang='lat' dir='ltr'>et</span> 
     </span>
    </p>
   </div>
   <div class='ocr_carea' id='block_1_16' title="bbox 83 3404 2192 3447">
    <p class='ocr_par' dir='ltr' id='par_1_17' title="bbox 83 3404 2192 3447">
     <span class='ocr_line' id='line_1_117' title="bbox 83 3404 2192 3447; baseline -0.004 -6"><span class='ocrx_word' id='word_1_898' title='bbox 83 3427 89 3432; x_wconf 89' lang='lat'><em>-</em></span> <span class='ocrx_word' id='word_1_899' title='bbox 139 3416 192 3438; x_wconf 64' lang='lat'>11⁶⁵</span> <span class='ocrx_word' id='word_1_900' title='bbox 214 3408 280 3437; x_wconf 71' lang='lat' dir='ltr'>Vidit</span> <span class='ocrx_word' id='word_1_901' title='bbox 294 3416 318 3437; x_wconf 81' lang='lat' dir='ltr'>N</span> <span class='ocrx_word' id='word_1_902' title='bbox 331 3415 424 3437; x_wconf 81' lang='lat'>1201.</span> <span class='ocrx_word' id='word_1_903' title='bbox 435 3415 446 3435; x_wconf 86' lang='lat'>¹</span> <span class='ocrx_word' id='word_1_904' title='bbox 458 3416 468 3435; x_wconf 92' lang='lat'>1</span> <span class='ocrx_word' id='word_1_905' title='bbox 493 3407 623 3437; x_wconf 71' lang='lat' dir='ltr'>editiones</span> <span class='ocrx_word' id='word_1_906' title='bbox 639 3410 792 3441; x_wconf 75' lang='lat' dir='ltr'>elaboratas</span> <span class='ocrx_word' id='word_1_907' title='bbox 805 3430 815 3444; x_wconf 87' lang='lat'>‚</span> <span class='ocrx_word' id='word_1_908' title='bbox 841 3410 1092 3439; x_wconf 82' lang='lat' dir='ltr'>Francofurtensem</span> <span class='ocrx_word' id='word_1_909' title='bbox 1113 3409 1145 3438; x_wconf 88' lang='lat' dir='ltr'>sc.</span> <span class='ocrx_word' id='word_1_910' title='bbox 1162 3410 1273 3447; x_wconf 64' lang='lat' dir='ltr'>cellarii</span> <span class='ocrx_word' id='word_1_911' title='bbox 1288 3431 1297 3445; x_wconf 90' lang='lat'>,</span> <span class='ocrx_word' id='word_1_912' title='bbox 1320 3407 1524 3446; x_wconf 83' lang='lat' dir='ltr'>Lugdunensem</span> <span class='ocrx_word' id='word_1_913' title='bbox 1539 3408 1609 3436; x_wconf 76' lang='lat' dir='ltr'>Scoti</span> <span class='ocrx_word' id='word_1_914' title='bbox 1622 3427 1630 3440; x_wconf 88' lang='lat'>‚</span> <span class='ocrx_word' id='word_1_915' title='bbox 1652 3412 1679 3434; x_wconf 88' lang='lat' dir='ltr'>et</span> <span class='ocrx_word' id='word_1_916' title='bbox 1698 3404 1864 3434; x_wconf 76' lang='lat' dir='ltr'>Bafiliensem</span> <span class='ocrx_word' id='word_1_917' title='bbox 1881 3404 1948 3435; x_wconf 81' lang='lat' dir='ltr'>Lud.</span> <span class='ocrx_word' id='word_1_918' title='bbox 1973 3405 2067 3439; x_wconf 84' lang='lat' dir='ltr'>Lucii,</span> <span class='ocrx_word' id='word_1_919' title='bbox 2085 3404 2118 3432; x_wconf 84' lang='lat' dir='ltr'>de</span> <span class='ocrx_word' id='word_1_920' title='bbox 2138 3415 2192 3443; x_wconf 70' lang='lat' dir='ltr'>qua</span> 
     </span>
    </p>
   </div>
   <div class='ocr_carea' id='block_1_17' title="bbox 141 3444 652 3488">
    <p class='ocr_par' dir='ltr' id='par_1_18' title="bbox 141 3444 652 3488">
     <span class='ocr_line' id='line_1_118' title="bbox 141 3444 652 3488; baseline 0.002 -11"><span class='ocrx_word' id='word_1_921' title='bbox 141 3458 204 3477; x_wconf 84' lang='lat' dir='ltr'>mox</span> <span class='ocrx_word' id='word_1_922' title='bbox 215 3448 343 3488; x_wconf 81' lang='lat' dir='ltr'>quaedam</span> <span class='ocrx_word' id='word_1_923' title='bbox 355 3456 434 3477; x_wconf 80' lang='lat' dir='ltr'>erunt</span> <span class='ocrx_word' id='word_1_924' title='bbox 446 3448 616 3487; x_wconf 74' lang='lat' dir='ltr'>exponenda.</span> <span class='ocrx_word' id='word_1_925' title='bbox 646 3444 652 3453; x_wconf 85' lang='grc'><strong>”</strong></span> 
     </span>
    </p>
   </div>
   <div class='ocr_carea' id='block_1_18' title="bbox 726 3445 2192 3486">
    <p class='ocr_par' dir='ltr' id='par_1_19' title="bbox 726 3445 2192 3486">
     <span class='ocr_line' id='line_1_119' title="bbox 726 3445 2192 3486; baseline -0.004 -6"><span class='ocrx_word' id='word_1_926' title='bbox 726 3451 816 3480; x_wconf 81' lang='lat' dir='ltr'>Plures</span> <span class='ocrx_word' id='word_1_927' title='bbox 829 3450 958 3486; x_wconf 67' lang='lat' dir='ltr'>7anchi05</span> <span class='ocrx_word' id='word_1_928' title='bbox 972 3451 1096 3480; x_wconf 69' lang='lat' dir='ltr'>doch-ina</span> <span class='ocrx_word' id='word_1_929' title='bbox 1110 3458 1136 3478; x_wconf 86' lang='lat' dir='ltr'>et</span> <span class='ocrx_word' id='word_1_930' title='bbox 1149 3452 1259 3486; x_wconf 85' lang='lat' dir='ltr'>ingenio</span> <span class='ocrx_word' id='word_1_931' title='bbox 1274 3449 1394 3479; x_wconf 83' lang='lat' dir='ltr'>celebres</span> <span class='ocrx_word' id='word_1_932' title='bbox 1409 3449 1550 3478; x_wconf 76' lang='lat' dir='ltr'>Prouincia</span> <span class='ocrx_word' id='word_1_933' title='bbox 1565 3447 1746 3483; x_wconf 82' lang='lat' dir='ltr'>Bergomenfis</span> <span class='ocrx_word' id='word_1_934' title='bbox 1765 3446 1861 3475; x_wconf 84' lang='lat' dir='ltr'>eodem</span> <span class='ocrx_word' id='word_1_935' title='bbox 1873 3445 1932 3475; x_wconf 87' lang='lat' dir='ltr'>fere</span> <span class='ocrx_word' id='word_1_936' title='bbox 1945 3452 2068 3484; x_wconf 80' lang='lat' dir='ltr'>tempore</span> <span class='ocrx_word' id='word_1_937' title='bbox 2084 3445 2168 3474; x_wconf 81' lang='lat' dir='ltr'>edidit</span> <span class='ocrx_word' id='word_1_938' title='bbox 2184 3456 2192 3477; x_wconf 70' lang='grc' dir='ltr'><strong>ς</strong></span> 
     </span>
    </p>
   </div>
   <div class='ocr_carea' id='block_1_19' title="bbox 138 3481 2193 3574">
    <p class='ocr_par' dir='ltr' id='par_1_20' title="bbox 138 3481 2193 3574">
     <span class='ocr_line' id='line_1_120' title="bbox 140 3481 2192 3532; baseline -0.002 -14"><span class='ocrx_word' id='word_1_939' title='bbox 140 3490 264 3518; x_wconf 79' lang='lat' dir='ltr'>Ioannem</span> <span class='ocrx_word' id='word_1_940' title='bbox 278 3488 477 3527; x_wconf 66' lang='lat' dir='ltr'>Chrffivstomum</span> <span class='ocrx_word' id='word_1_941' title='bbox 495 3481 764 3532; x_wconf 40' lang='lat' dir='ltr'>Zmichinmsssnostri</span> <span class='ocrx_word' id='word_1_942' title='bbox 786 3487 1072 3529; x_wconf 22' lang='lat' dir='ltr'>fratre&gt;1u¹⁴gernianiiiii</span> <span class='ocrx_word' id='word_1_943' title='bbox 1083 3490 1094 3526; x_wconf 66' lang='lat'>&#39;‚</span> <span class='ocrx_word' id='word_1_944' title='bbox 1121 3493 1168 3530; x_wconf 90' lang='lat' dir='ltr'>qui</span> <span class='ocrx_word' id='word_1_945' title='bbox 1187 3490 1272 3520; x_wconf 84' lang='lat' dir='ltr'>libros</span> <span class='ocrx_word' id='word_1_946' title='bbox 1297 3499 1351 3519; x_wconf 86' lang='lat' dir='ltr'>tres</span> <span class='ocrx_word' id='word_1_947' title='bbox 1374 3491 1406 3519; x_wconf 90' lang='lat' dir='ltr'>de</span> <span class='ocrx_word' id='word_1_948' title='bbox 1429 3490 1542 3525; x_wconf 81' lang='lat' dir='ltr'>Origine</span> <span class='ocrx_word' id='word_1_949' title='bbox 1564 3487 1734 3527; x_wconf 76' lang='lat' dir='ltr'>Orobiorum</span> <span class='ocrx_word' id='word_1_950' title='bbox 1753 3487 1796 3515; x_wconf 82' lang='lat' dir='ltr'>seu</span> <span class='ocrx_word' id='word_1_951' title='bbox 1813 3487 1996 3515; x_wconf 72' lang='lat' dir='ltr'>Cenamorum</span> <span class='ocrx_word' id='word_1_952' title='bbox 2018 3485 2051 3513; x_wconf 80' lang='lat' dir='ltr'>acl</span> <span class='ocrx_word' id='word_1_953' title='bbox 2068 3486 2192 3514; x_wconf 78' lang='lat' dir='ltr'>Bembum</span> 
     </span>
     <span class='ocr_line' id='line_1_121' title="bbox 138 3525 2193 3574; baseline -0.001 -17"><span class='ocrx_word' id='word_1_954' title='bbox 138 3529 218 3560; x_wconf 82' lang='lat' dir='ltr'>eard.</span> <span class='ocrx_word' id='word_1_955' title='bbox 230 3528 328 3569; x_wconf 81' lang='lat' dir='ltr'>scripsit</span> <span class='ocrx_word' id='word_1_956' title='bbox 343 3541 348 3557; x_wconf 93' lang='lat'>:</span> <span class='ocrx_word' id='word_1_957' title='bbox 373 3531 560 3566; x_wconf 81' lang='lat' dir='ltr'>Panegyricum</span> <span class='ocrx_word' id='word_1_958' title='bbox 572 3539 681 3569; x_wconf 89' lang='lat' dir='ltr'>quoque</span> <span class='ocrx_word' id='word_1_959' title='bbox 695 3527 879 3574; x_wconf 41' lang='lat' dir='ltr'>&#39;EdLCarolun&#39;i</span> <span class='ocrx_word' id='word_1_960' title='bbox 895 3525 929 3561; x_wconf 55' lang='grc' dir='ltr'>Ϋ.</span> <span class='ocrx_word' id='word_1_961' title='bbox 940 3534 1011 3572; x_wconf 69' lang='lat' dir='ltr'>imp.</span> <span class='ocrx_word' id='word_1_962' title='bbox 1027 3531 1376 3569; x_wconf 46' lang='lat' dir='ltr'>Aiigtisttiiiielegantiffime</span> <span class='ocrx_word' id='word_1_963' title='bbox 1390 3529 1558 3558; x_wconf 75' lang='lat' dir='ltr'>elaboratum</span> <span class='ocrx_word' id='word_1_964' title='bbox 1575 3539 1581 3553; x_wconf 93' lang='lat'><strong>:</strong></span> <span class='ocrx_word' id='word_1_965' title='bbox 1608 3527 1806 3568; x_wconf 78' lang='lat' dir='ltr'>Compendium</span> <span class='ocrx_word' id='word_1_966' title='bbox 1825 3529 1890 3555; x_wconf 84' lang='lat' dir='ltr'>item</span> <span class='ocrx_word' id='word_1_967' title='bbox 1905 3526 1937 3554; x_wconf 90' lang='lat' dir='ltr'>de</span> <span class='ocrx_word' id='word_1_968' title='bbox 1951 3534 1976 3561; x_wconf 92' lang='lat'>7.</span> <span class='ocrx_word' id='word_1_969' title='bbox 1994 3528 2170 3555; x_wconf 75' lang='lat' dir='ltr'>sacramentis</span> <span class='ocrx_word' id='word_1_970' title='bbox 2183 3547 2193 3560; x_wconf 84' lang='lat'><em>‚</em></span> 
     </span>
    </p>
   </div>
   <div class='ocr_carea' id='block_1_20' title="bbox 140 3565 2089 3609">
    <p class='ocr_par' dir='ltr' id='par_1_21' title="bbox 140 3565 2089 3609">
     <span class='ocr_line' id='line_1_122' title="bbox 140 3565 2089 3609; baseline -0.003 -11"><span class='ocrx_word' id='word_1_971' title='bbox 140 3577 193 3600; x_wconf 84' lang='lat' dir='ltr'>etc.</span> <span class='ocrx_word' id='word_1_972' title='bbox 233 3567 380 3608; x_wconf 73' lang='lat' dir='ltr'>Diortyslum</span> <span class='ocrx_word' id='word_1_973' title='bbox 393 3571 457 3598; x_wconf 81' lang='lat' dir='ltr'>item</span> <span class='ocrx_word' id='word_1_974' title='bbox 470 3571 630 3605; x_wconf 55' lang='lat' dir='ltr'>muchium,</span> <span class='ocrx_word' id='word_1_975' title='bbox 639 3568 758 3599; x_wconf 52' lang='lat' dir='ltr'>alter-uin*</span> <span class='ocrx_word' id='word_1_976' title='bbox 773 3569 946 3609; x_wconf 68' lang='lat' dir='ltr'>germanum,</span> <span class='ocrx_word' id='word_1_977' title='bbox 972 3575 1000 3602; x_wconf 82' lang='lat' dir='ltr'>in</span> <span class='ocrx_word' id='word_1_978' title='bbox 1015 3572 1147 3602; x_wconf 76' lang='lat' dir='ltr'>Sodalitio</span> <span class='ocrx_word' id='word_1_979' title='bbox 1163 3574 1364 3601; x_wconf 81' lang='lat' dir='ltr'>Canonicorum</span> <span class='ocrx_word' id='word_1_980' title='bbox 1379 3569 1553 3606; x_wconf 73' lang='lat' dir='ltr'>Regium-ium</span> <span class='ocrx_word' id='word_1_981' title='bbox 1567 3569 1651 3606; x_wconf 69' lang='lat' dir='ltr'>vitam</span> <span class='ocrx_word' id='word_1_982' title='bbox 1671 3579 1731 3597; x_wconf 85' lang='lat' dir='ltr'>cum</span> <span class='ocrx_word' id='word_1_983' title='bbox 1747 3569 1877 3596; x_wconf 77' lang='lat' dir='ltr'>fratribus</span> <span class='ocrx_word' id='word_1_984' title='bbox 1899 3565 2089 3595; x_wconf 71' lang='lat' dir='ltr'>traducentem.</span> 
     </span>
    </p>
   </div>
   <div class='ocr_carea' id='block_1_21' title="bbox 2140 3569 2192 3595">
    <p class='ocr_par' dir='ltr' id='par_1_22' title="bbox 2140 3569 2192 3595">
     <span class='ocr_line' id='line_1_123' title="bbox 2140 3569 2192 3595; baseline 0 0"><span class='ocrx_word' id='word_1_985' title='bbox 2140 3569 2192 3595; x_wconf 77' lang='lat' dir='ltr'>Hic</span> 
     </span>
    </p>
   </div>
   <div class='ocr_carea' id='block_1_22' title="bbox 134 3606 2193 3732">
    <p class='ocr_par' dir='ltr' id='par_1_23' title="bbox 134 3606 2193 3732">
     <span class='ocr_line' id='line_1_124' title="bbox 134 3606 2193 3652; baseline -0.005 -7"><span class='ocrx_word' id='word_1_986' title='bbox 134 3610 196 3646; x_wconf 60' lang='lat' dir='ltr'>,ests</span> <span class='ocrx_word' id='word_1_987' title='bbox 215 3609 244 3637; x_wconf 61' lang='lat'>¹¹3</span> <span class='ocrx_word' id='word_1_988' title='bbox 254 3606 338 3638; x_wconf 54' lang='lat' dir='ltr'>stubs</span> <span class='ocrx_word' id='word_1_989' title='bbox 345 3631 355 3645; x_wconf 61' lang='grc' dir='ltr'><em>ν</em></span> <span class='ocrx_word' id='word_1_990' title='bbox 376 3608 504 3650; x_wconf 63' lang='lat' dir='ltr'>Dim&#39;yfim&#39;</span> <span class='ocrx_word' id='word_1_991' title='bbox 517 3610 566 3640; x_wconf 69' lang='lat' dir='ltr'>ille</span> <span class='ocrx_word' id='word_1_992' title='bbox 580 3611 715 3639; x_wconf 71' lang='lat' dir='ltr'>Zalirhiffl</span> <span class='ocrx_word' id='word_1_993' title='bbox 729 3613 939 3652; x_wconf 59' lang='lat' dir='ltr'>Bergon1355qui</span> <span class='ocrx_word' id='word_1_994' title='bbox 953 3615 1038 3642; x_wconf 82' lang='lat' dir='ltr'>vitam</span> <span class='ocrx_word' id='word_1_995' title='bbox 1052 3614 1077 3643; x_wconf 84' lang='lat' dir='ltr'>S.</span> <span class='ocrx_word' id='word_1_996' title='bbox 1093 3613 1222 3642; x_wconf 76' lang='lat' dir='ltr'>Marthae</span> <span class='ocrx_word' id='word_1_997' title='bbox 1245 3613 1365 3650; x_wconf 78' lang='lat' dir='ltr'>hospitae</span> <span class='ocrx_word' id='word_1_998' title='bbox 1379 3614 1411 3640; x_wconf 92' lang='lat' dir='ltr'>D.</span> <span class='ocrx_word' id='word_1_999' title='bbox 1425 3611 1482 3638; x_wconf 75' lang='lat' dir='ltr'>lesu</span> <span class='ocrx_word' id='word_1_1000' title='bbox 1497 3609 1592 3637; x_wconf 79' lang='lat' dir='ltr'>Christi</span> <span class='ocrx_word' id='word_1_1001' title='bbox 1605 3611 1724 3637; x_wconf 77' lang='lat' dir='ltr'>carmine</span> <span class='ocrx_word' id='word_1_1002' title='bbox 1744 3607 1900 3647; x_wconf 84' lang='lat' dir='ltr'>complexus</span> <span class='ocrx_word' id='word_1_1003' title='bbox 1920 3608 1965 3635; x_wconf 82' lang='lat' dir='ltr'>est.</span> <span class='ocrx_word' id='word_1_1004' title='bbox 2007 3607 2193 3642; x_wconf 75' lang='lat' dir='ltr'>Hieronymum</span> 
     </span>
     <span class='ocr_line' id='line_1_125' title="bbox 139 3648 2193 3689; baseline -0 -12"><span class='ocrx_word' id='word_1_1005' title='bbox 139 3648 287 3679; x_wconf 61' lang='lat' dir='ltr'>anchiram</span> <span class='ocrx_word' id='word_1_1006' title='bbox 299 3671 308 3684; x_wconf 83' lang='lat'>,</span> <span class='ocrx_word' id='word_1_1007' title='bbox 333 3649 484 3689; x_wconf 84' lang='lat' dir='ltr'>profundae</span> <span class='ocrx_word' id='word_1_1008' title='bbox 497 3653 524 3679; x_wconf 93' lang='lat' dir='ltr'>in</span> <span class='ocrx_word' id='word_1_1009' title='bbox 541 3651 719 3688; x_wconf 75' lang='lat' dir='ltr'>Theologici‘e</span> <span class='ocrx_word' id='word_1_1010' title='bbox 733 3651 823 3680; x_wconf 81' lang='lat' dir='ltr'>studiis</span> <span class='ocrx_word' id='word_1_1011' title='bbox 844 3654 999 3683; x_wconf 82' lang='lat' dir='ltr'>eruditionis</span> <span class='ocrx_word' id='word_1_1012' title='bbox 1013 3676 1022 3689; x_wconf 90' lang='lat'>,</span> <span class='ocrx_word' id='word_1_1013' title='bbox 1047 3656 1118 3683; x_wconf 80' lang='lat' dir='ltr'>inter</span> <span class='ocrx_word' id='word_1_1014' title='bbox 1131 3653 1306 3682; x_wconf 80' lang='lat' dir='ltr'>Reformatos</span> <span class='ocrx_word' id='word_1_1015' title='bbox 1326 3652 1392 3681; x_wconf 78' lang='lat' dir='ltr'>clari</span> <span class='ocrx_word' id='word_1_1016' title='bbox 1406 3651 1523 3678; x_wconf 80' lang='lat' dir='ltr'>nominis</span> <span class='ocrx_word' id='word_1_1017' title='bbox 1537 3671 1546 3683; x_wconf 92' lang='lat'>‚</span> <span class='ocrx_word' id='word_1_1018' title='bbox 1570 3649 1666 3687; x_wconf 77' lang='lat' dir='ltr'>Bcfilio</span> <span class='ocrx_word' id='word_1_1019' title='bbox 1687 3650 1778 3678; x_wconf 81' lang='lat' dir='ltr'>nostro</span> <span class='ocrx_word' id='word_1_1020' title='bbox 1798 3656 1824 3677; x_wconf 88' lang='lat' dir='ltr'>et</span> <span class='ocrx_word' id='word_1_1021' title='bbox 1845 3648 1963 3675; x_wconf 74' lang='lat' dir='ltr'>amicitia</span> <span class='ocrx_word' id='word_1_1022' title='bbox 1983 3654 2010 3675; x_wconf 86' lang='lat' dir='ltr'>et</span> <span class='ocrx_word' id='word_1_1023' title='bbox 2029 3650 2193 3684; x_wconf 78' lang='lat' dir='ltr'>cognatione</span> 
     </span>
     <span class='ocr_line' id='line_1_126' title="bbox 136 3687 2191 3732; baseline -0 -15"><span class='ocrx_word' id='word_1_1024' title='bbox 136 3689 379 3723; x_wconf 66' lang='lat' dir='ltr'>,coniunffiffimuni</span> <span class='ocrx_word' id='word_1_1025' title='bbox 393 3713 401 3725; x_wconf 92' lang='lat'>,</span> <span class='ocrx_word' id='word_1_1026' title='bbox 429 3691 461 3719; x_wconf 85' lang='lat' dir='ltr'>de</span> <span class='ocrx_word' id='word_1_1027' title='bbox 480 3702 535 3730; x_wconf 91' lang='lat' dir='ltr'>quo</span> <span class='ocrx_word' id='word_1_1028' title='bbox 556 3692 633 3732; x_wconf 71' lang='lat' dir='ltr'>plura</span> <span class='ocrx_word' id='word_1_1029' title='bbox 654 3692 760 3721; x_wconf 82' lang='lat' dir='ltr'>erudite</span> <span class='ocrx_word' id='word_1_1030' title='bbox 781 3692 1028 3732; x_wconf 48' lang='lat' dir='ltr'>disceptatissaelius</span> <span class='ocrx_word' id='word_1_1031' title='bbox 1051 3697 1080 3723; x_wconf 86' lang='lat' dir='ltr'>in</span> <span class='ocrx_word' id='word_1_1032' title='bbox 1097 3696 1205 3724; x_wconf 83' lang='lat' dir='ltr'>Lexico.</span> <span class='ocrx_word' id='word_1_1033' title='bbox 1246 3695 1434 3726; x_wconf 69' lang='lat' dir='ltr'>Hieronymum</span> <span class='ocrx_word' id='word_1_1034' title='bbox 1450 3689 1595 3719; x_wconf 79' lang='lat' dir='ltr'>&#39;lunchium</span> <span class='ocrx_word' id='word_1_1035' title='bbox 1607 3691 1794 3730; x_wconf 81' lang='lat' dir='ltr'>Iurisperitum</span> <span class='ocrx_word' id='word_1_1036' title='bbox 1813 3698 1846 3716; x_wconf 79' lang='lat' dir='ltr'>ex</span> <span class='ocrx_word' id='word_1_1037' title='bbox 1863 3687 1956 3716; x_wconf 83' lang='lat' dir='ltr'>eadem</span> <span class='ocrx_word' id='word_1_1038' title='bbox 1969 3688 2049 3727; x_wconf 78' lang='lat' dir='ltr'>stirpe</span> <span class='ocrx_word' id='word_1_1039' title='bbox 2064 3689 2191 3724; x_wconf 46' lang='lat' dir='ltr'>editum,</span> 
     </span>
    </p>
   </div>
   <div class='ocr_carea' id='block_1_23' title="bbox 143 3729 1417 3768">
    <p class='ocr_par' dir='ltr' id='par_1_24' title="bbox 143 3729 1417 3768">
     <span class='ocr_line' id='line_1_127' title="bbox 143 3729 1417 3768; baseline 0.001 -9"><span class='ocrx_word' id='word_1_1040' title='bbox 143 3729 227 3768; x_wconf 78' lang='lat' dir='ltr'>quiin</span> <span class='ocrx_word' id='word_1_1041' title='bbox 240 3739 264 3758; x_wconf 84' lang='lat'>2.</span> <span class='ocrx_word' id='word_1_1042' title='bbox 279 3729 624 3761; x_wconf 76' lang='lat' dir='ltr'>lnsortiati-commentatus</span> <span class='ocrx_word' id='word_1_1043' title='bbox 640 3735 676 3761; x_wconf 79' lang='lat' dir='ltr'>est</span> <span class='ocrx_word' id='word_1_1044' title='bbox 690 3755 699 3767; x_wconf 98' lang='lat'>‚</span> <span class='ocrx_word' id='word_1_1045' title='bbox 722 3731 802 3761; x_wconf 71' lang='lat' dir='ltr'>Pauli</span> <span class='ocrx_word' id='word_1_1046' title='bbox 815 3730 931 3762; x_wconf 78' lang='lat' dir='ltr'>Zanchii</span> <span class='ocrx_word' id='word_1_1047' title='bbox 943 3733 1001 3764; x_wconf 79' lang='lat' dir='ltr'>teti</span> <span class='ocrx_word' id='word_1_1048' title='bbox 1015 3737 1078 3764; x_wconf 88' lang='lat' dir='ltr'>item</span> <span class='ocrx_word' id='word_1_1049' title='bbox 1100 3734 1310 3764; x_wconf 81' lang='lat' dir='ltr'>excellentiffimi</span> <span class='ocrx_word' id='word_1_1050' title='bbox 1322 3733 1417 3761; x_wconf 85' lang='lat' dir='ltr'>filiuni.</span> 
     </span>
    </p>
   </div>
   <div class='ocr_carea' id='block_1_24' title="bbox 1468 3729 2194 3767">
    <p class='ocr_par' dir='ltr' id='par_1_25' title="bbox 1468 3729 2194 3767">
     <span class='ocr_line' id='line_1_128' title="bbox 1468 3729 2194 3767; baseline -0.003 -9"><span class='ocrx_word' id='word_1_1051' title='bbox 1468 3731 1702 3760; x_wconf 71' lang='lat' dir='ltr'>Bartholomaemn</span> <span class='ocrx_word' id='word_1_1052' title='bbox 1717 3729 1864 3758; x_wconf 76' lang='lat' dir='ltr'>‘lancln&#39;um</span> <span class='ocrx_word' id='word_1_1053' title='bbox 1877 3730 2080 3764; x_wconf 83' lang='lat' dir='ltr'>Bergomatem,</span> <span class='ocrx_word' id='word_1_1054' title='bbox 2096 3730 2143 3767; x_wconf 88' lang='lat' dir='ltr'>qui</span> <span class='ocrx_word' id='word_1_1055' title='bbox 2165 3730 2194 3756; x_wconf 88' lang='lat' dir='ltr'>in</span> 
     </span>
    </p>
   </div>
   <div class='ocr_carea' id='block_1_25' title="bbox 143 3764 2193 3852">
    <p class='ocr_par' dir='ltr' id='par_1_26' title="bbox 143 3764 2193 3852">
     <span class='ocr_line' id='line_1_129' title="bbox 144 3764 2193 3815; baseline 0 -19"><span class='ocrx_word' id='word_1_1056' title='bbox 144 3767 258 3806; x_wconf 59' lang='lat' dir='ltr'>§nlluflii</span> <span class='ocrx_word' id='word_1_1057' title='bbox 269 3769 371 3799; x_wconf 78' lang='lat' dir='ltr'>Bellum</span> <span class='ocrx_word' id='word_1_1058' title='bbox 383 3770 572 3801; x_wconf 66' lang='lat' dir='ltr'>Catilinarum)</span> <span class='ocrx_word' id='word_1_1059' title='bbox 594 3764 693 3802; x_wconf 61' lang='lat' dir='ltr'>scholia</span> <span class='ocrx_word' id='word_1_1060' title='bbox 708 3773 814 3812; x_wconf 76' lang='lat' dir='ltr'>scripsit.</span> <span class='ocrx_word' id='word_1_1061' title='bbox 861 3772 929 3803; x_wconf 82' lang='lat' dir='ltr'>Vide</span> <span class='ocrx_word' id='word_1_1062' title='bbox 941 3777 1051 3805; x_wconf 79' lang='lat' dir='ltr'>Hieron.</span> <span class='ocrx_word' id='word_1_1063' title='bbox 1067 3775 1180 3804; x_wconf 72' lang='lat' dir='ltr'>Zanchti</span> <span class='ocrx_word' id='word_1_1064' title='bbox 1192 3774 1301 3815; x_wconf 85' lang='lat' dir='ltr'>Epistol.</span> <span class='ocrx_word' id='word_1_1065' title='bbox 1316 3773 1416 3813; x_wconf 83' lang='lat' dir='ltr'>penult.</span> <span class='ocrx_word' id='word_1_1066' title='bbox 1444 3771 1507 3800; x_wconf 86' lang='lat' dir='ltr'>libri</span> <span class='ocrx_word' id='word_1_1067' title='bbox 1522 3772 1628 3800; x_wconf 81' lang='lat' dir='ltr'>secundi</span> <span class='ocrx_word' id='word_1_1068' title='bbox 1649 3771 1681 3800; x_wconf 80' lang='lat' dir='ltr'>ad</span> <span class='ocrx_word' id='word_1_1069' title='bbox 1696 3772 1815 3799; x_wconf 77' lang='lat' dir='ltr'>Laelium</span> <span class='ocrx_word' id='word_1_1070' title='bbox 1834 3768 1984 3797; x_wconf 68' lang='lat' dir='ltr'>chhinm</span> <span class='ocrx_word' id='word_1_1071' title='bbox 2000 3770 2193 3798; x_wconf 78' lang='lat' dir='ltr'>veronensem.</span> 
     </span>
     <span class='ocr_line' id='line_1_130' title="bbox 143 3809 2193 3852; baseline 0.002 -17"><span class='ocrx_word' id='word_1_1072' title='bbox 143 3809 230 3836; x_wconf 79' lang='lat' dir='ltr'>Immo</span> <span class='ocrx_word' id='word_1_1073' title='bbox 242 3809 310 3838; x_wconf 74' lang='lat' dir='ltr'>adeo</span> <span class='ocrx_word' id='word_1_1074' title='bbox 324 3809 460 3840; x_wconf 73' lang='lat' dir='ltr'>literarum</span> <span class='ocrx_word' id='word_1_1075' title='bbox 475 3812 552 3841; x_wconf 79' lang='lat' dir='ltr'>laude</span> <span class='ocrx_word' id='word_1_1076' title='bbox 571 3814 718 3843; x_wconf 77' lang='lat' dir='ltr'>abundauit</span> <span class='ocrx_word' id='word_1_1077' title='bbox 731 3816 892 3850; x_wconf 66' lang='lat' dir='ltr'>Bergomum</span> <span class='ocrx_word' id='word_1_1078' title='bbox 904 3835 915 3852; x_wconf 86' lang='lat'>,</span> <span class='ocrx_word' id='word_1_1079' title='bbox 927 3823 962 3846; x_wconf 83' lang='lat' dir='ltr'>.vt</span> <span class='ocrx_word' id='word_1_1080' title='bbox 977 3817 1099 3848; x_wconf 74' lang='lat' dir='ltr'>Donatus</span> <span class='ocrx_word' id='word_1_1081' title='bbox 1123 3816 1219 3846; x_wconf 81' lang='lat' dir='ltr'>Caluus</span> <span class='ocrx_word' id='word_1_1082' title='bbox 1232 3826 1290 3844; x_wconf 88' lang='lat' dir='ltr'>non</span> <span class='ocrx_word' id='word_1_1083' title='bbox 1307 3815 1443 3843; x_wconf 77' lang='lat' dir='ltr'>dubitaret</span> <span class='ocrx_word' id='word_1_1084' title='bbox 1456 3812 1592 3844; x_wconf 80' lang='lat' dir='ltr'>clarorum</span> <span class='ocrx_word' id='word_1_1085' title='bbox 1608 3813 1808 3850; x_wconf 72' lang='lat' dir='ltr'>Bergomatium</span> <span class='ocrx_word' id='word_1_1086' title='bbox 1825 3810 1964 3839; x_wconf 78' lang='lat' dir='ltr'>historiam</span> <span class='ocrx_word' id='word_1_1087' title='bbox 1977 3809 2063 3839; x_wconf 67' lang='lat' dir='ltr'>literis</span> <span class='ocrx_word' id='word_1_1088' title='bbox 2078 3810 2193 3840; x_wconf 69' lang='lat' dir='ltr'>tradere.</span> 
     </span>
    </p>
   </div>
   <div class='ocr_carea' id='block_1_26' title="bbox 91 3849 856 3895">
    <p class='ocr_par' dir='ltr' id='par_1_27' title="bbox 91 3849 856 3895">
     <span class='ocr_line' id='line_1_131' title="bbox 91 3849 856 3895; baseline 0.009 -19"><span class='ocrx_word' id='word_1_1089' title='bbox 91 3865 96 3871; x_wconf 87' lang='lat'>·</span> <span class='ocrx_word' id='word_1_1090' title='bbox 143 3869 164 3885; x_wconf 55' lang='grc' dir='ltr'><strong><em>κ</em></strong></span> <span class='ocrx_word' id='word_1_1091' title='bbox 179 3849 262 3878; x_wconf 72' lang='lat' dir='ltr'>Stena</span> <span class='ocrx_word' id='word_1_1092' title='bbox 275 3849 416 3880; x_wconf 65' lang='lat' dir='ltr'>leem-aria</span> <span class='ocrx_word' id='word_1_1093' title='bbox 435 3853 467 3881; x_wconf 84' lang='lat' dir='ltr'>de</span> <span class='ocrx_word' id='word_1_1094' title='bbox 479 3853 604 3885; x_wconf 74' lang='lat' dir='ltr'>scrittori</span> <span class='ocrx_word' id='word_1_1095' title='bbox 616 3854 814 3895; x_wconf 59' lang='lat' dir='ltr'>Brigamrgfihh</span> <span class='ocrx_word' id='word_1_1096' title='bbox 836 3876 856 3892; x_wconf 88' lang='lat'>„</span> 
     </span>
    </p>
   </div>
  </div>
 </body>
</html>
