2474 4182
704 80 921 121 BON

299 170 392 204 tentia,
406 177 451 198 erc.
521 171 606 198 Venia
626 170 696 198 bona
722 169 805 195 vestra
830 168 908 195 liceat
934 176 967 195 ex
983 167 1026 195 his
1044 167 1227 204 rogatiom'bus
1249 166 1336 200 legere

301 215 363 241 quas
378 207 492 234 salubres
513 207 591 233 nobis
605 207 736 233 censemus
756 205 818 235 else,
840 205 978 239 antiquare
997 204 1060 231 alias
1080 206 1138 232 Liu.
1155 207 1180 235 6,
1195 212 1231 236 40
1266 202 1335 228 Ter.

301 242 383 269 Andr.
397 251 416 275 1,
426 251 449 275 2,
458 251 483 275 33
520 243 615 269 Vbiuis
628 241 730 267 facilius
744 240 824 274 passus
838 240 883 266 sii'n
897 260 904 272 ‚
923 249 1003 275 quam
1013 241 1042 267 in
1055 241 1101 267 hac
1113 249 1142 267 re
1155 247 1197 265 me
1209 236 1336 275 dcliidier.

300 285 328 305 D.
343 279 414 305 Bona
427 278 514 305 Verba
527 278 632 313 quaeso.
653 284 674 302 s.
697 275 808 307 irrides,
824 275 893 302 nihil
906 285 949 303 me
967 276 1046 303 fallis.
1073 277 1121 302 Vbi
1131 277 1264 304 Donatus,
1285 272 1336 298 Hic

299 313 329 340 in
355 313 455 350 εἰρωνείᾳ
481 316 516 339 eit
539 311 705 345 ἰυφημισμδςε
731 311 802 345 quali
821 311 904 344 dicat,
930 312 1045 340 Meliora
1066 312 1192 346 loquere,
1216 317 1284 342 rogo
1303 314 1336 334 te.
1362 314 1376 340 5

300 350 370 384 Ergo
389 359 449 376 cuni
468 348 663 377 admonitione,
688 348 757 373 Bona
775 347 864 379 voi-ba,
886 348 991 383 inquit,
1016 356 1092 382 rogo.
1128 346 1243 374 Budaeus
1264 343 1338 375 dicit,

298 384 342 418 esti
363 385 561 421 reprehendentis
581 385 730 414 minantem,
749 389 773 408 ct
789 385 948 410 contumelias
965 384 1093 410 dicentem.
1165 379 1255 408 Verba
1267 378 1339 405 bona

298 421 389 447 dicere
408 419 516 446 Tibull.
532 427 557 450 2,
573 427 598 450 2,
613 426 631 444 i.
653 418 677 445 h.
696 428 714 444 c.
730 417 821 454 saiqsla
829 422 938 455 precari.
963 418 1044 446 Ouid.
1059 426 1128 450 3,13‚
1145 426 1182 451 24
1218 416 1276 443 Nee
1295 415 1337 442 da.

300 465 329 483 re
343 463 401 483 tura
419 455 506 486 lubet,
527 454 593 480 niliil
609 455 745 480 exorantia
758 454 849 481 diuos:
874 457 905 482 In
919 455 997 481 tantis
1010 454 1121 480 subeunt
1133 462 1181 480 nec
1195 451 1337 485 1101111101·-

298 492 333 518 ba
351 491 434 517 malis.
471 489 545 526 (lons.
564 490 629 516 Fast.
652 499 671 522 1,
686 497 728 524 72.
754 490 840 518 Trist.
853 498 882 524 5,
896 499 918 523 5,
933 493 957 516 6.
979 499 993 516 e
1007 491 1090 516 Ponto
1108 498 1138 521 3,
1153 497 1187 522 4,
1208 495 1254 522 47.
1290 486 1338 514 Sed

299 528 353 554 Cic.
368 526 400 552 de
415 527 443 551 L.
459 526 519 560 Agr.
533 534 558 557 2,
573 534 596 557 ¹3
611 535 632 551 c.
648 533 660 557 5
683 525 770 553 Verba
786 526 862 553 valde
876 526 945 553 bona
956 525 990 551 ad
999 528 1139 560 puritatem
1153 531 1175 551 et
1191 524 1338 559 elegantiam

298 564 420 588 orationis
430 564 566 596 pertinent.
622 561 730 588 Vicinus
744 562 829 588 bonus
842 564 909 588 Hor.
923 562 1002 596 Epist.
1018 570 1043 593 2,
1056 569 1078 592 2,
1094 569 1145 593 132.
1200 560 1271 586 Vina
1284 567 1338 585 1110-

297 598 365 623 liora
383 598 449 623 Hor.
464 597 542 631 Epist.
557 606 582 629 2,
598 606 617 629 1,
632 605 672 631 34.
710 598 759 624 Vir
778 597 863 625 bonus
881 603 906 624 et
925 597 1038 631 prudens
1055 597 1145 623 versus
1162 594 1339 630 reprehendet

297 634 394 659 inertes
418 634 484 659 Hor.
516 633 544 659 in
565 634 627 659 Arte
646 634 717 660 Post.
739 642 799 667 445.
871 634 920 659 Vir
940 633 1000 660 sane
1020 632 1105 659 bonus
1125 632 1181 658 Cic.
1203 632 1256 658 Att.
1278 638 1304 665 7,
1321 639 1338 656 1.

297 86 371 133 627

296 668 429 695 Omnibus
447 668 592 695 virtutibus
613 668 754 696 instruetos
773 677 798 695 ct
820 675 942 701 ornatos,
966 677 1024 694 ciiin
1043 669 1171 703 sapientes
1190 674 1247 693 tuin
1265 667 1340 692 viros
1359 667 1384 693 ¹5

295 704 382 731 bonos
400 704 514 731 dicimus
534 705 590 731 Cic.
606 705 688 731 Tusc.
703 713 713 736 ς
729 714 749 730 c.
766 714 801 731 11.
874 705 923 731 Vir
937 704 1021 731 bonus
1043 705 1079 731 est
1099 705 1137 737 is,
1157 703 1204 738 qui
1224 701 1338 737 prodest,

296 740 393 774 quibus
409 740 508 774 potest,
528 745 605 766 nocet
618 741 719 766 nemini
735 741 789 766 Cic.
804 740 856 766 Off.
879 749 891 772 3
910 749 932 766 c.
947 748 980 773 15.
1016 740 1086 767 Add.
1114 739 1152 766 Id.
1173 747 1223 772 pro
1242 737 1336 770 Quint.

296 785 317 802 c.
333 778 370 802 16.
394 776 461 810 Nep.
482 784 521 808 19,
541 785 561 808 1,
582 785 599 802 1.
630 777 686 802 Cic.
707 776 758 802 Osil
781 785 800 808 1,
822 784 861 808 19.
888 776 944 802 sen.
959 776 991 802 de
1004 776 1109 802 Prouid.
1133 784 1154 800 c.
1175 782 1194 799 1.
1216 780 1239 798 ct
1258 774 1302 807 Ep.
1317 781 1337 805 3.

295 813 330 838 Vt
342 811 456 846 quisque
469 811 503 837 est
519 812 751 846 x'ii-optiiniis,im
766 810 932 843 diiiicillime,
949 812 998 837 effe
1013 812 1079 837 aiios
1094 809 1242 844 improbos,
1256 808 1338 842 suspi-

294 853 368 874 catur
382 847 438 874 Cic.
454 847 486 874 ad
506 848 545 882 Q
557 848 625 873 Frat.
641 856 660 879 1,
676 856 694 873 1.
728 849 757 874 Α
771 848 830 874 ciue
848 847 921 874 bono
942 845 1105 882 distinguitur
1122 845 1167 871 vir
1183 843 1268 871 bonus
1281 844 1337 871 Cic.

295 884 367 910 Fani.
381 891 400 914 1,
413 891 439 915 9,
454 888 492 912 28.
520 883 597 909 Arist.
613 883 669 909 litli.
682 891 707 916 5,
722 892 747 911 2.
820 884 880 910 Viri
900 883 966 909 boni
985 891 1027 917 que
1047 882 1152 908 Senatus
1166 880 1338 916 libertatisque

295 919 379 955 causae
387 918 482 954 fauent
495 919 550 945 Cic.
564 920 636 945 Fani.
646 921 684 951 16,
700 928 736 945 iz.
757 922 774 945 i.
799 919 900 945 Nubila
918 917 956 944 Id.
977 918 1032 943 Att.
1055 925 1081 949 1,
1100 925 1132 949 13.
1159 915 1217 942 Fid.
1240 916 1338 943 Graeii.

293 964 318 988 p.
334 963 374 989 75.
393 954 459 980 Adii.
475 954 545 980 Flor.
562 963 582 987 1,
596 959 664 989 7,·4.
683 955 738 981 Cic.
753 954 784 980 de
798 953 897 979 sene&
912 961 942 983 30
978 953 1017 979 Ita
1031 951 1109 979 bonis
1122 951 1233 979 Viribus
1246 953 1296 979 ess‘e
1309 952 1338 979 111

293 996 414 1017 extremo
431 996 550 1024 tempore
570 991 676 1019 aetatis,
700 997 728 1015 vt
748 988 950 1015 adolescentiam
969 997 1024 1015 non
1043 988 1203 1023 requireret.
1276 988 1339 1015 Vita

293 1026 365 1053 bona
376 1032 416 1061 ap.
424 1026 542 1052 Plautum
553 1026 707 1058 Calin.4,4,
723 1033 758 1059 17.
768 1032 792 1050 ct
806 1024 881 1050 Persa
893 1034 920 1057 4,
930 1028 953 1056 8,
968 1032 994 1056 4.
1017 1021 1051 1058 qs?
1066 1023 1226 1060 voluptuofh,
1239 1026 1280 1051 vel
1297 1033 1340 1051 vo—

291 1064 378 1097 luptas
389 1062 463 1088 adeo:
484 1062 530 1088 Sed
544 1063 610 1088 Hor.
626 1062 705 1087 Serm.
720 1068 744 1089 2,
760 1068 781 1091 3,
798 1067 829 1092 15
843 1059 877 1085 ad
895 1059 1082 1095 adolescentiam
1101 1067 1125 1086 ct
1138 1058 1228 1093 studia
1246 1063 1340 1096 optima

291 1097 517 1160 tinus-equentatii
529 1097 655 1132 risui-tur,
673 1095 785 1121 Vitanda
799 1095 835 1121 cst
848 1095 971 1130 improba
985 1095 1060 1122 Siren
1074 1095 1181 1122 Desidia
1196 1101 1241 1122 aut
1261 1096 1338 1131 quid-

292 1133 340 1168 qui
378 1135 434 1160 vita
457 1133 568 1159 meliore
595 1130 705 1165 parasti,
740 1131 894 1157 Ponendum
913 1132 1116 1166 aequo'animo.
1187 1132 1248 1158 Vox
1268 1132 1339 1159 bona

292 1168 423 1203 Qiin&il.
445 1177 481 1199 ii,
499 1177 521 1199 3.
538 1176 569 1198 13.
591 1166 635 1192 vbi'
649 1172 697 1201 per
713 1172 801 1202 partes
822 1166 980 1202 [syri-ibitur.
1006 1168 1087 1194 Plaut.
1108 1167 1186 1194 Most.
1208 1176 1230 1200 3,
1251 1177 1271 1201 1,
1291 1177 1336 1201 49.

291 1206 351 1232 Scio
366 1211 390 1231 te
402 1204 471 1230 bona
485 1203 532 1229 ess'e
548 1210 627 1234 voce,
643 1211 675 1228 110
689 1202 781 1229 clama.
843 1202 924 1229 Ouid.
947 1204 1011 1229 Met.
1027 1209 1056 1237 S,
1072 1206 1121 1238 678
1142 1204 1225 1237 Super
1246 1204 1339 1230 onmia

291 1240 386 1267 Vultus
401 1239 530 1273 Accessere
543 1237 625 1270 boni,
640 1247 687 1264 nce
701 1238 771 1264 iners
784 1246 935 1274 pauperque
949 1239 1080 1266 voluntas.
1128 1239 1211 1266 Vultu
1225 1240 1338 1266 meliore

290 1276 362 1302 moi-i
375 1276 463 1301 secura
476 1274 584 1300 videtur
595 1274 676 1300 Ouid.
691 1275 755 1301 Met.
769 1282 795 1308 7,
809 1277 863 1304 862.
902 1275 962 1300 Non
975 1276 1078 1301 multum
1091 1275 1144 1301 aba
1159 1274 1224 1301 illud
1235 1278 1262 1302 in
1277 1275 1338 1302 Edi-

289 1310 333 1338 610
349 1311 455 1337 Neruae
476 1309 523 1336 sub
536 1310 601 1336 Plin.
621 1310 700 1344 Epist.
716 1319 754 1343 10,
768 1313 812 1343 66,
828 1319 843 1342 9
881 1311 968 1343 Qiem
987 1311 1069 1337 Vultu
1091 1311 1206 1338 meliore
1225 1312 1340 1346 respexit

289 1347 397 1373 fortuna
413 1346 538 1381 imperii,
562 1349 579 1372 i.
602 1347 740 1381 Imperator
759 1345 872 1382 beneficio
891 1345 988 1379 afficit.
1186 1344 1207 1384 q
1229 1356 1245 1374 2
1267 1349 1339 1374 Bone

289 1383 405 1418 vir‚per
421 1385 538 1409 ironiam.
557 1382 627 1408 Ter.
641 1381 721 1408 Andr.
739 1390 759 1413 3,
773 1389 795 1415 5,
812 1391 840 1408 10
863 1381 985 1409 Ehodum
1003 1381 1074 1409 bone
1084 1382 1143 1415 vir,
1157 1382 1223 1417 quid
1241 1384 1297 1410 ais?
1316 1390 1340 1410 et
1355 1385 1384 1411 33

288 1417 357 1445 Ibid.
372 1425 395 1451 5,
409 1427 431 1450 a,
447 1425 467 1451 5.
494 1417 551 1444 Vni.
572 1417 656 1444 Plane.
670 1424 709 1453 ap.
724 1418 779 1444 Cic.
795 1419 867 1444 Fani.
882 1427 919 1449 10,
935 1426 972 1450 21,
987 1426 1012 1451 9.
1034 1418 1222 1446 Drakenborch.
1237 1419 1271 1446 ad
1289 1419 1336 1446 Sil.

288 1463 314 1485 2,
329 1462 390 1487 240.
411 1454 466 1480 Cic.
480 1462 529 1488 pro
548 1454 624 1480 Rosc.
646 1454 734 1479 Amer.
754 1459 781 1485 58
803 1453 876 1486 Qid
895 1453 966 1480 mihi
984 1453 1016 1480 ad
1031 1453 1228 1482 defendendum
1241 1455 1338 1482 dedisti

287 1489 360 1516 'bone
371 1489 520 1516 accusator?
541 1490 598 1514 Cic.
614 1489 643 1515 L.
659 1490 720 1523 Agr.
734 1497 757 1521 3,
773 1498 796 1520 13
823 1489 872 1516 Vir
884 1489 1000 1516 multum
1019 1488 1114 1521 bonuS,
1127 1495 1242 1526 grauiter
1261 1494 1339 1527 impu-

287 1525 356 1551 dens.
377 1526 398 1551 C
401 1524 469 1551 ustos
476 1524 555 1555 bone,
563 1524 738 1558 defensorque
747 1525 901 1558 prouinciae
913 1525 951 1551 Id.
966 1526 1042 1552 Verr.
1057 1534 1126 1558 5,12.
1212 1526 1233 1566 ἢ
1248 1536 1259 1560 3
1287 1529 1336 1554 Va-

287 1564 325 1588 rie
349 1558 501 1594 construitur
525 1569 578 1585 cum
596 1560 654 1595 casm
673 1562 813 1588 iirftni2.1im,·
849 1561 917 1586 Cato
935 1569 991 1595 cap.
1013 1569 1054 1596 157
1080 1561 1129 1588 Sed
1145 1571 1213 1597 quae
1226 1569 1383 1595 vocatiir40

286 1595 422 1625 σελινοαδῆς
431 1616 438 1628 ,
447 1595 509 1622 haec
518 1596 615 1629 septem
625 1594 703 1621 liabet
717 1594 784 1621 bona
794 1595 822 1621 111
834 1596 987 1623 comestura.
997 1597 1056 1622 Liu.
1065 1606 1106 1629 30,
1124 1618 1129 1623 .
1152 1618 1159 1624 .
1180 1599 1256 1626 Bello
1271 1608 1337 1634 quo-

287 1631 433 1668 quebonus
442 1631 547 1657 habitus
560 1630 592 1656 ad
602 1636 712 1662 caetera,
728 1630 824 1665 quibus
838 1640 917 1658 nemo
926 1641 954 1658 ca
969 1633 1120 1667 tempestate
1132 1633 1289 1662 instructior
1302 1635 1338 1661 ci-

287 1669 329 1695 vis
336 1667 490 1694 habebatur.
516 1666 557 1691 Sic
565 1674 627 1700 pace
641 1665 736 1697 bonos,
751 1666 783 1692 fic
797 1666 869 1694 bello
883 1668 943 1694 lieri
957 1668 1017 1694 Liu.
1031 1678 1060 1702 4,
1073 1677 1088 1695 2.
1096 1676 1140 1704 pr.
1177 1670 1253 1697 Bello
1268 1671 1338 1705 opti-

288 1712 346 1730 inus
359 1704 488 1736 Lucan.7,
498 1705 549 1730 218.
586 1701 660 1727 Bello
668 1700 792 1727 meliores
800 1702 859 1727 Sall.
869 1704 924 1736 lug.
937 1712 959 1729 0.
975 1713 1010 1735 13.
1047 1705 1146 1730 Omnes
1153 1714 1241 1732 moras
1254 1706 1337 1732 inter-

286 1739 373 1774 ponis,
385 1736 482 1773 quibus
496 1736 646 1762 infirmetur
665 1736 776 1767 Brutus,
795 1737 893 1762 melior
907 1737 952 1763 fiat
966 1739 1098 1765 Antonius
1114 1740 1169 1766 Cic.
1185 1740 1252 1767 Phil.
1262 1746 1275 1771 8
1288 1750 1310 1767 c.
1322 1743 1339 1768 6
1351 1743 1385 1769 43

283 1781 326 1810 pr.
335 1774 514 1808 Virg.Georg.
527 1779 615 1806 2‚447
636 1772 778 1804 Atmyrtus
788 1771 884 1797 validis
893 1771 1040 1804 hastilibus,
1047 1780 1074 1799 et
1082 1774 1152 1801 bona
1160 1775 1234 1803 bello
1270 1777 1336 1804 Cor-

285 1819 351 1842 nus,
369 1810 471 1842 ityreos
483 1808 538 1835 taxi
553 1812 700 1834 curuantur
720 1807 749 1833 in
763 1815 846 1833 arcus.
919 1807 1011 1834 laculo
1026 1808 1125 1834 11101101-
1144 1810 1217 1836 Idem
1234 1813 1299 1838 Aen.
1313 1820 1336 1845 5,

287 1849 329 1876 68.
398 1846 502 1871 Ceruus
515 1852 601 1878 pugna
613 1843 710 1870 melior
723 1843 790 1869 Hor.
807 1842 879 1877 epist.
896 1851 914 1874 1,
928 1851 966 1875 10,
980 1852 1020 1876 34.
1058 1845 1106 1869 Pro
1119 1844 1165 1870 hoc
1177 1845 1286 1872 ablatiuo
1299 1850 1338 1872 in-

278 1882 385 1918 finitum
397 1878 432 1914 est·
444 1881 519 1915 Virg.
535 1879 587 1906 Ed.
599 1886 622 1912 5,
637 1888 647 1905 1
690 1879 759 1905 Boni
780 1879 908 1913 quoniam
928 1879 1102 1906 conueniinus
1114 1879 1195 1906 ambo
1209 1881 1259 1907 Tu
1271 1881 1337 1907 cala-

286 1961 347 1988 pam
360 1951 509 1987 ignobilem
526 1951 601 1982 loco,
620 1950 722 1977 bonum
737 1950 853 1980 militia,
870 1956 896 1976 et
910 1950 1043 1977 vitstoriae
1058 1951 1157 1977 sociuin
1166 1971 1175 1983 ,
1195 1953 1336 1987 geminatis

269 1987 477 2022 „Consulatibiis
490 1986 595 2013 extulit.
632 1985 706 2021 Conf.
717 1987 779 2011 Not.
795 1986 829 2011 aii
841 1985 902 2011 Iust'.
918 1994 942 2016 9,
955 1995 981 2017 2,
994 1996 1021 2018 4.
1057 1987 1184 2014 Drakenb.
1196 1988 1231 2015 ad
1242 1988 1288 2015 Sil.
1298 1997 1336 2021 10,

288 2026 332 2060 76.
350 2022 444 2051 Claud.
452 2022 484 2049 de
491 2024 586 2056 Qiart.
595 2021 673 2048 Cons.
684 2022 755 2046 Hori.
764 2029 812 2054 491
833 2020 969 2046 Iudicibus
975 2021 1046 2046 notis
1055 2022 1177 2055 regimin-
1185 2042 1192 2054 ,
1206 2024 1337 2051 fruimur.

286 2068 340 2096 que
352 2058 451 2094 quietis
486 2057 655 2091 Militiaeque
669 2055 755 2083 bonis.
828 2054 909 2089 Hicst
921 2055 999 2082 bonis
1004 2055 1042 2089 stt
1055 2065 1070 2082 a
1082 2055 1150 2082 reeh
1165 2058 1249 2089 Boni,
1267 2059 1338 2085 heibe-

287 2097 367 2124 bimus
378 2095 466 2121 Bonos
479 2093 578 2128 quietis
589 2098 615 2119 et
624 2092 749 2123 Militiae,
765 2094 782 2118 i.
797 2094 868 2118 viros
875 2093 938 2118 Pace
952 2098 976 2117 et
987 2091 1046 2117 bello
1051 2092 1179 2126 probatos.
1225 2093 1273 2120 Sed
1281 2099 1338 2128 poi·-
1356 2095 1384 2121 53

287 2129 322 2166 <st
334 2130 377 2165 effiz
392 2139 406 2157 a
419 2131 501 2157 Bona.
536 2129 667 2165 singulare
681 2127 713 2160 est
722 2148 729 2160 ,
754 2127 834 2160 Qiafi
847 2126 926 2153 desim
943 2127 1088 2161 praesentia
1102 2127 1202 2154 soleant
1214 2127 1339 2155 homines

288 2176 343 2194 non
358 2167 400 2194 sui
419 2165 480 2192 fieri
491 2165 633 2196 meliores,
660 2163 705 2190 sed
728 2163 830 2190 debiles
849 2161 919 2190 effici
931 2163 974 2189 vel
995 2163 1097 2197 aegroti
1112 2164 1190 2198 Apul.
1203 2165 1268 2191 Met.
1284 2169 1297 2194 8
1312 2173 1337 2199 p.

290 2211 347 2237 172,
359 2211 383 2235 31
397 2200 599 2228 Pric.Meliores
613 2199 663 2231 sui,
677 2202 695 2232 i.
704 2199 733 2235 se
747 2198 814 2234 ipsis.
887 2197 1011 2225 Moribus
1026 2198 1086 2231 hic,
1103 2199 1254 2234 meliorque
1265 2200 1338 2227 fama

289 2240 356 2265 Hor.
371 2238 460 2265 Carni.
479 2244 502 2269 3,
518 2245 538 2268 1,
553 2244 589 2262 iz.
644 2235 723 2262 Motu
743 2234 838 2269 pedum
857 2235 956 2261 melior
969 2235 1044 2268 Virg.
1060 2235 1126 2261 Aen.
1142 2242 1164 2267 5,
1178 2244 1236 2268 430.
1293 2237 1338 2262 Pe-

287 2273 366 2302 dibus
383 2273 482 2300 melior
501 2271 574 2298 Idem
594 2269 699 2302 Aen.'9,
714 2272 769 2302 556.

290 2312 327 2337 16.
401 2307 576 2343 Simplicitate
589 2315 653 2333 vera
667 2305 752 2332 bonus
766 2305 882 2332 Martial.
898 2314 918 2337 i,
932 2308 974 2338 69.
1279 2307 1339 2333 Cum

288 2344 387 2372 uerbis:
407 2345 464 2371 Cic.
477 2351 526 2378 pro
540 2343 616 2369 Rosc.
629 2343 719 2368 Amer.
733 2350 757 2374 13
765 2350 786 2367 c.
797 2349 809 2374 5
845 2341 973 2367 Accusant
986 2340 1123 2376 ii‚quibus
1133 2303 1222 2368 occiqdi
1235 2347 1337 2376 patrem

288 2381 362 2408 Sexti
378 2380 470 2408 Roscii
491 2379 564 2406 bono
583 2377 646 2405 fuit.
676 2380 694 2404 ι’.
727 2378 793 2404 Vtile
805 2375 873 2414 fuit.
906 2378 938 2403 Et
952 2381 986 2410 84
997 2385 1020 2403 c.
1034 2385 1064 2409 30
1077 2376 1121 2403 illa
1140 2377 1215 2413 Caffii'
1230 2380 1337 2405 interro—

288 2420 358 2455 gatio
370 2422 535 2446 memoratur,
553 2414 605 2441 Cui
627 2413 700 2440 bono
718 2413 822 2439 fuissem
839 2413 893 2439 Effe
906 2412 1006 2439 bonam
1018 2412 1098 2440 facile
1110 2412 1160 2444 est,
1180 2413 1243 2447 vbi,
1264 2413 1338 2449 quod

289 2457 360 2480 vetet
378 2452 443 2485 else,
462 2456 597 2478 remotum
616 2449 652 2476 est
671 2448 754 2489 Ouid.
775 2448 861 2475 Trist.
882 2456 905 2482 5,
923 2457 963 2482 14,
977 2455 1016 2488 25.

290 2488 411 2515 Hirtium
425 2497 471 2523 per
479 2496 522 2514 me
534 2486 675 2513 meliorem
688 2485 748 2511 ficri
760 2485 864 2511 volunt.
936 2485 1036 2511 Lenior
1054 2489 1081 2511 et
1100 2484 1199 2512 melior
1219 2485 1250 2511 fis
1270 2494 1340 2512 acce-

292 2524 368 2551 dente
380 2523 482 2551 sene&a
495 2524 562 2550 Hor.
577 2521 656 2557 Epist.
670 2530 696 2554 2,
711 2530 736 2553 2,
750 2529 798 2548 211.
860 2519 971 2547 Referre
986 2519 1016 2547 in
1031 2520 1127 2547 melius
1140 2521 1249 2548 confilia
1262 2522 1338 2556 Virg.

292 2561 356 2587 Aen.
371 2568 393 2592 1,
406 2565 460 2592 285.
514 2560 616 2593 Regnet
631 2557 729 2584 melior
742 2556 815 2583 Idem
828 2557 925 2590 Georg.
939 2565 968 2589 4,
981 2565 1024 2589 90.
1071 2557 1170 2584 Melius
1185 2557 1231 2590 est,
1244 2559 1262 2584 i.
1277 2564 1339 2593 opus

291 2593 340 2629 ist,
361 2596 402 2622 vel
413 2594 595 2630 oportetPlaut.
603 2593 681 2620 Most.
696 2602 720 2626 5,
735 2602 755 2624 1,
769 2601 810 2619 20.
847 2592 916 2619 Add.
929 2592 967 2619 id.
976 2591 1065 2618 Pseud.
1080 2592 1147 2626 prol.
1159 2602 1238 2626 v.24.
1257 2593 1337 2620 Stich.

293 2640 315 2664 5,
325 2640 353 2665 4,
363 2639 401 2658 10.
440 2630 480 2657 Sic
494 2632 616 2655 minantis
627 2628 728 2655 turbido
741 2630 836 2655 homini
848 2637 898 2654 vax
912 2625 960 2660 est,
978 2627 1084 2661 Qiiess'e
1098 2628 1151 2655 erit
1165 2628 1260 2656 melius
1275 2629 1336 2656 Liu.
1358 2640 1394 2667 70
1405 2627 1480 2654 Idem
1494 2635 1504 2654 1
1516 2628 1636 2654 Prooem.
1672 2626 1730 2653 Cic.
1744 2635 1795 2662 pro
1808 2627 1892 2654 Flaec.
1905 2629 1937 2660 65
1951 2628 2011 2654 Hoc
2024 2632 2100 2653 vetus
2130 2626 2302 2659 rouerbfflm,
2321 2627 2339 2653 P
2381 2639 2397 2657 *s

293 2676 315 2700 3,
328 2672 371 2701 48.
406 2665 472 2693 Non
487 2664 539 2691 crit
558 2663 668 2696 melius,
686 2663 734 2690 nisi
748 2663 780 2690 de
803 2661 1046 2699 quo'consulimus,
1065 2673 1160 2691 vocem
1180 2664 1273 2692 misisse
1296 2665 1336 2692 Id.

292 2712 316 2737 3,
330 2711 361 2736 41
378 2709 422 2738 pr.
435 2701 479 2728 vbi
490 2699 559 2736 conf.
573 2701 680 2727 Gronau.
717 2700 879 2725 Conuicium
891 2698 935 2726 hic
948 2706 1009 2726 ante
1021 2699 1096 2726 aedes
1114 2709 1170 2726 non
1187 2700 1275 2727 fecisse
1288 2701 1341 2729 erit

291 2739 388 2766 melius
395 2738 464 2765 Ter.
473 2736 554 2763 Andr.
568 2743 591 2769 2,
607 2743 627 2768 1,
642 2736 684 2762 26.
731 2735 799 2762 Add.
815 2736 890 2761 Paret·
907 2737 966 2761 Lex.
978 2736 1042 2762 Crit.
1053 2744 1082 2773 p.
1097 2742 1155 2771 728.
1205 2737 1292 2773 Heius.
1312 2736 1340 2763 de

294 2776 346 2803 Sat.
361 2775 453 2801 Hora-t.
467 2774 484 2799 I.
501 2781 524 2799 2.
534 2778 561 2807 p.
576 2778 627 2804 105.
662 2770 706 2797 Ad
717 2770 880 2797 valetudinem
888 2772 1096 2806 pertinent-ista:
1154 2772 1251 2808 Neque
1265 2773 1340 2799 enim

294 2809 434 2846 vigilando
445 2808 545 2835 melior
557 2807 596 2839 fit,
610 2805 653 2832 sed
662 2811 709 2840 per
722 2807 756 2839 se,
771 2806 893 2833 sinielior
906 2806 952 2839 est,
966 2806 1062 2841 vigilat
1069 2807 1136 2834 Cels.
1145 2816 1167 2840 3,
1176 2816 1210 2841 15.
1228 2811 1246 2834 i.
1256 2810 1336 2835 valeri·
1359 2816 1391 2844 75

293 2850 354 2874 tior.
391 2845 517 2879 Pompeio
526 2864 534 2876 ,
555 2851 637 2878 quum
650 2842 767 2876 grauiter
779 2847 928 2877 aegrotaret
939 2842 1064 2878 Neapoli,
1082 2843 1177 2870 melius
1190 2844 1226 2871 est
1239 2843 1340 2871 faeium

294 2881 440 2910 Cic.Tusc.
455 2889 465 2907 1
480 2889 501 2906 0.
516 2886 553 2912 35.
588 2878 687 2905 Melius
700 2877 730 2904 fit
742 2877 810 2904 inihi
824 2877 904 2904 Plaut.
914 2878 992 2905 Cure.
1005 2887 1035 2912 4,
1047 2887 1073 2910 2,
1087 2888 1131 2913 40.
1155 2882 1174 2905 i.
1189 2880 1338 2917 conicalesco.

295 2918 394 2946 Melius
406 2925 476 2944 311110
489 2915 540 2942 hoe
552 2913 622 2941 mihi
633 2922 689 2941 11011
701 2913 754 2940 fuit
765 2912 804 2940 Id.
819 2913 896 2939 Most.
912 2922 936 2946 3,
950 2922 975 2945 2,
989 2922 1008 2940 1.
1047 2915 1131 2941 Paullo
1145 2916 1220 2942 aliter
1226 2916 1302 2943 Curt.
1316 2925 1339 2949 3,

296 2962 319 2988 5,
335 2962 358 2986 13
395 2952 444 2980 Vel
458 2951 530 2979 niori
542 2950 660 2982 strenue,
674 2957 754 2985 quam
770 2948 844 2975 tarde
857 2949 1039 2976 conualescere
1051 2949 1121 2977 inihi
1139 2950 1234 2978 melius
1248 2951 1300 2985 est,
1319 2955 1338 2978 i.

294 2992 367 3018 malo.

296 3025 438 3061 Optimum
450 3024 486 3050 est
496 3043 505 3056 ,
524 3023 565 3049 vel
574 3021 716 3056 Optimum
733 3019 833 3047 fabium
852 3020 935 3047 Plaut.
950 3020 1039 3048 Pseud.
1061 3030 1081 3054 i,
1097 3030 1122 3054 2,
1135 3029 1175 3055 52.
1215 3023 1254 3049 Id.
1269 3023 1339 3050 Asin.

296 3072 325 3096 4,
340 3070 363 3094 1,
376 3069 407 3094 41
430 3059 572 3094 Optimum
583 3057 637 3089 cst3
656 3057 693 3084 ita
707 3055 953 3084 scilicetfaffiiram.
973 3056 1029 3082 Cic.
1037 3057 1113 3084 Verr.
1124 3067 1143 3090 i,
1165 3078 1170 3084 .
1194 3079 1200 3085 .
1220 3059 1342 3086 statuunt

297 3098 325 3124 id
340 3097 389 3124 fibi
399 3096 532 3131 optimum
539 3094 588 3121 essc
599 3092 681 3120 fatitu.
701 3092 846 3119 Vid.Colu.
859 3091 892 3118 ad
899 3091 996 3127 Apul.1
1011 3100 1036 3126 p.
1046 3099 1079 3125 15.
1114 3093 1220 3128 Semper
1233 3096 1343 3130 cogites,

298 3132 327 3159 id
339 3133 472 3168 optimum
491 3131 558 3163 ess'e,
575 3135 632 3156 tute
649 3134 680 3156 vt
691 3128 722 3155 fis
734 3128 860 3163 optimus.
901 3127 930 3155 Si
940 3125 969 3154 id
981 3135 1110 3162 nequeas,
1129 3129 1217 3156 saltim
1231 3136 1260 3157 vt
1272 3131 1342 3166 opti-

300 3168 351 3194 mis
375 3167 407 3195 (is
434 3166 571 3203 proximus
589 3165 671 3192 Plaut.
690 3164 773 3191 Trin.
797 3173 822 3197 2,
843 3173 870 3197 4,
889 3168 931 3198 84.

301 3212 324 3235 3,
339 3211 361 3236 5,
375 3211 411 3236 53.
423 3210 446 3230 ct
454 3204 531 3230 Cure.
546 3211 570 3234 2,
587 3209 607 3234 1,
621 3209 660 3234 29.
676 3207 699 3227 et
706 3199 781 3235 Epid.
798 3209 818 3232 1,
833 3208 852 3231 1,
866 3207 906 3234 57.
1104 3197 1125 3235 fl
1146 3207 1159 3233 ς
1195 3202 1275 3235 de
1296 3202 1343 3229 bo.

300 3247 380 3271 num,
404 3239 518 3268 faustum
537 3237 622 3269 felix,
640 3237 860 3270 fortunatumque
873 3235 944 3268 effet,
964 3233 1151 3270 praefabantur
1162 3236 1288 3264 omnibus
1302 3247 1344 3265 re-

300 3274 349 3302 bus
363 3274 468 3308 agendis
489 3274 545 3301 Cic.
566 3273 597 3300 de
606 3272 697 3300 Diuin.
721 3279 741 3305 1,
755 3271 803 3298 102'
815 3280 837 3298 c.
857 3277 898 3304 45.
910 3286 911 3289 =
941 3270 1000 3297 Vid.
1009 3269 1114 3304 Briffim.
1127 3271 1155 3297 de
1166 3273 1246 3299 Form.
1258 3282 1278 3306 1,
1291 3282 1341 3301 112..

300 3311 351 3338 Sic.
371 3309 446 3344 Virg.
468 3310 520 3335 Ecl.
542 3314 566 3342 8,
592 3311 639 3335 106
710 3306 957 3348 Aspicercorripuit
977 3306 1098 3332 tremulis
1117 3307 1211 3334 altaria
1228 3309 1342 3336 flaminis

301 3346 398 3381 Sponte
425 3345 484 3376 sua,
515 3344 578 3371 dum
598 3345 669 3371 ferre
691 3352 785 3371 moror
803 3343 869 3370 cinis
888 3342 959 3377 ipse,
985 3341 1088 3369 bonum
1107 3341 1146 3369 fit.
1172 3343 1214 3371 Sit·
1231 3351 1255 3371 ee
1272 3346 1342 3372 Pers.
1354 3356 1390 3381 90

525 3394 569 3401 —-
588 3380 737 3407 tunicatum
755 3387 816 3406 cuin
837 3378 887 3405 sale
900 3377 1026 3404 mandens

455 3415 556 3449 Cacpe,
576 3421 601 3442 et
620 3416 746 3443 farratam
764 3413 853 3450 pueris
870 3412 1056 3450 plaudentibus
1074 3412 1172 3445 offam,

456 3451 585 3485 Ingemit,
611 3450 661 3478 hoc
683 3451 751 3478 bene
771 3450 815 3478 fit!

302 3486 324 3527 q
343 3490 361 3515 6
396 3484 548 3520 Substantiui'
566 3495 630 3512 more
648 3486 772 3513 interdum
792 3484 896 3523 pcfitum
914 3483 1022 3512 videtur.
1055 3485 1110 3511 Cic.
1128 3485 1182 3512 Att.
1202 3489 1226 3517 8,
1245 3494 1254 3512 1
1291 3486 1342 3514 Etfi

301 3382 352 3409 Sat.
364 3389 393 3415 4,
408 3388 440 3413 30

304 3522 460 3559 propediem
472 3521 553 3549 video
567 3520 716 3555 bonorum,
732 3525 751 3549 i.
771 3524 905 3549 Lautorum
918 3530 947 3547 aa
958 3520 1102 3556 locupletum
1115 3519 1210 3547 vrbem
1218 3522 1344 3549 refertam
1359 3531 1392 3558 93

304 3560 372 3586 fore.
397 3557 455 3586 isid.
482 3564 544 3593 upra
555 3559 580 3583 i'n
588 3556 646 3583 Vir.
660 3558 715 3584 Cic.
724 3559 768 3585 Att
784 3567 810 3591 9,
825 3566 852 3584 12
870 3556 949 3593 ibique
962 3557 1051 3583 Gracia.
1060 3557 1167 3583 Gronau.
1175 3556 1310 3592 Obstru.4,
1317 3567 1342 3591 9.

306 3595 429 3629 Optimus
444 3593 462 3620 il
475 3601 488 3620 0
500 3593 602 3628 cst,qui
613 3593 731 3619 minimis
746 3599 855 3628 vrgetur
868 3593 936 3619 Hor.
948 3591 1135 3624 Serm.1,3,68.
1167 3592 1254 3619 Bonus
1267 3599 1292 3620 et
1301 3593 1344 3620 be-

307 3630 401 3665 nignus
421 3629 492 3656 Idem
506 3629 588 3656 Serm.
609 3636 629 3660 i,
649 3636 675 3660 2,
690 3637 723 3661 5¹·
749 3629 859 3656 Tibull.
875 3637 900 3661 2,
908 3637 935 3662 4,
943 3635 975 3662 45
995 3628 1030 3654 At
1042 3626 1128 3660 bona,
1141 3635 1209 3661 quae
1223 3637 1269 3655 nec
1283 3638 1343 3656 aua-

307 3673 337 3692 ra
351 3666 411 3693 suit.
466 3665 554 3692 Bonus
571 3669 597 3690 ct
611 3662 726 3690 clemens
744 3664 827 3691 Rutil.
843 3665 910 3699 Lup.
923 3664 941 3690 l.
954 3672 979 3691 2.
993 3663 1049 3690 Cic.
1064 3662 1224 3697 proCliient.
1238 3671 1270 3698 57
1289 3666 1344 3691 Iam

307 3700 478 3740 hocaquoque
492 3707 574 3736 prope
593 3698 753 3734 iniquissime
770 3705 950 3734 comparatum
963 3698 1015 3732 est,
1034 3697 1107 3734 quod
1124 3697 1153 3724 in
1171 3698 1274 3725 morbis
1287 3709 1345 3727 cor·
1354 3709 1402 3729 100
1411 3702 1452 3728 nis
1464 3702 1512 3729 effe
1526 3700 1660 3729 videntur.
1679 3701 1821 3728 Africanus
1831 3699 1903 3728 Laos
1921 3697 1954 3724 de
1967 3697 2040 3727 Verb
2063 3697 2171 3733 fignific.
2183 3699 2333 3733 Bononiinf,
2346 3710 2369 3728 ,·.

309 3744 381 3771 poris
390 3755 397 3767 ,
413 3742 440 3762 vt
453 3737 567 3771 quisquc
578 3735 616 3762 est
631 3732 820 3767 difficillimus,
836 3735 872 3761 ita
882 3734 985 3762 medius
998 3733 1172 3761 nobilissimus
1184 3739 1262 3768 atque
1276 3736 1345 3770 opti.

308 3780 366 3798 nius
385 3772 536 3806 quaeritur:
564 3771 592 3798 in
604 3770 729 3806 perieulis
748 3770 841 3805 cupitis
858 3776 888 3796 vt
900 3779 966 3805 quac
987 3779 1020 3797 ue
1038 3770 1112 3797 causa
1131 3767 1288 3797 difficillima
1299 3771 1345 3803 est,

309 3807 347 3834 ita
362 3805 518 3833 deterrimus
538 3805 783 3842 obscuriffiniusque
803 3812 927 3840 patronus
946 3805 979 3832 ad
1001 3805 1097 3833 ibetur.
1150 3804 1199 3833 sed
1215 3805 1346 3840 hi'cpotqsl

308 3839 444 3869 Adiefflua
456 3845 522 3868 notio
535 3844 612 3869 Iocum
627 3842 722 3870 hahere.
760 3842 884 3876 Optimus
903 3841 1051 3875 Maximus,
1071 3843 1140 3869 Deus
1157 3840 1266 3867 dicitur.-
1292 3841 1345 3868 vid.

1356 492 1384 510 10

1346 851 1387 869 ,20

1374 1027 1384 1034 ¹
1404 1023 1493 1051 Eadem
1506 1023 1634 1058 Corporis
1654 1022 1764 1049 secunda
1777 1022 1833 1049 Cic.
1848 1022 1931 1049 Tusc.
1946 1031 1959 1056 5
1972 1032 1993 1049 c.
2007 1031 2047 1055 30.

1355 1205 1387 1229 30

1396 1346 1531 1382 fortunae.
1567 1346 1624 1372 Seri.
1640 1345 1734 1372 Geiau.
1747 1353 1774 1379 35
1788 1345 1902 1380 Fulgore
1915 1345 2004 1380 primo
2019 1351 2108 1380 captus
2127 1352 2153 1372 et
2166 1345 2260 1380 fragili
2279 1345 2352 1372 bono
2372 1346 2389 1363 '²
2418 1337 2427 1357 ³

1370 1901 1375 1904 .
1401 1880 1471 1906 1111110
1485 1879 1653 1914 Pamphilum
1667 1878 1736 1906 Ter.
1751 1879 1833 1906 Andr.
1847 1889 1876 1912 4,
1887 1888 1911 1912 3,
1925 1888 1948 1907 2.

286 1926 346 1944 mos
361 1917 455 1943 inflare
468 1916 555 1948 leues,
576 1923 628 1950 ego
643 1914 732 1941 dicere
749 1916 847 1942 vei-sus.
883 1915 974 1941 Tacit.
989 1916 1056 1941 Ann.
1073 1924 1091 1948 i,
1106 1924 1128 1947 3,
1143 1924 1153 1942 1
1189 1917 1227 1943 M.
1243 1917 1338 1957 Agrip·
1352 1919 1383 1943 5³
1394 1916 1504 1950 phorum
1523 1915 1579 1942 Cic.
1598 1915 1630 1941 de
1649 1915 1707 1941 Fin.
1721 1923 1744 1947 3,
1759 1924 1775 1941 2
1793 1915 1984 1947 Quaerendum
1995 1915 2049 1947 est,
2067 1915 2116 1944 vbi
2127 1916 2159 1944 fit
2171 1918 2239 1946 illud
2252 1919 2383 1946 sui-ninum
2418 1929 2424 1943 ι

839 2270 946 2304 Sagittis
967 2270 1066 2296 melior
1084 2271 1151 2297 Hor.
1165 2271 1255 2297 Carm.
1274 2280 1297 2303 3,
1312 2273 1339 2304 6,
1358 2267 1393 2292 60
1405 2277 1419 2294 2
1432 2277 1454 2295 c.
1467 2277 1505 2301 14.
1523 2277 1574 2302 pro
1586 2268 1646 2295 Mil.
1659 2277 1681 2294 c.
1695 2276 1733 2295 12.
1753 2268 1822 2295 Add.
1836 2269 1912 2295 Verr.
1921 2277 1934 2301 3
1946 2277 1968 2295 c.
1984 2271 2028 2295 60.
2065 2269 2157 2295 Paucis
2170 2270 2306 2296 temeritas
2320 2270 2357 2297 est

1090 2448 1146 2475 Cic.
1168 2449 1221 2476 Att.
1243 2458 1283 2484 14,
1297 2459 1338 2477 22.
1356 2454 1387 2486 65
1404 2448 1453 2486 suo
1463 2447 1560 2483 cuique
1571 2447 1671 2480 facim,
1690 2449 1717 2474 in
1731 2448 1798 2485 lege,
1811 2457 1884 2484 quam
1897 2449 1987 2475 Verres
1998 2446 2132 2474 redemtori
2138 2451 2225 2487 *operis

412 2989 444 3015 In
456 2993 540 3015 aetate
559 2985 648 3013 nostra
666 2984 739 3021 quod
757 2984 793 3011 est
806 2984 956 3019 optimum,
985 2985 1104 3020 primum
1115 2986 1152 3013 est
1166 2987 1224 3013 Scn.
1239 2996 1279 3023 ep.
1295 2993 1339 3018 108
1355 2991 1387 3018 80

977 3162 1119 3198 Optimum
1139 3164 1176 3191 est
1188 3166 1269 3192 Plaut.
1284 3167 1342 3194 Cas.
1359 3169 1389 3198 85

1375 3407 1378 3410 .
1408 3379 1524 3406 strorum
1540 3380 1616 3420 saepe
1635 3378 1745 3414 requiro
1761 3377 1944 3413 prudentiam,
1966 3379 2016 3414 qui
2031 3378 2095 3406 haee
2113 3378 2249 3406 imbecilla
2268 3384 2295 3406 et
2307 3388 2366 3406 co·

1828 74 1858 116 B
1910 75 1947 115 0
2001 76 2044 118 Ν
2358 74 2446 131 628²

1401 165 1508 193 Verna.
1520 175 1542 193 c.
1557 172 1571 197 8
1589 166 1662 193 Idem
1676 174 1725 201 pro
1737 166 1806 192 Sext.
1819 173 1861 199 99.
1898 165 1935 191 Vt
1947 164 1992 191 sua
2003 165 2110 193 consilia
2122 167 2225 202 optimo
2237 168 2331 203 cuique
2342 171 2429 204 proba.

1401 207 1503 227 rentur.
1573 203 1689 237 Dignum
1704 202 1776 229 bono
1790 202 1857 227 Hor.
1870 200 1948 235 Epist.
1964 209 1985 233 1,
1999 209 2028 233 4,
2041 208 2062 234 5.
2131 202 2251 230 Oderunt
2268 213 2371 238 peccare
2386 206 2429 235 bo.
2447 228 2449 231 .

1399 237 1429 262 ni
1448 237 1556 263 virtutis
1573 246 1664 265 amore
1684 238 1757 264 Ideni
1776 237 1854 272 Epist.
1878 245 1898 269 1,
1920 238 1957 269 16,
1978 245 2018 269 52.
2087 238 2118 263 In
2136 238 2228 272 bonis,
2253 240 2326 266 inter
2344 239 2449 277 bonoim:

1401 272 1456 299 vid.
1473 278 1527 298 iN.
1598 274 1724 301 Insultare
1738 273 1838 305 bonos,
1858 272 1912 299 vid.
1920 271 1968 308 suli
1991 279 2030 298 iN
2039 278 2052 298 S
2061 279 2071 298 1
2081 277 2098 297 1.
2107 279 2154 299 10.
2224 275 2331 301 Certare
2345 277 2430 306 melio.
2440 283 2447 310 *l

1401 307 1476 334 ribus
1489 309 1556 334 Hor.
1569 307 1621 335 Sat.
1636 317 1658 340 2,
1672 317 1694 341 5,
1705 318 1741 342 19.
1755 313 1773 336 i.
1780 307 2009 345 ffiperarestuzzQ-re
2021 305 2233 343 praestantiores,
2254 309 2300 336 αἰεὶ
2319 310 2441 346 &fist-‚52¹
2469 337 2471 342 ,

1403 341 1424 381 ἦ
1443 351 1460 378 7
1498 345 1593 370 Neutro
1606 344 1754 379 praefirtim
1771 354 1857 381 genere
1879 341 2035 380 substrintiui
2057 349 2172 370 naturam
2188 344 2267 380 subit.
2286 351 2312 371 υ.
2331 355 2357 382 g.
2375 348 2442 381 .B40.3
2467 367 2474 378 ,Α

1403 388 1515 411 norum,
1534 378 1635 412 dynam
1648 377 1796 414 ὖκαρχόῆων
1808 381 1866 407 Vet.
1876 380 1955 406 Gloss'.
1969 379 2024 405 Cic.
2041 379 2099 404 Fin.
2114 387 2137 411 3,
2150 387 2177 411 33
2192 388 2214 406 c,
2228 388 2256 406 10
2282 379 2441 412 Bonum'fleq
2462 395 2468 405 =

1403 415 1494 442 finiuit
1513 415 1661 449 DiogeneS,
1689 414 1717 440 id
1730 415 1810 449 —quod
1828 417 1888 442 esset
1901 423 1995 443 natura
2014 414 2174 441 absolutum.
2210 416 2248 441 De
2261 411 2347 443 tribus
2357 417 2470 447 homer-2

1402 460 1462 478 rum
1473 450 1615 485 generibus
1628 449 1700 476 Idem
1707 449 1788 476 Tusc.
1803 458 1816 483 5
1829 461 1851 479 c.
1865 460 1906 484 30.
1939 450 2014 487 Conj.
2029 450 2136 485 August.
2150 450 2182 476 de
2197 451 2226 476 C.
2234 451 2266 477 D.
2282 460 2302 483 1,
2317 458 2349 485 ig.
2362 446 2470 484 ethbjff*

1401 493 1530 523 terpretes.
1566 485 1648 512 Ouid.
1664 486 1722 511 Am.
1737 493 1763 517 2,
1776 487 1802 517 6,
1814 495 1843 519 39
1866 488 1976 522 Optima
1989 486 2075 522 prima
2094 486 2150 512 fere
2165 485 2287 512 manibus
2305 487 2461 522 131110οὴ111-

1403 523 1498 549 auaris.
1536 521 1582 548 Dii
1602 520 1729 547 meliora!
1747 520 1863 556 formula
1881 524 2037 559 deprecanti:
2051 531 2127 548 omen.
2142 522 2199 548 Cic.
2214 521 2245 548 de
2258 522 2315 548 Seii.
2328 532 2394 559 470,
2405 534 2434 561 ¹4
2445 518 2464 557 ³¹}

1405 560 1474 586 Bene
1489 557 1639 592 Sophocles,
1660 566 1719 583 cum
1732 565 1763 582 ex
1777 565 1810 583 eo
1823 558 1932 591 quidam
1946 560 2000 585 iam
2013 557 2108 585 affe&o
2121 563 2206 584 aetate
2220 565 2370 593 quaereret,
2385 565 2439 588 vta..

1405 602 1512 621 returne
1526 593 1605 620 rebus
1618 593 1758 619 venereis?
1796 592 1843 619 Dii
1863 594 1988 622 meliora!
2025 593 2129 628 inquit,
2146 592 2260 620 libenter
2275 594 2345 621 enim
2356 594 2441 637 ὶίὶῂς,7

1403 635 1528 664 tanquam
1540 638 1554 656 a
1567 628 1679 655 domino
1692 627 1787 663 agresti
1801 637 1829 654 ac
1841 628 1945 656 furioso
1959 630 2076 664 profugi.
2102 629 2176 655 Idem
2191 627 2259 656 Phil.
2272 634 2285 659 8
2301 639 2323 656 c.
2337 635 2386 662 310
2398 641 2409 655 ii
2422 646 2432 655 1.

1405 675 1454 691 nos
1464 667 1471 691 3
1480 674 1545 691 nuin
1556 664 1623 699 quid
1635 664 1686 691 tale
1699 663 1842 690 habemus?
1862 665 1909 691 Dii
1922 666 2049 693 meliora!
2069 666 2129 692 Liu.
2143 674 2184 697 39,
2201 673 2229 691 10
2246 664 2277 691 Id
2289 664 2336 691 vbi
2347 674 2373 692 111
2384 696 2391 702 ,
2414 668 2443 691 ..“

1404 700 1525 733 audiuit,
1544 700 1591 727 Dii
1605 700 1733 732 meliora,
1758 699 1864 734 inquit,
1890 702 1962 728 niori
1980 708 2006 728 et
2024 702 2073 729 {ibi
2088 707 2114 728 et
2129 701 2173 727 illi
2190 700 2269 727 satius
2282 701 2345 733 esse,

1403 736 1432 763 id
1447 737 1546 763 faceret
1559 743 1604 762 etc.
1659 735 1731 762 Pacis
1749 734 1819 762 bona
1839 736 1929 763 Tacit.
1945 737 2013 764 Hist.
2028 747 2051 771 3,
2067 743 2103 769 81,
2119 746 2138 763 i.
2195 736 2252 763 Sen.
2266 735 2347 769 Thye
2395 746 2432 772 ῃ

1404 772 1541 804 Suffitas,
1555 772 1653 807 pietas,
1673 770 1754 804 fides,
1773 771 1878 798 priuata
1889 771 1960 799 bona
1973 773 2046 800 sunta
2062 782 2116 809 qua
2129 773 2205 799 iuuat
2217 780 2290 806 reges
2299 778 2364 800 cant.
2393 779 2414 803 κ’

1403 808 1505 835 blicuin
1520 807 1620 834 bonuni
1637 808 1705 834 Suet.
1719 806 1781 834 Tit.
1795 815 1821 841 7.
1834 807 1966 836 3311031.
1979 818 2001 835 c.
2013 814 2050 841 38.
2120 810 2189 835 Vera
2202 807 2273 834 bona
2291 809 2355 834 11111-

1406 853 1443 876 10,
1458 853 1479 876 3.
1537 845 1641 870 Βο1111111
1657 850 1683 869 et
1697 852 1813 877 aequum
1829 843 1911 870 Plaut.
1925 845 1992 871 Pers.
2012 853 2035 877 3,
2053 853 2074 876 i,
2089 852 2128 878 71.
2184 843 2265 877 Qiod
2279 843 2331 870 erit
2352 856 2384 874 »3
2416 831 2440 858 'i

1402 886 1482 915 atque
1496 878 1669 919 commodum
1680 879 1748 905 Ter.
1762 878 1867 919 Phorm.
1883 888 1902 911 1,
1915 888 1941 911 2,
1955 885 1990 910 81.
2044 881 2147 907 Natura
2160 878 2227 906 boni
2241 880 2309 919 Hor.
2322 878 2383 905 Saus
2420 874 2439 927 ¹

1405 919 1429 947 6,
1443 918 1486 952 76.
1558 915 1648 942 Amici
1662 914 1732 941 bona
1741 935 1749 947 ,
1766 914 1864 949 quibus
1877 915 2048 942 Ineoininoda
2060 921 2239 951 opponuntur.
2261 916 2316 942 Cic.
2329 914 2382 942 de*-

1402 952 1447 979 cit.
1464 957 1505 985 48.
1559 951 1651 978 Animi
1665 957 1690 977 et
1703 951 1824 984 corporis
1837 950 1911 977 Idem
1919 951 1997 978 Acad.
2009 960 2017 977 1
2034 961 2056 978 c.
2067 960 2087 985 5.
2099 959 2122 978 ct
2133 952 2217 978 'sustu
2233 959 2245 984 5
2258 960 2279 978 c.
2288 959 2328 983 30.
2357 965 2372 974 ν
2436 946 2445 962 ”

1403 988 1476 1023 poris
1495 987 1597 1021 optima
1620 988 1686 1014 Hor.
1709 987 1790 1013 Serm.
1811 994 1836 1019 1,
1855 995 1888 1019 2,
1907 996 1950 1019 90.
1974 990 1992 1014 i.
2018 988 2121 1022 Optima
2139 996 2200 1023 quae
2217 987 2281 1024 sunt
2299 989 2385 1017 ino-f
2427 979 2438 1006 ²¹

2105 1023 2211 1057 Ingenii
2228 1022 2377 1057 studiique

1405 1058 1537 1093 Qiinffll.
1549 1067 1558 1084 1
1573 1067 1692 1093 prooem.
1706 1066 1747 1094 27.
1783 1059 1838 1085 Cic.
1853 1059 1924 1085 Fam.
1949 1067 1984 1092 15,
2000 1068 2030 1093 14
2052 1058 2083 1085 Id
2098 1058 2181 1094 qi'iuin
2198 1067 2253 1085 non
2266 1058 2375 1095 accidit,
2426 1059 2430 1066 ’

1403 1105 1465 1122 mur
1478 1095 1551 1121 bono
1564 1095 1716 1121 literarum:
1737 1100 1763 1120 et
1777 1094 1869 1121 eadem
1882 1094 1939 1121 fere
1954 1094 2088 1127 absentes,
2113 1103 2180 1130 quae
2195 1094 2213 1121 fi
2229 1103 2318 1130 cerain
2330 1099 2377 1121 el.-

1402 1132 1604 1166 consequemur.
1640 1130 1701 1157 Stat.
1716 1130 1779 1157 Silii.
1796 1138 1819 1162 5,
1835 1139 1855 1162 i,
1869 1138 1900 1164 52
2300 1158 2302 1160 ¹
2370 1139 2372 1142 ’

1559 1165 1712 1193 Laudentur
1733 1166 1858 1200 proauis,
1876 1167 1920 1192 seii
1939 1165 2064 1200 pulchrae
2078 1174 2187 1193 munere
2201 1165 2316 1199 formae,

1560 1203 1637 1235 Qiae
1656 1210 1764 1228 morum
1780 1210 1888 1228 caruere
1901 1201 1995 1234 bonis,
2015 1202 2136 1237 falloque
2149 1207 2270 1237 potentes

1558 1237 1656 1265 Laudis
1677 1244 1754 1272 egent
1771 1246 1858 1264 verae.

1404 1274 1554 1300 Commune
1573 1274 1674 1300 bonum
1694 1274 1798 1300 Lucret.
1819 1281 1841 1306 5,
1854 1275 1912 1307 956.
1951 1273 2006 1300 Cic.
2026 1282 2076 1308 pro
2094 1273 2212 1300 Marcell.
2231 1281 2259 1306 19
2273 1282 2295 1300 e.
2307 1274 2326 1299 6
2364 1273 2383 1301 os

1403 1309 1488 1345 gaude
1506 1316 1555 1336 tuo
1571 1310 1623 1337 isto
1643 1316 1697 1336 tam
1710 1310 1852 1337 excellenti
1871 1309 1952 1336 bono.
1989 1310 2103 1336 Externa
2122 1309 2196 1336 Idem
2210 1309 2294 1336 Tusc.
2309 1317 2322 1341 5
2336 1315 2363 1337 0.
2380 1321 2384 1338 i

1402 1382 1440 1408 cis
1453 1380 1527 1407 aulae
1541 1382 1661 1418 quisquis
1673 1382 1802 1408 attonitus
1815 1381 1907 1416 stupet.
1950 1382 2005 1408 Cic.
2019 1381 2051 1408 de
2066 1382 2129 1408 Nat.
2144 1382 2224 1408 neor.
2244 1389 2267 1414 3,
2281 1386 2314 1416 87
2325 1390 2347 1408 c.
2358 1389 2371 1414 3
2419 1384 2425 1416 s]

1402 1426 1470 1444 vero
1483 1423 1527 1444 aut
1540 1416 1690 1444 honoribus
1703 1417 1791 1450 audii,
1811 1423 1856 1443 aut
1869 1425 1899 1444 re
1911 1416 2059 1450 familiari,
2078 1422 2123 1444 aut
2136 1417 2155 1444 fi
2169 1416 2243 1444 aliud
2256 1417 2359 1453 quippi
2372 1431 2392 1451 ¹¹:
2418 1417 2437 1430 s

1403 1453 1442 1480 611
1454 1453 1543 1479 sunnis
1555 1453 1665 1480 fortuiti
1678 1453 1760 1486 boni,
1782 1459 1827 1479 aut
1840 1453 1992 1487 depulimus
2004 1453 2078 1485 mali,
2091 1459 2147 1480 tum
2165 1453 2218 1479 diis
2230 1453 2326 1488 gratias
2344 1472 2347 1475 ι
2422 1457 2425 1459 ’
2436 1483 2437 1486 Ἴ

1401 1495 1458 1516 tum
1471 1488 1541 1515 nihil
1552 1489 1655 1517 nostrae
1669 1489 1744 1516 laudi
1757 1490 1896 1516 afl‘iinitiim
1907 1488 2080 1516 arbitramur.
2136 1488 2241 1524 Fragile
2253 1488 2360 1516 bonum*
2371 1493 2398 1525 οἱὸ
2414 1500 2421 1508 2
2442 1498 2443 1502 ¹

1402 1525 1434 1552 de
1447 1526 1512 1552 Arte
1533 1525 1592 1552 Am.
1606 1534 1633 1558 2,
1650 1533 1697 1558 113.
1740 1524 1872 1560 Qiine'til.
1885 1533 1911 1558 2,
1928 1530 1950 1557 8,
1966 1534 1995 1551 10
2016 1525 2082 1552 Νο11
2102 1524 2275 1552 deterendum
2292 1524 2320 1552 id
2337 1524 2402 1558 bos
2416 1520 2437 1535 Ἣ

1401 1561 1420 1588 li
1434 1560 1507 1596 quod
1519 1561 1668 1595 ingenitum
1682 1561 1734 1594 est,
1754 1561 1894 1593 existimo,
1914 1561 1959 1587 sed
1978 1561 2144 1596 augendum,
2163 1560 2365 1596 addendumque
2410 1555 2426 1566 '

1401 1597 1485 1623 cessat.
1532 1598 1588 1623 Cic.
1603 1596 1656 1624 Off.
1671 1605 1691 1629 1,
1706 1602 1751 1630 148
1770 1597 1875 1632 Magnis
1889 1597 1962 1623 enim
1981 1596 2023 1623 illi
2036 1602 2062 1624 et
2076 1596 2178 1623 diuinis
2197 1596 2276 1624 bonis
2290 1596 2367 1624 hane*
2377 1598 2388 1620 .'
2411 1601 2425 1620 -'

1401 1633 1467 1659 tiam
1482 1632 1691 1667 assequebantur.
1727 1633 1784 1658 Sen-
1798 1633 1827 1659 in
1839 1632 1951 1665 Thyest.
1966 1641 2015 1666 205
2036 1632 2185 1660 Maximum
2199 1632 2250 1659 hcc
2259 1633 2337 1668 regni
2354 1645 2359 1656 ι
2372 1646 2375 1651 -·
2393 1637 2395 1640 ’
2412 1644 2422 1657 ἰ

1402 1668 1454 1701 est,
1476 1668 1549 1703 quod
1560 1668 1631 1695 faeia
1643 1668 1748 1695 domini
1767 1668 1872 1703 cogitur
1890 1668 2004 1703 populus
2023 1669 2064 1695 sui
2081 1674 2135 1695 tam
2152 1669 2224 1696 ferre
2237 1677 2317 1704 quam
2336 1669 2372 1695 l-·›
2406 1674 2414 1704 ἑ,

1402 1704 1551 1730 Maximum
1566 1704 1668 1730 bonum
1689 1704 1770 1733 etiam
1789 1704 1848 1731 Cic.
1859 1704 1944 1731 Tusc.
1959 1711 1972 1738 5
1986 1713 2008 1730 c.
2022 1713 2062 1736 30.
2092 1707 2112 1731 i.
2121 1704 2259 1741 summum,
2279 1702 2372 1732 animi?

1403 1738 1451 1764 tul.
1465 1740 1508 1769 66,
1523 1744 1563 1771 158
1598 1753 1644 1759 —
1663 1747 1678 1764 a
1693 1747 1748 1772 quo
1783 1739 1850 1766 Sunt
1861 1739 1952 1773 primo
1971 1740 2052 1767 nobis
2064 1740 2156 1767 omnia
2165 1746 2226 1768 nata
2238 1740 2317 1767 bona.
2366 1750 2384 1766 ι’
2396 1738 2409 1770 J

1401 1774 1430 1801 iii
1444 1774 1527 1800 Bruto
1542 1782 1584 1806 130
1618 1775 1654 1800 Vt
1665 1773 1745 1799 facile
1757 1782 1877 1800 cerneres
1889 1776 2009 1801 naturale
2022 1775 2158 1811 quoddam
2171 1776 2260 1812 stirpis
2271 1775 2402 1810 bonum,
2424 1769 2435 1823 1

1401 1809 1562 1845 generauiffe
1579 1808 1650 1836 vitio
1668 1809 1826 1844 deprauatae
1844 1808 2001 1835 voluntatis.

2045 1811 2115 1838 Add.
2136 1813 2205 1847 Nep.
2225 1818 2248 1844 8,
2262 1821 2306 1845 1,3
2332 1813 2362 1839 Se
2394 1791 2418 1835 f

1402 1846 1458 1872 Cic.
1472 1846 1556 1871 Tusc.
1570 1852 1583 1877 ς
1595 1854 1618 1871 0.
1632 1853 1673 1876 30.
1693 1848 1711 1871 ι’.
1726 1847 1847 1880 corporis.

1906 1844 2046 1870 Summum
2057 1844 2160 1872 bonum
2170 1848 2221 1874 effe
2234 1847 2314 1881 herae
2325 1853 2399 1884 put·
2418 1859 2420 1871 ·
2440 1851 2442 1855 ’

1996 1879 2133 1907 Summum
2146 1881 2248 1910 bonum
2251 1883 2327 1920 ftnsu
2341 1883 2410 1920 philo
2422 1889 2435 1914 ll

1401 1959 1482 1983 num,
1508 1950 1581 1985 quod
1601 1950 1722 1985 reperire
1738 1950 1866 1976 volumus
1884 1956 1931 1976 etc.
2125 1950 2146 1990 fl
2166 1959 2180 1983 8
2215 1953 2344 1982 Accidunt
2364 1954 2423 1981 bon.

1402 1986 1458 2026 vid,
1477 1993 1499 2026 A
1507 1994 1524 2013 c
1532 1993 1549 2014 c
1557 1993 1567 2012 1
1574 1992 1595 2026 1)
1603 1992 1636 2026 ο..
1686 1986 1835 2021 Apportare
1846 1985 1964 2017 bonum,
1983 1984 2038 2025 vid.
2049 1993 2095 2014 A?
2103 1993 2172 2015 ron
2184 1995 2207 2016 ‚1-
2217 1996 2247 2017 ο,
2269 1992 2272 1994 ’
2299 1989 2423 2016 Λιῑὶιεςες]

1401 2021 1876 2093 233533.5}5¹÷¹¹5F¹0¹17253·,.235.¹}55⁶
1888 2019 2084 2091 bsssssssse‘ssl’ssz
2095 2023 2422 2092 usuvenit&

1403 2092 1521 2124 Suadeo,
1541 2093 1645 2120 bonum
1656 2099 1734 2120 tuum
1748 2101 1898 2128 concoquas
1909 2093 2015 2119 Petron.
2036 2099 2106 2127 c.75.
2126 2095 2145 2120 i.
2159 2092 2270 2128 fortuna
2281 2099 2326 2119 tua
2394 2107 2422 2136 '¹6

1402 2126 1479 2162 Cous.
1491 2127 1527 2152 ibi
1544 2127 1629 2153 Burni.
1643 2134 1682 2159 et,
1700 2138 1761 2163 quos
1772 2128 1876 2162 laudat,
1892 2127 1952 2154 Cic.
1966 2129 2038 2154 Fam.
2051 2130 2079 2160 6,
2091 2135 2112 2161 5.
2133 2127 2203 2155 Cels.
2214 2135 2241 2160 2,
2252 2135 2277 2154 2.
2290 2127 2357 2154 Plin.

1402 2168 1448 2188 etc.
1486 2161 1555 2188 Ter.
1563 2160 1644 2187 Andr.
1653 2170 1672 2193 1,
1686 2170 1705 2194 1,
1721 2169 1756 2196 70
1774 2164 1866 2195 Qiuin
1878 2162 1907 2189 id
1920 2162 1991 2189 mihi
2003 2162 2139 2197 placebat,
2164 2169 2222 2190 tum
2233 2163 2290 2189 vno
2302 2171 2371 2190 ore.

1401 2197 1493 2224 omnia
1506 2196 1577 2223 bona
1591 2196 1693 2229 dicere,
1713 2202 1739 2222 et
1751 2196 1859 2224 laudare
1871 2197 1992 2224 fortunas
2004 2206 2084 2224 meas.
2131 2199 2198 2225 Dari
2210 2197 2312 2225 bonum
2326 2207 2371 2235 qu

1403 2234 1465 2265 tuit,
1479 2232 1580 2259 auferri
1594 2232 1677 2266 potest
1691 2232 1748 2258 Seri.
1764 2241 1804 2268 ep.
1818 2237 1842 2263 8.
1877 2233 1932 2259 Ess'e
1945 2232 2018 2259 bono
2030 2233 2088 2260 Cic.
2103 2241 2154 2267 pro
2168 2233 2191 2260 S.
2207 2234 2283 2261 Rosc.
2296 2242 2361 2268 0.,3·

1404 2303 1496 2331 multis
1510 2303 1582 2330 malo
1594 2305 1620 2331 P.
1635 2304 1691 2337 Syr.
1728 2303 1785 2331 Cic.
1800 2305 1871 2331 Fam.
1885 2312 1919 2337 15,
1934 2313 1964 2339 14
1984 2304 2042 2331 Nec
2056 2310 2145 2331 tamen
2158 2310 2263 2332 tanturn
2277 2305 2306 2332 in
2319 2306 2354 2333 sta

1404 2339 1499 2375 Lepidi
1518 2339 1600 2366 statua
1614 2339 1715 2366 fae'tum
1733 2339 1769 2366 est
1788 2340 1868 2373 mali,
1885 2346 2014 2375 quantum
2034 2340 2063 2366 in
2083 2340 2225 2368 euertenda
2242 2340 2318 2368 boni.
2373 2362 2377 2372 ,-

1402 2375 1484 2403 hodie
1498 2375 1617 2403 Casinam
1630 2375 1817 2402 deosculabor!
1834 2382 1864 2402 vt
1876 2375 1946 2402 mihi
1959 2375 2030 2402 bona
2042 2375 2125 2402 multa
2137 2376 2234 2404 faciam
2252 2377 2334 2405 Plaut.
2363 2381 2380 2401 ἕ

1403 2417 1426 2443 8,
1441 2420 1476 2444 33.
1514 2413 1609 2438 Facere
1623 2411 1702 2447 aequi
1716 2411 1793 2444 boni,
1805 2412 1857 2438 vid.
1866 2419 1894 2439 ,Α
1903 2419 1919 2438 Ε
1928 2418 1978 2451 Qv
1986 2419 2007 2438 v
2016 2418 2038 2438 s.
2074 2411 2130 2438 Cic.
2144 2413 2220 2439 Vei-r.
2235 2420 2245 2439 1
2259 2422 2281 2440 c.
2295 2416 2328 2447 56
2354 2417 2359 2438 :
2372 2426 2377 2435 2

2284 2450 2332 2476 tici
2341 2449 2370 2476 de*

1402 2485 1422 2510 i.
1426 2485 1529 2520 Jingida.
1539 2492 1630 2520 genera
1640 2486 1758 2510 materiae
1770 2483 1833 2510 bona
1841 2481 1977 2519 praestato.
2014 2483 2157 2517 Asconius,
2177 2485 2232 2511 Ver
2251 2493 2297 2511 um
2309 2484 2346 2511 est
2378 2502 2392 2517 -v

1402 2519 1490 2545 versas
1505 2519 1581 2546 simul
1593 2518 1834 2553 comprehendens,
1854 2519 1905 2546 hoc
1917 2519 1970 2551 cst,
1989 2519 2064 2545 bono
2073 2518 2171 2551 latere,
2190 2519 2301 2554 integris
2312 2512 2427 2547 menfw'

1404 2561 1463 2590 apta
1478 2564 1573 2588 arena,
1593 2554 1656 2581 vtili
1669 2555 1754 2588 calce,
1778 2554 1909 2582 machinis
1922 2554 2042 2588 idoneis,
2063 2554 2147 2590 proba
2159 2556 2280 2588 materie.
2351 2555 2416 2582 Fac

1401 2591 1543 2618 meliorem
1557 2590 1688 2625 Qiinffii.
1703 2599 1723 2623 i,
1737 2599 1762 2617 2.
1811 2591 1907 2618 Facere
1918 2591 2021 2626 optima
2035 2599 2116 2626 quam
2127 2591 2282 2626 promittere
2299 2590 2399 2618 malu
2410 2616 2427 2632 Ι.

1774 2661 1980 2698 Imbuioptimis
1995 2661 2108 2696 Qiintffi
2121 2682 2128 2689 .
2137 2671 2159 2696 1,
2167 2668 2189 2693 8.
2245 2664 2345 2698 Impetr
2380 2662 2395 2682 -‘

1405 2708 1471 2725 num
1484 2708 1513 2726 ac
1526 2707 1656 2734 aequum,
1672 2697 1724 2724 vid.
1738 2705 1762 2725 A
1770 2705 1787 2726 Ε
1795 2706 1846 2738 Qv
1855 2707 1875 2726 v
1886 2705 1910 2726 s.
1979 2698 2159 2734 Inquinantur
2170 2698 2242 2726 bona
2253 2698 2351 2734 nostra¹
2362 2711 2365 2719 ι
2375 2703 2390 2732 ξ,
2414 2697 2417 2705 ²

1403 2735 1449 2762 stis
1463 2734 1540 2762 malis
1559 2733 1726 2769 Qiinetil.4,
1734 2741 1756 2760 2.
1793 2734 1874 2762 Ouid.
1889 2735 1949 2762 Am.
1962 2743 1986 2767 3,
2002 2743 2040 2766 10,
2052 2735 2072 2760 6
2084 2735 2114 2760 de
2120 2735 2216 2767 Cerere,
2232 2735 2290 2761 Nee
2303 2733 2353 2762 m'·
2414 2739 2417 2741 '

1405 2771 1490 2797 inanis
1510 2771 1614 2798 inuidet
1632 2769 1686 2796 vlla
1703 2769 1791 2796 bonis.
1847 2769 1944 2802 Habet,
1957 2779 2025 2806 quae
2038 2770 2150 2805 quidem
2161 2770 2192 2797 in
2203 2769 2315 2797 homine
2332 2769 2372 2793 ·’·'
2408 2761 2431 2797 'lff

1406 2806 1493 2839 bona,
1507 2807 1649 2838 Parentes,
1667 2805 1781 2841 patriam
1797 2805 1976 2839 incolumem,
1997 2805 2114 2839 amicos,
2133 2814 2231 2840 geniis,
2250 2815 2334 2841 eogna
2350 2805 2357 2828 ἷ
2408 2796 2419 2823 Τ

1406 2843 1500 2875 vitias,
1520 2849 1566 2869 etc.
1609 2841 1666 2877 Qii
1682 2841 1722 2868 vti
1742 2841 1805 2874 scit,
1825 2841 1852 2868 ci
1867 2841 1952 2869 bona:
1983 2842 2028 2868 illi
2041 2842 2090 2877 qui
2102 2851 2159 2868 non
2176 2842 2262 2877 vtitur
2274 2841 2369 2874 1εᾶοχ

1406 2878 1475 2905 Ter.
1496 2879 1592 2905 Heaut.
1615 2887 1636 2911 i,
1650 2885 1673 2910 2,
1687 2885 1724 2910 19.
1794 2878 1886 2904 Manet
1901 2882 1929 2904 te
1943 2877 2060 2910 bonum,
2080 2877 2135 2905 vid.
2158 2883 2184 2905 Μ
2197 2885 2219 2904 Α
2228 2885 2276 2905 ΝΕ
2285 2884 2313 2905 0.
2354 2908 2357 2911 .

1407 2914 1497 2941 BIVS
1527 2913 1688 2941 PARDVS
1714 2912 1837 2940 OMNr
1861 2913 1980 2941 BONO
2013 2914 2064 2941 DE
2095 2914 2137 2941 SE
2160 2913 2374 2941 MERITAE

1406 2949 1484 2977 CIT
1501 2949 1622 2985 Inscript.
1638 2947 1741 2977 Grut.f.
1754 2953 1806 2983 787
1818 2957 1845 2974 n.
1858 2956 1880 2982 5.
1896 2951 1916 2975 i.
1929 2948 2052 2985 beneficio.
2123 2950 2237 2976 Monere
2255 2945 2372 2986 melior)

1405 2986 1488 3012 Serm.
1502 2994 1523 3019 1,
1537 2994 1561 3018 2,
1574 2993 1613 3021 73.
1667 2985 1807 3012 Mutantur
1824 2983 1903 3011 facile
1917 2983 1993 3011 ‘bona
2010 2985 2040 3011 in
2053 2984 2129 3019 peius
2141 2985 2275 3019 Qinffll.
2289 2994 2310 3018 1,
2323 2993 2343 3012 1.
2360 2995 2363 2997 ·

1407 3029 1511 3048 merare
1524 3021 1553 3048 in
1566 3020 1645 3049 bonis
1652 3019 1721 3053 ,vid.
1734 3026 1756 3045 N
1765 3026 1785 3046 v
1794 3026 1819 3046 M
1827 3025 1872 3046 ER
1880 3027 1909 3047 o.
1947 3020 2082 3047 Nuntiate
2098 3021 2212 3048 meliora
2222 3021 2280 3048 Cic.
2286 3021 2354 3054 Ate,

1407 3057 1465 3084 Scn.
1480 3057 1592 3092 Hippol.
1610 3065 1663 3091 44²
1688 3054 1809 3082 >Perdere
1828 3055 1865 3082 est
1885 3055 1981 3091 dignus
1999 3055 2070 3083 bona
2085 3054 2154 3091 Qiis
2173 3056 2256 3084 nescit
2267 3057 2317 3084 vti.
2368 3056 2372 3064 ¹

1406 3093 1503 3128 pienda
1515 3094 1574 3120 sunt
1585 3093 1688 3128 optima
1699 3090 1831 3126 Quinctil.
1848 3099 1869 3125 i,
1878 3100 1898 3118 1.
1951 3092 2080 3119 Recurare
2092 3091 2164 3119 bona
2177 3092 2261 3120 Ouid.
2273 3093 2372 3120 Met-1⁴

1407 3129 1554 3165 Sequimur
1571 3128 1686 3156 meliora
1703 3128 1777 3162 Virg.
1795 3128 1861 3154 Aen.
1880 3135 1903 3160 3,
1925 3132 1975 3158 188.
2045 3129 2193 3163 Sequentur
2211 3129 2322 3156 miseros
2347 3133 2376 3152 m

1409 3164 1482 3191 Idem
1497 3166 1560 3192 Aen.
1573 3173 1610 3198 12,
1625 3171 1672 3198 153.
1725 3163 1834 3199 Sperare
1853 3162 1966 3190 meliora
1984 3162 2042 3191 Cic.
2057 3165 2111 3191 Att.
2127 3173 2168 3197 14,
2183 3166 2218 3191 16.
2273 3164 2347 3190 Vei-s

1409 3201 1449 3228 tio
1467 3200 1583 3228 faciendi
1602 3200 1673 3228 circa
1692 3198 1827 3226 bonorum
1845 3199 2025 3234 adeptionem,
2042 3200 2254 3234 incrementum,
2274 3208 2325 3226 con
2363 3226 2372 3234 „

1408 3245 1486 3270 nem,
1507 3237 1597 3264 vsum:
1627 3241 1672 3263 aut
1686 3235 1818 3262 malorum
1837 3235 2029 3269 euitationem,
2059 3234 2264 3269 liberationem,
2285 3233 2362 3267 inlu·

1409 3281 1487 3305 neni,
1504 3271 1704 3299 conuerfionem
1723 3269 1855 3304 Qiintffll.
1868 3279 1890 3304 ς,
1908 3280 1946 3304 10,
1958 3280 1994 3305 33.
2035 3271 2083 3298 vti
2101 3271 2180 3298 bonis
2197 3270 2365 3308 eloquentia

1409 3308 1482 3335 Idem
1498 3317 1507 3335 i
1526 3310 1648 3336 Prooem.
1699 3305 1746 3334 Vti
1759 3305 1832 3333 bono
1846 3313 1956 3334 naturae
1967 3307 2037 3334 bene
2049 3307 2112 3334 licet
2123 3307 2162 3334 Id.
2177 3315 2200 3340 2,
2216 3316 2254 3334 10.

1407 3344 1495 3377 Bona,
1515 3345 1586 3380 plur.
1610 3350 1724 3375 emitum,
1744 3348 1794 3378 pro
1820 3343 1948 3370 Fortum‘s.
1993 3343 2049 3370 Cic.
2062 3342 2154 3370 Parad.
2167 3352 2188 3376 i,
2201 3351 2212 3370 1
2237 3343 2313 3370 Maio
2344 3357 2356 3367 ιι

1403 2663 1487 2698 plagis
1500 2662 1561 2690 fieri
1568 2663 1717 2690 meliorem.

1408 3414 1477 3442 bilia
1498 3424 1624 3450 pecuniae
1649 3413 1768 3442 membra
1787 3413 1872 3441 verbo
1887 3415 1963 3442 Bona
1980 3420 2140 3449 putauerunt
2157 3413 2326 3450 appellanda,
2357 3425 2371 3444 ᾳ

1409 3457 1437 3477 et
1454 3450 1531 3478 factis
1551 3452 1630 3486 longe
1646 3450 1725 3477 aliter
1744 3449 1938 3478 iudicauissent.
1978 3448 2082 3485 leian.
2100 3449 2118 3476 l.
2136 3458 2172 3483 49
2185 3449 2230 3476 .de
2248 3449 2329 3477 Verb.
2344 3446 2368 3486 ἴ]-

1410 3487 1548 3516 Bonorum
1567 3485 1710 3522 appellatio
1721 3491 1766 3512 aut
1779 3485 1881 3518 ciuilis,
1904 3490 1949 3513 aut
1969 3485 2096 3512 naturalis
2109 3484 2153 3511 est'.
2201 3485 2363 3519 Naturalit-¹

1412 3531 1444 3549 ex
1459 3532 1492 3550 οο
1504 3523 1644 3555 dicuntur,
1662 3521 1736 3556 quod
1749 3520 1844 3555 beant,
1863 3521 1915 3549 hoe
1928 3520 1975 3554 est,
1989 3519 2062 3556 quod
2075 3519 2166 3547 beatos
2178 3520 2288 3548 faciunt.
2331 3525 2337 3544 ἰ
2350 3523 2364 3527 ’

1410 3559 1536 3594 prodesse.
1571 3559 1602 3585 In
1615 3557 1693 3585 bonis
1707 3562 1796 3584 autem
1810 3557 1907 3585 nostris
1924 3555 2072 3591 computari
2090 3556 2224 3584 sciendum
2243 3557 2281 3584 cst
2297 3555 2353 3593 rii&¹

1411 3603 1478 3629 quae
1490 3594 1606 3621 dominii
1619 3593 1702 3620 nostri
1717 3593 1785 3626 sunt,
1804 3593 1847 3620 sed
1861 3593 1888 3620 (91
1900 3592 1918 3619 fi
1932 3592 2001 3620 bona
2014 3589 2067 3618 fide
2080 3599 2096 3618 a
2108 3591 2186 3619 nobis
2200 3592 2329 3628 poffidean
2356 3604 2365 3620 ι

1408 3630 1589 3665 superficiaria
1605 3629 1662 3656 sint.
1697 3630 1790 3664 Aeque
1802 3628 1880 3656 bonis
1897 3625 2132 3667 annumerabitur,
2153 3629 2234 3655 etiam
2253 3623 2370 3663 liqui?

1410 3665 1578 3699 affionibus,
1597 3665 1788 3701 petitionibus,
1807 3661 2064 3700 persequutionibus.
2100 3662 2172 3690 Nam
2184 3663 2248 3691 haec
2259 3661 2332 3691 oris*
2358 3675 2361 3683 ·

1411 3737 1469 3771 tio,
1489 3737 1554 3764 sicut
1572 3736 1742 3770 hereditatis,
1761 3733 1960 3762 vniuenfitatem
1977 3717 2109 3774 quaisdam
2121 3743 2150 3761 ac
2166 3735 2208 3762 ius
2228 3731 2368 3776 succeffipz
2392 3760 2402 3782 1

1410 3782 1467 3800 11011
1480 3772 1620 3808 singulares
1640 3781 1682 3799 res
1695 3769 1863 3799 demonstrat.
1934 3768 2022 3801 Bona,
2043 3778 2062 3796 1.
2076 3778 2099 3796 0.
2120 3769 2268 3799 Substantia
2279 3777 2300 3803 ‚r
2337 3780 2401 3809 ³334

1413 3808 1454 3835 Cta
1468 3809 1543 3842 sunt,
1579 3816 1628 3835 uae
1640 3807 1720 3843 digna
1732 3805 1782 3833 fint
1793 3804 1879 3831 bonis.
1915 3804 1956 3831 Sic
1967 3811 2102 3841 argutatur
2114 3805 2212 3833 Festus.
2290 3809 2294 3815 '
2343 3816 2345 3818 ¹

1411 3853 1440 3871 ca
1453 3847 1480 3870 in
1493 3847 1546 3872 iure
1583 3847 1692 3875 'liciatum
1706 3849 1767 3878 quae
1777 3839 1904 3876 deficiente
1917 3849 1952 3872 eo,
1966 3843 2006 3866 cui
2016 3842 2071 3867 iure
2083 3843 2156 3868 ciuili
2167 3840 2345 3875 debebanfiqoe‘fl'
2404 3833 2412 3843 ²
2426 3837 2427 3844 ¹

310 3877 409 3905 i'ic.N.
425 3877 478 3903 D.2
497 3886 519 3903 c.
533 3885 570 3910 25.
584 3884 608 3904 ee
626 3886 638 3910 3
657 3886 679 3904 c.
701 3878 740 3910 36.
783 3877 907 3912 Optimus
923 3877 1034 3913 quisque
1055 3877 1093 3906 ita
1111 3875 1272 3913 loquebatur
1291 3877 1348 3904 Cic.
1357 3879 1560 3912 io5cec1'derune.
1583 3879 1668 3907 Veluti
1678 3885 1752 3914 quum
1764 3875 1804 3903 lex
1815 3877 1840 3903 εἰ
1851 3874 1932 3912 dotem
1943 3874 2050 3909 adnuit,
2067 3879 2112 3912 qui
2121 3883 2210 3904 contra
2225 3879 2278 3904 eius
2288 3877 2346 3914 ¹¹¹²?
2365 3898 2368 3900 .
2402 3884 2406 3898 1
2432 3883 2434 3885 ’
2450 3863 2452 3869 ,
