2474 4182
261 149 355 186 ¹115
657 132 692 173 C
767 131 926 171 O'N
1755 127 1790 168 C
1866 127 1903 166 0
1982 124 2042 186 N.
2111 126 2115 128 Ἴ
2308 108 2408 177 ,1116

300 228 317 249 (;
329 228 348 249 o
360 222 511 255 NCVRO,
542 226 596 250 5η,
632 220 820 256 [gauslenus]
858 218 939 247 Simul
957 228 1054 247 curare.
1089 219 1173 246 Plaut.
1186 218 1307 246 Bacchid.
1374 218 1549 245 inflammatio
1568 223 1594 245 et
1612 219 1691 246 dolor
1712 218 1766 250 est,
1793 217 1881 252 primo
1899 215 2139 250 superimponenda
2158 220 2216 246 sunt
2235 218 2411 254 cataplasmato
2448 219 2451 231 ¹

264 266 287 291 1,
301 267 325 290 2,
338 267 367 290 23
387 259 438 285 Pro
453 259 582 293 dignitate
596 257 700 291 opsonii
720 255 782 282 haec
795 261 919 282 concuret
934 264 1042 290 coquus.
1374 255 1565 288 reprimentia,
1590 255 1664 286 ne‚si
1678 255 1808 281 calidiora
1836 252 1954 283 fuerint,
1983 251 2040 286 plus
2057 260 2090 278 eo
2114 256 2238 282 materiae
2258 256 2412 287 Concurrat.
2447 256 2450 279 ἱ

301 299 319 320 C
333 300 352 319 0
363 301 410 321 Nc
419 301 438 320 V
447 302 466 321 R
477 297 580 321 ᾹΤΟΚ
590 314 598 325 ,
619 293 683 318 oris.
703 301 739 317 m.
777 291 1000 326 [συνεπιμελητὴς]
1037 292 1088 325 Qu*
1098 289 1176 324 simul
1193 299 1247 317 cum
1260 291 1309 316 alio
1375 290 1443 316 Cels.
1458 298 1486 324 7,
1500 299 1512 315 2
1531 290 1561 315 Et
1574 294 1603 315 vt
1615 289 1679 316 alias
1691 290 1789 325 scripsi,
1797 289 1840 315 vel
1855 286 2014 319 auertenda,
2029 296 2184 316 concurrens
2197 299 2228 317 eo
2242 292 2360 323 materia,
2371 294 2413 321 vel
2448 288 2449 292 ¹

262 339 347 356 euram
359 329 528 363 administrat.
545 329 562 355 l.
579 337 607 360 19
620 329 652 354 D.
666 327 697 354 de
710 326 843 353 administ.
859 333 907 354 tut.
921 327 937 354 l.
952 336 964 359 3
979 327 1108 364 §.quaeri
1123 326 1213 361 potest.
1233 326 1264 352 D.
1278 326 1309 352 de
1376 325 1533 359 digerenda,
1554 332 1600 350 etc.
1703 352 1708 356 .
1797 323 1817 362 ff
1840 332 1853 358 ς
1889 322 2082 355 Concurrunt,
2108 326 2204 360 imperf.
2225 333 2269 359 vt,
2298 328 2411 356 concur.
2443 324 2445 328 ⁴

263 366 329 400 susp.
350 371 399 392 tut.
453 365 540 393 Eadem
557 367 654 391 ratione
673 369 702 390 vt
723 364 873 396 Contutor,
905 364 1040 395 Conreus,
1071 367 1097 388 et
1116 362 1311 389 Confideiussor
1335 366 1348 392 5
1376 361 1448 388 titur
1462 360 1581 395 Vndique
1594 358 1625 386 ad
1639 367 1778 386 commune
1790 359 1942 387 incendium
1958 358 2172 393 restinguendum
2191 360 2247 387 Cic.
2261 361 2418 398 Philipp.1o,=
2464 377 2468 383 ·

262 401 390 428 dicuntur.
1378 406 1403 423 21
1415 405 1437 423 c.
1453 405 1489 423 10.
1561 395 1740 423 Concurritur
1756 395 1788 421 ad
1801 397 1917 431 aliquem
1937 394 2036 421 merito
2049 397 2098 420 iam
2114 391 2208 421 dissum
2221 405 2232 421 e
2253 398 2382 429 anffil.
2394 408 2417 435 r-,>
2447 392 2474 429 ιδ’

299 441 528 466 CONCVRRO,
557 434 702 474 concurri,
734 435 907 467 concursum,
935 435 988 461 ere.
1017 433 1038 473 ¹[
1051 434 1197 468 συν-τρέχω]
1235 433 1314 460 Simul
1377 442 1401 465 2,
1423 434 1459 459 16.
1530 431 1725 471 Concurritur,
1747 436 1792 470 pro
1814 432 1982 457 Committitur
1996 430 2121 465 praelium
2150 431 2218 457 Hor.
2237 431 2317 458 Serm.
2333 441 2353 465 1,
2367 438 2417 471 μὴ
2442 461 2443 468 ¹

263 482 379 505 currere,
399 481 442 498 con
465 480 526 497 uere.
562 471 618 497 Cic.
628 471 702 497 Verr.
717 478 742 502 2,
752 478 782 503 50
801 471 909 497 Tantus
923 470 951 496 in
966 478 1040 495 curia
1053 469 1155 495 clamor
1166 468 1251 495 faetus
1264 469 1309 501 est,
1377 468 1479 496 Militia
1491 467 1528 493 cst
1541 473 1639 502 potior.
1657 465 1721 500 quid
1737 467 1826 492 enim?
1845 466 2028 497 concurritur,
2045 465 2126 491 horae
2162 466 2299 493 Memento
2312 474 2356 495 aut
2368 469 2416 504 cita
2442 475 2443 501 Ῑ
2460 488 2474 499 ,.

263 515 292 534 vt
307 508 418 542 populus
431 512 608 533 concurreret.
664 506 788 541 Vndique
808 514 964 533 concurrere
990 505 1085 531 Lucan.
1098 513 1121 538 3,
1136 513 1183 538 33¹-
1235 505 1311 531 Tota
1377 513 1450 531 mors
1462 504 1551 536 venit,
1567 508 1612 530 aut
1626 501 1742 541 vie‘loria
1757 501 1831 541 lacta.
1903 503 1934 528 In
1947 501 2112 536 Capitolium
2126 502 2280 528 concursum
2294 503 2329 529 est
2347 504 2414 534 Suet.
2457 509 2474 541 4]

262 544 338 571 Italia
358 548 496 568 concurret
516 542 571 568 Cic.
584 542 699 575 QFrat.
719 550 739 575 1,
754 541 827 578 zjin.
899 542 966 568 Ter.
978 542 1043 568 Eun.
1059 550 1081 573 2,
1094 549 1116 573 2,
1130 548 1160 574 25
1192 541 1309 567 Concur-
1326 553 1356 571 10
1378 540 1434 568 Cal.
1457 549 1477 566 c.
1491 542 1516 566 6.
1588 540 1618 564 In
1638 546 1719 564 armis
1746 537 1806 563 Liu.
1821 539 1864 569 26,
1879 544 1928 569 51..
1945 538 1992 565 Sed
2005 539 2091 563 melin,-
2105 536 2204 569 editur,
2225 536 2360 566 decursum
2373 541 2414 569 est.
2458 539 2474 570 s·

263 586 325 607 runt
340 578 402 604 laeti
418 577 455 604 mi
470 577 579 604 obuiam
595 577 769 612 cupedinarii.
841 579 1018 605 Concurreret
1042 576 1151 603 domum
1167 582 1239 602 tuam
1253 583 1309 602 tota
1414 583 1430 603 c
1441 583 1459 603 o
1470 583 1492 602 N
1503 582 1519 601 c
1532 580 1579 600 VR
1590 581 1663 601 ΚΞΝ
1673 579 1696 606 S,
1717 573 1793 599 entis.
1827 572 1921 598 Partic.
1958 573 2118 609 [συντρέχων]
2160 573 2210 604 Vt,
2231 574 2417 604 Concurrent&
2448 588 2462 603 „-

264 616 357 641 ciuitas
376 614 432 641 Cic.
447 615 524 639 Verr.
546 622 565 643 1,
578 618 618 643 80-
692 613 765 640 Idem
780 622 828 648 pro
844 614 938 647 Quint.
960 620 987 646 53
1002 622 1024 639 c.
1039 614 1067 639 16
1101 613 1153 639 Aut
1168 613 1200 639 ad
1214 620 1308 638 eorum
1376 618 1464 638 cautes
1482 610 1563 637 Ouid.
1580 610 1671 636 Amor.
1686 617 1710 640 2,
1725 617 1758 641 11,
1773 617 1793 640 3.
1826 608 1998 645 §symplegades
2017 609 2074 635 illae
2086 611 2112 645 J.
2134 609 2252 643 Cyaneae.
2306 608 2421 645 concurs„
2442 612 2443 616 ’

262 651 397 685 aliquem,
412 650 459 684 qui
486 649 674 682 consuluntur,
694 650 863 676 concurrisses
880 651 887 676 2
935 648 1064 675 Credimus
1079 649 1200 679 Gracina,
1210 647 1250 682 sic
1265 646 1308 680 effe
1375 656 1435 673 rens
1449 646 1581 681 quantitas
1597 646 1627 671 In
1639 646 1656 672 l.
1671 645 1740 671 Cum
1755 644 1828 670 alter.
1842 645 1873 669 D.
1888 644 1926 669 De
1940 645 2097 678 compensat.
2324 656 2330 661 ’
2362 676 2365 679 ι
2394 653 2405 676 ’ς
2446 673 2447 677 ¹

261 689 289 712 in
303 686 377 712 libris
389 687 487 721 optimis
501 695 549 711 non
561 686 726 712 cucurrisses:
743 693 766 712 et
774 692 909 721 putamus,
928 687 966 711 ita
982 683 1087 721 postium
1102 694 1117 710 a
1131 685 1245 709 Cicerone
1255 703 1261 713 ,
1279 689 1309 708 vt
1413 689 1429 710 c
1438 688 1457 708 O
1468 689 1487 707 N
1499 688 1514 707 C
1524 689 1543 707 V
1554 688 1572 707 R
1581 688 1593 708 S
1602 688 1623 706 V
1633 688 1644 707 s
1654 701 1662 713 ,
1688 678 1726 706 sis.
1750 689 1785 706 m.
1821 680 1833 712 [
1846 677 1962 715 συνδρομὴ
1975 681 1987 714 ]
2029 681 2105 707 Verbi
2117 678 2327 716 sgnificatiorzem
2341 681 2418 719 seqq&
2432 682 2453 712 ul'

262 721 388 748 indicaret
408 721 501 747 domum
527 722 584 748 ICti
598 731 613 748 α
631 722 717 748 miritis
730 721 928 757 frequentatam.
982 720 1029 748 Sed
1042 720 1106 756 quod
1124 719 1214 749 elidit,
1233 727 1309 743 vnum
1327 727 1352 753 ις
1375 724 1427 744 tur.
1462 717 1518 743 Cic.
1532 717 1563 743 ad
1578 717 1651 744 Brut.
1666 724 1678 748 3
1700 716 1848 742 Concursus
1863 714 1898 741 est
1911 714 1943 741 ad
1955 724 1997 741 me
2011 715 2102 742 fadius.
2150 716 2291 743 Antiochus
2303 717 2369 744 mihi
2380 711 2417 746 ’νῖὶ
2445 714 2448 762 Ι

262 758 382 785 hominem
400 757 452 782 dici
466 765 641 789 concurrere,
666 760 708 793 qui
722 756 791 784 modo
811 757 876 784 hunc
894 756 962 782 modo
981 756 1048 782 illum
1061 756 1116 781 adit
1136 761 1158 779 et
1172 752 1308 787 compellat,
1375 754 1453 780 detur
1475 762 1529 779 non
1548 753 1658 788 potuisse
1678 751 1804 778 sustinere
1823 751 1979 777 concursum
2004 752 2126 777 omnium
2148 740 2447 786 philosophorumstrs.

255 792 309 828 fiue
329 792 467 825 ambiendi,
486 792 540 826 Jiue
560 793 717 829 consulendi,
735 792 789 827 Jiue
802 794 869 821 alius
887 795 980 829 negotii
992 790 1081 825 causa;
1114 788 1177 815 illud
1187 797 1262 823 neque
1278 788 1308 813 de
1374 798 1520 816 communem
1540 789 1604 824 inse
1618 791 1733 824 impetum
1764 787 1837 814 Idem
1853 786 1933 813 Acad.
1950 795 1978 819 4,
1993 794 2028 821 70
2042 796 2063 812 c.
2077 795 2116 813 22.
2171 788 2264 822 Ingens
2283 784 2411 816 concurr*

261 829 308 857 hoc
330 828 420 860 verbo,
438 837 512 863 neque
531 828 559 855 de
579 830 657 855 altero
677 829 839 855 Concursare
856 830 989 864 probatum
1008 824 1095 858 dedsffi
1112 823 1182 850 nobis
1198 823 1310 850 videtur.
1375 825 1451 859 Virg.
1465 825 1530 851 Aen.
1546 833 1570 857 9,
1585 832 1645 857 454.
1703 824 1740 850 Ex
1754 823 1823 857 agris
1837 823 1977 849 concursus
1990 823 2057 849 flunt
2075 822 2129 849 Cic.
2139 823 2190 849 Att.
2204 831 2227 856 ς,
2244 824 2280 849 16.
2318 821 2415 851 Α’””

263 864 303 891 Ad
317 864 436 898 aliquem
449 864 547 891 merito
562 865 732 892 concurritur
751 864 884 898 Qinffll.
895 873 913 896 1,
923 865 992 895 2,16.
1012 861 1040 886 de
1054 859 1173 895 applausu
1187 856 1308 885 doH'oris.
1375 861 1495 895 quinque
1509 860 1686 886 maximarum
1700 860 1857 891 concursus,
1881 861 1899 884 i.
1913 856 2056 884 coniunc‘lio
2082 858 2156 884 Idem
2170 858 2201 885 de
2216 859 2287 885 Clar.
2302 859 2385 888 Orata·
2434 858 2438 864 '

263 901 431 927 Concurrere
453 900 485 926 ad
499 908 571 926 arma
594 900 666 927 Caes.
680 900 744 927 Bell,
758 900 825 926 Gall.
842 908 862 933 ς,
878 904 913 931 38,
985 896 1025 922 Ad
1037 895 1168 922 auxilium
1192 895 1270 922 Lucr.
1286 904 1309 927 3,
1322 903 1357 922 20
1376 897 1565 923 Calamitatum
1585 896 1713 922 concursu
1734 894 1890 922 labefaciata
1910 894 2040 928 cogitatio
2069 894 2108 920 Id.
2124 894 2195 920 Fam.
2216 903 2239 927 ς,
2257 903 2290 927 13.
2366 893 2398 919 ers
2409 898 2421 905 ’

263 939 321 968 663.
519 933 540 971 q
565 945 581 963 2
623 937 789 963 Concurrere
808 936 926 961 dicuntur
943 934 1051 964 milites,
1073 940 1147 966 quum
1166 934 1268 957 irruunt
1281 941 1308 957 ιη
1375 938 1479 959 tantum
1502 932 1643 958 concursus
1670 931 1761 958 Tacit.
1777 932 1843 956 Ann.
1864 932 1891 962 6,
1906 938 1945 963 50.
2017 930 2072 956 Cic.
2094 939 2142 964 pro
2156 931 2244 957 Domo
2260 938 2308 964 142
2334 931 2365 958 It
2378 931 2390 954 i?
2411 926 2420 943 ς

262 972 359 1004 helim.
398 971 454 998 Cic.
470 972 542 998 Fam.
556 980 593 1003 10,
608 980 640 1004 30
660 972 791 998 Antonius
804 972 832 996 in
852 970 935 995 aciem
951 968 1007 994 suas
1021 969 1110 1002 copias
1131 966 1163 993 de
1176 967 1237 993 vico
1251 975 1311 1001 pro·
1376 967 1643 1003 magnificentiffimus
1664 967 1709 993 ille
1733 973 1823 993 motus
1843 966 2109 1000 municipiorumque
2132 967 2284 993 concursus.
2408 966 2417 979 ’·

262 1007 354 1040 duxit,
375 1014 400 1033 et
416 1007 468 1033 sine
482 1016 558 1034 mora
572 1008 715 1034 concurrit.
772 1005 831 1032 Liu.
846 1007 887 1036 26,
895 1013 926 1037 39
946 1004 1017 1030 Raro
1031 1004 1109 1030 tantis
1121 1003 1216 1029 animis
1230 1002 1313 1029 iustae
1378 1005 1451 1031 Fam.
1466 1011 1492 1039 7,
1507 1013 1539 1037 34
1564 1006 1733 1038 Q1amquam
1748 1003 1840 1035 venis,
1859 1008 1889 1028 vt
1902 1002 1956 1038 ipse
1970 1001 2109 1036 intelligis,
2124 1002 2151 1028 in
2165 1002 2341 1029 maximarum
2361 997 2389 1027 «Ἅι

261 1050 456 1070 concurrerunt
473 1043 567 1069 classes.
638 1044 678 1070 Sic
693 1046 719 1068 in
733 1042 837 1067 tumultu
858 1043 946 1076 quouis
959 1041 1091 1065 clamatum
1111 1039 1211 1065 videtur
1243 1040 1313 1065 Con·
1378 1040 1534 1067 concursum
1555 1040 1770 1074 occupationum.
1842 1038 1905 1064 Oris
1928 1039 2076 1064 Concursus
2097 1041 2153 1078 quir
2164 1037 2202 1072 stt
2225 1036 2340 1073 ostensum
2384 1054 2387 1062 s

262 1079 376 1106 currite!
403 1078 461 1105 Val.
480 1080 551 1106 Max.
566 1089 593 1112 4,
609 1087 627 1109 1,
643 1087 670 1104 12
697 1076 871 1106 Concurrite‚
900 1075 1068 1107 concurrite,
1092 1074 1176 1101 ciues!
1203 1075 1313 1101 Moenia
1325 1079 1356 1106 25
1379 1079 1406 1103 in
1423 1082 1615 1102 ccmcvusso.
1652 1074 1784 1109 Quinetil.
1795 1076 1898 1106 11,3‚56
1922 1074 2071 1100 Concursus
2085 1082 2140 1100 oris
2157 1079 2183 1100 et
2197 1083 2258 1100 cum
2274 1073 2362 1101 verbis
2381 1069 2395 1097 ῑῖ
2426 1074 2427 1078 ’

261 1115 335 1142 vrbis
349 1114 454 1141 nostrae
474 1116 562 1141 euersa
583 1114 649 1138 sunt.
708 1113 762 1139 Vox
783 1111 881 1138 Metelli
892 1108 1029 1147 interfeflo
1051 1112 1163 1145 Scipione
1177 1111 1314 1147 Africam,
1379 1112 1545 1139 collue'tatio.
1599 1111 1754 1138 Studiorum
1771 1109 2010 1137 honestissimorum
2028 1110 2084 1136 Cic.
2101 1109 2132 1135 de
2148 1109 2205 1136 Fin.
2218 1118 2244 1142 2,
2261 1118 2312 1136 110.
2374 1117 2377 1124 ¹

261 1154 363 1178 inimico
377 1151 433 1187 suo.
508 1149 655 1175 CicTusc.
670 1157 689 1179 1,
704 1156 731 1180 ςς
744 1158 765 1174 c.
780 1156 807 1180 23
840 1147 915 1174 Licet
934 1153 1091 1174 concurrant
1111 1155 1202 1172 omnes
1216 1146 1316 1181 plebeii
1380 1148 1480 1175 borum
1495 1147 1589 1182 asperi,
1603 1146 1731 1173 disiunEfi
1746 1153 1771 1173 et
1782 1146 1885 1173 hiantes
1900 1146 2042 1173 concursus
2064 1145 2136 1172 Idem
2151 1145 2180 1172 in
2192 1146 2283 1172 Partit.
2294 1153 2327 1174 21.
2355 1156 2362 1168 r
2382 1162 2383 1165 =

261 1186 433 1223 philosophi,
461 1194 515 1211 non
529 1183 611 1210 modo
625 1183 694 1210 nihil
713 1192 829 1218 vnquani
844 1189 897 1209 tam
917 1183 1050 1217 eleganter
1064 1181 1249 1216 explicabunt,
1271 1181 1314 1208 sed
1381 1184 1481 1211 borum
1496 1185 1568 1218 asper
1584 1188 1611 1210 et
1624 1182 1727 1209 hiulcus
1743 1182 1883 1209 concursus
1911 1181 1949 1208 Id.
1964 1181 1996 1208 de
2008 1182 2083 1208 Orat.
2098 1190 2121 1214 3,
2136 1183 2191 1215 169.
2248 1183 2318 1208 Huic
2330 1180 2389 1209 oo'w.r
2404 1186 2427 1216 4¹,

262 1232 295 1249 ne
322 1223 372 1249 hoc
394 1222 479 1256 ipsum
501 1220 626 1255 quidem,
642 1229 720 1254 quam
746 1219 880 1246 subtiliter
906 1219 1060 1245 conclusum
1081 1217 1127 1251 sit,
1155 1218 1314 1253 intelligent.
1380 1226 1423 1246 tur
1441 1221 1648 1254 Coagmentatus
1670 1225 1695 1245 et
1716 1218 1808 1245 laeuis.
1879 1218 1920 1245 Sic
1939 1218 1983 1244 Ne
2003 1223 2185 1244 extremorum
2204 1217 2350 1244 verborum
2390 1210 2399 1218 “

262 1259 337 1293 Virg.
353 1260 414 1283 Aen.
439 1265 459 1289 1,
480 1264 534 1291 497
567 1256 708 1290 Audetque
721 1255 787 1281 viris
808 1264 967 1281 concurrere
987 1254 1075 1288 virgo,
1148 1255 1315 1281 Concurrere
1329 1266 1362 1290 30
1381 1256 1581 1290 insequentibus
1594 1255 1688 1289 primis
1701 1255 1858 1287 concursus,
1879 1259 1923 1280 aut
1937 1253 2038 1280 hiulcas
2048 1262 2127 1280 voces
2141 1251 2255 1286 efficiat,
2270 1259 2317 1280 aut
2328 1254 2365 1281 as·
2377 1257 2386 1275 -’
2411 1250 2413 1253 ’

261 1293 357 1320 animis
376 1292 481 1327 quantis
499 1292 643 1325 confligere
662 1301 707 1325 par
726 1290 762 1317 est
789 1290 834 1317 Sil.
851 1293 889 1323 16,
906 1298 966 1324 540.
1046 1289 1189 1317 Frontibus
1201 1289 1314 1317 aduersis
1382 1292 1438 1319 Cic.
1453 1292 1481 1318 in
1495 1293 1571 1318 Orat.
1593 1298 1644 1323 130.
1717 1290 1803 1317 Subiti
1819 1290 1960 1316 concursus
1986 1289 2068 1317 Ouid.
2084 1290 2149 1316 Met.
2172 1297 2217 1322 14,
2236 1297 2298 1324 544.
2402 1297 2445 1324 -γ

260 1337 419 1356 concurrere
450 1328 554 1354 Lucret.
574 1330 605 1358 6,
624 1330 672 1354 116.
691 1327 719 1353 de
736 1326 849 1353 nubibus.
933 1326 1009 1354 Forti
1030 1335 1187 1352 concurrere
1207 1335 1315 1360 campo,
1380 1329 1457 1354 Verr.
1466 1338 1494 1362 4,
1502 1335 1532 1361 52
1554 1328 1641 1360 Qiem
1655 1326 1853 1354 concursum‘in
1861 1325 1962 1360 oppido
1976 1325 2076 1352 facium
2090 1325 2205 1359 putatis?
2242 1325 2360 1360 Clamor,
2372 1332 2392 1349 us
2433 1321 2445 1354 ω’
2459 1326 2474 1353 ἰ

261 1367 373 1395 Fortiter
385 1367 508 1399 invcampo
517 1370 631 1400 pugnare
651 1364 769 1397 Propert.
785 1371 813 1396 4,
830 1371 862 1394 11,
877 1369 913 1395 35.
969 1362 1044 1389 Bello
1064 1371 1222 1389 concurrere
1234 1361 1317 1389 alicui
1381 1364 1526 1398 cursusque
1539 1364 1656 1390 maxima
1668 1372 1728 1390 cum
1742 1362 1818 1389 laude
1832 1362 1944 1388 alicuius
1960 1361 2027 1388 fiunt
2056 1361 2131 1388 Idem
2147 1363 2200 1387 Att.
2215 1369 2236 1393 1,
2251 1370 2285 1394 13.
2375 1382 2378 1384 ,
2397 1369 2409 1392 ,ῑ
2433 1372 2438 1392 l

261 1401 335 1435 virg.
351 1401 416 1427 Aen.
432 1409 470 1432 ιο,
486 1405 508 1429 8.
541 1402 560 1425 ι’-
576 1400 676 1426 Contra
688 1399 807 1433 aliquem
819 1398 890 1425 bella
910 1399 1054 1433 suscipere,
1074 1398 1191 1424 Seruius.
1243 1399 1314 1425 Mar·
1381 1398 1709 1435 Concursus,deconfli5ha
1723 1399 1815 1425 bellico.
1837 1398 1978 1424 Acerrime
1992 1398 2119 1424 concursu
2126 1397 2322 1438 pugnarcNepL
2330 1402 2365 1434 18,
2384 1408 2403 1431 ;;

261 1437 316 1463 tial.
338 1445 369 1469 9,
389 1443 424 1470 72
454 1436 546 1470 Quum
566 1444 646 1470 gener
665 1440 745 1469 atque
773 1435 847 1461 socer
868 1434 934 1461 diris
957 1439 1128 1460 concurreret
1147 1434 1245 1466 armis,
1269 1440 1315 1459 etc.
1330 1446 1359 1473 35
1380 1435 1559 1462 Bar-batorum
1573 1435 1762 1461 vnoconcursu
1776 1434 1920 1461 maximam
1928 1434 1986 1461 vim
2001 1433 2146 1469 prostrauit
2163 1433 2203 1460 Id.
2221 1440 2244 1466 ς,
2256 1442 2282 1466 2,
2295 1442 2319 1466 3.
2365 1430 2405 1457 e's'.
2433 1448 2439 1458 .

261 1473 345 1500 Ferro
364 1472 426 1498 Stat.
441 1471 533 1498 Theb.
548 1473 575 1504 6,
591 1476 650 1503 908.
724 1470 811 1497 Furtis
838 1469 926 1497 Valcr.
939 1471 1039 1505 Argon.
1061 1478 1087 1502 2,
1101 1472 1156 1496 661.
1176 1468 1205 1495 de
1215 1471 1314 1505 praelio
1380 1471 1467 1498 flictio
1485 1477 1510 1498 et
1527 1471 1669 1497 concursus
1687 1471 1743 1498 Cic.
1758 1471 1847 1497 Partit.
1863 1479 1920 1503 104.
2118 1467 2140 1507 q
2161 1477 2174 1502 3
2209 1469 2288 1504 Apud
2308 1469 2383 1497 [Graan¹
2432 1475 2439 1501 ι
2460 1480 2474 1498 ι.

261 1515 285 1536 ει
298 1507 500 1544 stratagematis.
573 1506 653 1533 Hosti
679 1506 761 1533 Ouid.
781 1507 845 1533 Met.
866 1514 901 1539 12,
921 1509 979 1539 596.
1049 1505 1192 1538 Monstris,
1212 1509 1229 1532 i.
1248 1508 1315 1531 inire
1379 1510 1569 1534 communionem
1584 1505 1705 1542 quandum
1718 1513 1742 1532 et
1753 1509 1975 1542 participationem
1987 1504 2108 1541 refertur.
2181 1503 2286 1539 leian.
2301 1505 2318 1532 l.
2334 1510 2355 1532 1³
2378 1507 2380 1510 ’
2432 1513 2439 1533 1

261 1551 385 1571 certamen
398 1552 451 1569 cum
464 1540 581 1575 monstris
602 1541 690 1568 Valer.
703 1543 802 1576 Argon.
815 1550 837 1574 3,
852 1549 902 1574 512.
976 1540 1126 1576 Imparibus
1148 1541 1210 1567 fatis
1239 1541 1314 1582 Virg.
1380 1544 1449 1570 vsuf.
1467 1543 1565 1569 adcres.
1579 1542 1676 1569 Iulian.
1693 1542 1721 1569 Si
1737 1542 1842 1568 duobus
1856 1541 2000 1569 heredibus
2013 1541 2151 1573 institutis,
2165 1540 2281 1568 dedueb
2294 1541 2340 1568 vsu
2382 1570 2385 1571 .
2431 1549 2438 1571 t

262 1581 328 1607 Aen.
345 1587 380 1610 12,
395 1587 451 1611 149.
522 1578 608 1617 Signis
622 1577 737 1604 aduersis
758 1576 856 1603 Tibul.
869 1586 898 1611 4,
912 1586 932 1610 1,
946 1585 1001 1617 99.⁸
1060 1577 1140 1603 Telis
1153 1577 1261 1612 paribus
1275 1586 1314 1603 111-
1379 1580 1528 1614 proprietas
1551 1578 1668 1613 legatur,
1692 1578 1733 1604 ius
1751 1577 1918 1604 adcrescendi
1939 1577 2048 1604 heredes
2067 1586 2123 1603 non
2145 1576 2253 1604 habere.
2269 1586 2330 1603 nam
2341 1574 2434 1606 viati*

261 1621 303 1643 ter
316 1616 369 1642 sese
385 1622 542 1641 concurrere
563 1614 638 1647 Virg.
654 1613 752 1647 Georg.
766 1621 786 1645 1,
801 1618 862 1646 489.
918 1613 1019 1639 Praene
1033 1619 1194 1639 concurrunt
1217 1614 1357 1642 Lucan-40
1379 1614 1575 1642 vsumfruehim
1592 1613 1782 1646 constitutum,
1799 1622 1853 1640 non
1866 1622 1913 1648 per
1926 1615 2082 1640 concursum
2096 1612 2221 1639 diuisum.
2294 1612 2355 1640 Con'
2371 1642 2375 1643 ⁷
2430 1614 2440 1645 1

264 1661 284 1684 1,
297 1661 342 1685 40.
416 1648 517 1675 Sallust.
533 1648 610 1674 Catil.
624 1650 659 1674 60
676 1648 811 1688 *Maximo
829 1648 946 1676 clamore
966 1658 1025 1675 cum
1042 1648 1142 1675 infestis
1162 1649 1238 1683 signis
1254 1658 1315 1675 con·
1378 1658 1465 1686 partes
1478 1650 1538 1676 fieri
1555 1649 1743 1686 Iurisconficltis
1763 1649 1881 1676 dicuntur
1899 1652 1927 1675 in
1941 1651 2048 1685 legatis,
2069 1658 2140 1685 quum
2158 1647 2263 1682 testator
2277 1648 2368 1676 duabu·

263 1692 382 1713 currunt.
457 1685 525 1711 Cum
537 1684 631 1718 aliquo
644 1692 699 1709 acle
725 1683 791 1709 Vell-
807 1692 832 1714 2,
846 1690 890 1717 70·
961 1685 1030 1711 Cum
1043 1684 1138 1711 dolore
1164 1685 1220 1711 Sen.
1236 1685 1315 1711 Cons·
1378 1687 1479 1714 ribus-ue
1501 1688 1634 1721 legatariis
1645 1695 1696 1712 rem
1711 1685 1810 1712 eandem
1827 1689 1866 1712 ita
1877 1686 1988 1721 legauit,
2008 1691 2038 1711 vt
2049 1687 2082 1710 iis
2101 1694 2150 1711 non
2165 1683 2283 1718 dillinfle
2295 1694 2325 1712 ac
2413 1713 2418 1718 ⁴
2440 1706 2441 1710 ,

262 1722 296 1749 ad
310 1722 390 1748 Helu.
404 1730 426 1747 c.
438 1729 462 1746 2.
537 1719 629 1747 Nudas
649 1727 808 1745 concurrere
822 1719 930 1745 armatis
961 1720 1042 1746 Ouid.
1057 1720 1088 1746 de
1101 1722 1164 1747 Arte
1180 1721 1238 1748 Am.
1255 1729 1276 1753 3,
1293 1727 1315 1753 ς.
1379 1725 1426 1748 tim
1434 1728 1523 1756 partes
1537 1728 1620 1748 certas
1632 1721 1796 1754 attribueret,
1809 1721 1858 1757 sed
1865 1723 1953 1756 potius
1966 1730 2016 1748 rem
2023 1720 2132 1756 solidam
2145 1721 2282 1756 relinquere
2294 1724 2323 1748 vi
2356 1724 2358 1726 ’
2390 1749 2398 1752 ,
2412 1718 2441 1754 ,¹

262 1757 378 1786 Sudibus
392 1757 462 1783 inter
475 1756 500 1782 se
514 1755 543 1782 in
558 1755 668 1782 modum
682 1754 765 1781 iustae
778 1762 880 1789 pugnae
895 1761 1087 1781 concurrerunt
1113 1756 1173 1782 Liu.
1188 1756 1205 1782 l.
1220 1759 1253 1783 26
1269 1755 1317 1791 sub
1382 1757 1400 1784 l.
1414 1755 1579 1783 coniunctim
1592 1756 1625 1782 D.
1639 1755 1672 1781 de
1686 1756 1764 1790 legat.
1779 1764 1801 1788 3.
1833 1758 1936 1783 Verum
1956 1765 2040 1791 quum
2057 1756 2185 1792 vtrinque
2205 1762 2318 1792 vterque
2337 1755 2378 1784 ad'

260 1793 308 1830 [in.
369 1794 398 1819 ln
413 1793 458 1819 sua
471 1792 566 1819 funera
584 1798 758 1823 concurrere,
785 1790 845 1816 Cum
852 1789 1005 1826 fortzflimis
1022 1797 1046 1816 et
1059 1790 1230 1825 crudelffmis
1244 1789 1319 1823 hosti-
1330 1798 1363 1825 45
1382 1799 1445 1828 puta
1464 1791 1559 1824 fundi,
1585 1791 1696 1827 alicuius
1716 1791 1894 1825 possessionem
1915 1792 2103 1826 acquirendam
2123 1791 2241 1825 accedit,
2261 1792 2309 1819 vbi
2327 1791 2386 1820 ad‘·
2418 1799 2426 1806 ¹*

263 1830 308 1857 bus
319 1828 436 1865 congredi
456 1828 544 1855 Valer.
556 1827 626 1855 Flac.
644 1827 742 1861 Argon.
758 1827 785 1858 67
800 1834 862 1858 242.
935 1825 1026 1852 Sidera
1047 1832 1210 1852 concurrunt
1229 1826 1320 1852 sideri·-
1384 1829 1460 1855 dium
1477 1832 1657 1862 peruenerunt
1677 1833 1703 1853 et
1722 1832 1930 1858 concurrerunt,
1955 1829 2010 1861 quo
2029 1827 2057 1853 in
2078 1827 2139 1854 loco
2152 1828 2231 1854 obuii
2244 1828 2316 1855 inter
2330 1829 2356 1855 se
2374 1822 2419 1850 ’Ἦ
2440 1828 2441 1850 ἶ

263 1865 313 1893 bus
332 1866 430 1892 Lucan.
449 1871 469 1897 1,
484 1871 524 1899 73.
579 1863 660 1890 Venti
677 1867 838 1891 concurrunt
852 1861 881 1889 in
894 1863 1001 1889 messem
1021 1861 1088 1888 Plin.
1102 1866 1136 1893 18,
1150 1868 1187 1895 35.
1243 1861 1319 1896 Virg.
1384 1865 1459 1895 sunt,
1480 1863 1521 1889 ibi
1536 1863 1617 1897 partis
1630 1863 1741 1897 quisque
1764 1863 1823 1888 suae
1836 1862 1900 1888 fines
1920 1862 2091 1889 constituunt.
2141 1864 2179 1889 Hi
2192 1863 2314 1898 legatarii
2332 1859 2420 1892 ree&
2445 1870 2448 1877 ¹

264 1902 362 1936 Georg.
379 1905 458 1934 1,318.
494 1931 495 1934 Ἴ
1384 1899 1471 1925 iuneti
1485 1898 1602 1925 dicuntur
1616 1898 1632 1924 l.
1646 1897 1748 1932 triplici
1763 1898 1795 1924 D.
1810 1897 1842 1924 de
1856 1897 1932 1924 verb.
1947 1897 2033 1932 signif.
2050 1899 2211 1924 Hotomanus.
2359 1905 2361 1907 ’
2394 1904 2424 1916 ·”
2444 1898 2448 1929 ι’

421 1935 520 1964 Omnia
533 1940 676 1963 ventorum
696 1943 856 1962 concurrere
878 1934 978 1969 praelia
992 1933 1068 1966 vidi,
1420 1941 1465 1962 co
1476 1941 1497 1960 N
1509 1941 1525 1962 c
1535 1941 1583 1961 VR
1593 1940 1669 1966 810,
1689 1933 1758 1959 onis.
1777 1933 1797 1958 f.
1834 1931 1997 1968 [συνδρομῆ]
2023 1933 2099 1960 Idem.
2118 1933 2174 1960 Cic.
2188 1934 2221 1960 de
2234 1934 2292 1961 Fin.
2308 1943 2329 1967 1,
2344 1942 2374 1969 17
2385 1937 2431 1967 cni

422 1974 499 2006 Qiae
512 1972 650 2007 grauidam
663 1971 714 1998 late
728 1972 840 2006 segetem
854 1970 887 1997 ab
902 1970 1035 1998 radicibus
1049 1969 1120 1996 imis.
1331 1974 1363 2002 50
1386 1971 1414 1997 de
1432 1973 1539 2003 atomis,
1565 1971 1612 1996 Eas
1635 1969 1672 1996 ita
1695 1969 1780 2001 ferri,
1812 1974 1841 1994 vt
1862 1968 2079 1996 concursionibus
2098 1969 2168 1996 inter
2191 1971 2217 1996 se
2240 1970 2430 1998 cohaerescant.

420 2009 539 2035 Subliine
552 2008 685 2043 expulsam
699 2013 832 2035 eruerent.
1385 2006 1568 2035 Fortuitarum
1587 2014 1678 2032 rerum
1699 2003 1836 2031 concursio
1870 2003 1943 2030 Idem
1959 2005 1988 2030 in
2000 2004 2101 2039 Topic.
2121 2007 2156 2039 76
2170 2014 2191 2031 c.
2206 2014 2243 2038 19.
2312 2006 2428 2032 Fortuita

266 2045 337 2077 Hinc
356 2044 528 2079 Symplegades
549 2044 605 2070 illae
619 2044 644 2079 s.
666 2044 786 2076 Cyaneae
804 2042 904 2069 insulae
923 2047 1007 2076 ponto
1024 2049 1184 2068 concurrere
1201 2039 1319 2067 dicuntur
1386 2042 1523 2070 concursio
1543 2040 1761 2076 corpusculorum
1794 2039 1833 2066 Id.
1842 2039 1921 2066 Acad.
1934 2047 1955 2071 1,
1968 2041 1994 2065 6.
2065 2041 2169 2066 Vocum
2189 2040 2281 2067 crebra
2299 2040 2430 2068 concursio

267 2078 356 2105 Valet·-
369 2079 469 2112 Argon.
485 2087 506 2110 1,
520 2086 559 2111 59.
611 2079 709 2106 Credas
722 2084 824 2105 montes
837 2086 995 2104 concurrere
1009 2077 1146 2104 montibus
1158 2077 1224 2103 altos
1243 2076 1319 2110 Virg.
1387 2079 1444 2106 Cic,
1459 2079 1488 2105 in
1500 2079 1574 2105 Orat.
1591 2085 1636 2110 ¹3¹·
1667 2080 1685 2103 i.
1706 2077 1833 2103 Vocalium
1845 2075 1994 2111 concurfias,
2018 2076 2062 2110 qui
2073 2074 2182 2101 hiantem
2198 2075 2282 2101 reddit
2294 2078 2370 2102 arath
2397 2095 2400 2105 ἰ
2412 2101 2415 2109 Δ

268 2114 334 2141 Aen.
348 2119 371 2146 8,
384 2116 441 2147 692.
497 2113 579 2140 Orbis
593 2113 713 2147 Europae
726 2118 804 2146 atque
816 2113 890 2138 Asiae
903 2114 1038 2139 concurrit
1059 2113 1132 2139 Idem
1145 2115 1209 2138 Aen.
1223 2119 1250 2146 7,
1259 2120 1321 2144 224·
1386 2114 1503 2142 Crebrae
1523 2113 1657 2141 vocalium
1677 2111 1860 2139 concursiones
1882 2112 1913 2138 A.
1925 2109 1958 2137 ad
1972 2111 2038 2137 Her.
2057 2118 2076 2144 4
2089 2119 2110 2136 c.
2125 2118 2160 2137 12..
2206 2111 2238 2137 In
2251 2110 2342 2137 eadem
2355 2119 2387 2138 v
2399 2109 2404 2138 s
2414 2140 2425 2147 ¹,

268 2150 325 2177 Cic.
341 2150 399 2175 Fin.
414 2157 436 2182 ς,
449 2154 480 2178 28
496 2158 518 2175 c.
532 2158 561 2175 10
580 2148 630 2174 Etsi
646 2146 693 2182 qui
708 2147 790 2182 potest
804 2147 920 2180 intelligi
933 2153 977 2172 aut
991 2147 1121 2180 cogitari,
1141 2148 1190 2172 esse
1209 2146 1321 2179 aliquod
1336 2151 1364 2176 55
1386 2151 1502 2183 impetus
1517 2155 1543 2175 et
1555 2148 1708 2180 concursio,
1727 2154 1753 2174 et
1766 2147 1921 2180 adiunctio,
1942 2152 1967 2173 et
1983 2145 2130 2181 progressio
2146 2145 2204 2173 Cic.
2216 2145 2249 2172 de
2261 2146 2336 2173 Orat.
2348 2155 2372 2180 3,
2386 2165 2387 2168 ,
2410 2143 2412 2149 '

268 2185 368 2213 animal
383 2184 456 2219 quod
470 2185 496 2210 se
510 2184 616 2210 oderit?
648 2185 698 2210 Res
712 2184 783 2209 enim
797 2188 955 2209 concurrent
969 2181 1126 2209 contrariae.
1176 2180 1322 2212 scholastici
1425 2189 1651 2216 CONCVRSO‚
1672 2187 1726 2210 are.
1764 2184 1906 2217 Frequent.
1947 2184 1997 2215 νε,
2023 2182 2188 2209 Concursare
2207 2181 2301 2215 villas,
2328 2190 2345 2218 p
2365 2196 2377 2208 *v
2422 2204 2424 2208 ι
2445 2191 2447 2193 ,

270 2221 373 2251 dicum,
399 2218 442 2252 ‘llll'
462 2218 684 2245 s⁰²¹¹radi07i⁰²1t²m
703 2222 730 2244 in
749 2216 856 2244 Πᾶῐέθθ·
1053 2214 1075 2254 ff
1104 2225 1115 2248 3
1153 2215 1239 2242 Labffl
1261 2218 1320 2252 item
1387 2219 1454 2245 ciam
1477 2218 1533 2245 Cic.
1546 2219 1622 2245 Verr.
1637 2225 1664 2252 7,
1679 2225 1723 2253 79.
1796 2219 1857 2244 Huc
1869 2218 1934 2244 illuc
1947 2219 2006 2244 casu
2023 2223 2049 2244 et
2061 2223 2162 2244 temere
2176 2218 2332 2245 concursare
2372 2224 2374 2234 ¹

270 2258 307 2284 Os
320 2263 478 2282 concurrere
492 2255 586 2281 dicitur
595 2274 601 2285 ‚
629 2264 682 2280 cum
702 2254 873 2284 dubitatione,
893 2251 1006 2286 pudore,
1033 2259 1076 2278 aut
1089 2253 1139 2278 alio
1153 2253 1243 2277 mentis
1257 2252 1323 2283 aestu
1387 2255 1418 2281 de
1432 2255 1495 2281 Nat.
1511 2255 1593 2281 Deor.
1608 2263 1631 2286 2,
1645 2262 1690 2286 115.
1708 2253 1736 2279 de
1750 2256 1848 2279 atomis.
1922 2253 2087 2280 Concursare
2099 2262 2168 2280 nunc
2182 2253 2262 2288 hinc,
2283 2263 2338 2281 nun

270 2292 384 2320 turbatus
392 2291 501 2327 sanguis
522 2297 599 2317 mouet
611 2296 715 2326 praeter
729 2290 880 2315 voluntatem
900 2288 1020 2323 musculos
1041 2290 1094 2313 oris
1107 2289 1133 2312 in
1143 2289 1238 2321 pinus
1252 2293 1275 2312 et
1287 2287 1322 2312 la·
1388 2291 1493 2317 Lucret.
1510 2299 1535 2322 2,
1549 2298 1605 2322 214.
1677 2289 1843 2316 Concursare
1855 2289 1956 2316 circum
1969 2288 2090 2316 tabernas
2108 2289 2166 2317 Cic.
2175 2289 2204 2316 in
2217 2289 2297 2317 Catil.
2312 2299 2340 2325 4,

270 2329 383 2359 florum,
402 2334 454 2353 ΝΜ
469 2333 492 2353 et
505 2328 590 2353 vultus
603 2327 702 2361 reliqui.
775 2325 833 2351 Sen.
847 2323 879 2349 de
893 2323 935 2349 Ira
950 2331 972 2354 3,
988 2329 1012 2354 ¹5
1032 2322 1060 2348 dt*
1075 2323 1195 2358 ΗΔΥΡΠΕΘ
1203 2320 1260 2356 1³⁰st
1273 2330 1324 2360 cof·
1340 2325 1375 2350 60
1390 2327 1489 2353 Omnes
1508 2326 1631 2352 omnium
1651 2324 1745 2351 domos
1763 2325 1918 2351 concursare
1937 2324 2011 2352 Idem
2025 2333 2074 2360 pro
2086 2326 2209 2353 Muraen.
2224 2335 2263 2361 44
2283 2335 2306 2353 c.
2318 2321 2372 2353 21:¹¹

271 2374 328 2391 nam
341 2363 454 2398 miseram
468 2366 623 2398 interrogato
632 2381 638 2393 ‚
655 2360 793 2396 quomodo
806 2365 927 2394 exceptus
940 2358 1018 2384 esset?
1039 2358 1105 2384 Non
1117 2357 1260 2383 defuerunt
1273 2364 1323 2382 1111-
1389 2363 1460 2388 Fam,
1475 2370 1502 2396 7,
1518 2370 1527 2388 1
1553 2363 1589 2388 Vt
1601 2360 1701 2387 nostras
1714 2360 1792 2388 villas
1806 2360 1884 2387 obire
1892 2381 1901 2394 ‚
1922 2366 1949 2387 et
1967 2369 2072 2388 mecum
2091 2361 2168 2388 fimul
2185 2360 2310 2389 ιεξῇςυῐᾶ
2352 2374 2357 2383 .

273 2401 332 2427 seso
351 2398 452 2431 Verba>
480 2407 535 2424 ¹¹0¹¹
552 2407 581 2424 0⁵
595 2397 739 2424 Gonfflfl’i‘·
794 2395 872 2430 APUd
885 2403 990 2428 regem:
1011 2394 1118 2428 inqust,
1139 2392 1227 2419 omnis
1241 2400 1323 2417 (οθῦὸ
1390 2398 1445 2422 sare
1461 2397 1543 2431 pollis.
1610 2396 1705 2422 Lectos
1719 2396 1888 2428 mortalium,
1909 2396 2087 2431 etggrabatos‚
2106 2397 2170 2425 deos
2182 2398 2338 2425 concursare
2375 2414 2376 2417 =

272 2435 390 2463 iucunda
402 2434 446 2460 est.
503 2433 541 2461 Id.
558 2433 589 2460 de
603 2433 693 2460 Benef.
708 2442 733 2466 2,
748 2442 754 2458 1
788 2433 878 2466 Qium
893 2430 998 2456 homini
1017 2429 1104 2464 probo
1124 2428 1157 2455 ad
1175 2427 1324 2462 rogandum
1390 2431 1558 2467 probabilius
1575 2432 1631 2458 Cic.
1652 2431 1683 2458 de
1695 2431 1789 2458 Diuin.
1803 2440 1826 2464 2,
1841 2440 1886 2464 129
1900 2441 1922 2458 c.
1935 2434 1975 2464 63.
2002 2434 2101 2459 Malim
2113 2433 2214 2468 quidam
2226 2434 2341 2461 circumc
2367 2429 2387 2462 ³.
2422 2460 2425 2463 Δ

273 2481 304 2498 os
318 2476 473 2502 concurrat,
491 2476 517 2497 et
530 2469 695 2496 suffundatur
709 2468 801 2495 rubor.
873 2468 904 2494 Et
918 2465 996 2500 Epist.
1011 2475 1033 2492 11
1053 2465 1139 2492 Labra
1153 2469 1325 2495 concurrunt,
1390 2466 1538 2501 Sedfimilis
1551 2465 1584 2499 ⁶st
1596 2468 1680 2500 locus,
1700 2476 1767 2502 quem
1786 2467 1855 2493 modo
1873 2466 2029 2493 laudauimus
2037 2474 2087 2502 pro
2095 2469 2212 2495 Muraen-
2270 2470 2312 2497 Sic
2323 2469 2378 2500 Vv

275 2508 366 2542 lingua
385 2506 498 2539 ‘nubat’
530 2505 619 2532 dentes
640 2504 812 2532 colliduntur.
884 2501 1017 2536 (Q'mffil⁴
1038 2510 1070 2534 ¹12
1088 2510 1110 2534 3,
1127 2509 1166 2527 ¹21
1196 2500 1264 2526 C¹¹¹¹¹
1278 2507 1326 2525 012³
1347 2504 1378 2536 65
1392 2512 1423 2536 29
1431 2512 1452 2530 c.
1463 2511 1490 2529 12
1512 2503 1580 2529 Cum
1593 2510 1659 2528 vero
1673 2502 1752 2529 aestas
1763 2504 1864 2529 summa
1877 2504 1925 2529 elie
1937 2502 1991 2530 iam
2003 2509 2136 2537 coeperat,
2148 2503 2222 2538 quod
2234 2509 2337 2539 tempus
2349 2513 2397 2536 ουΓ
2409 2501 2425 2534 ”,

277 2549 448 2570 concurrente
460 2542 545 2569 rixari
566 2539 827 2577 (reprimerestudere
844 2539 888 2566 illa
902 2536 950 2571 ‹1⁶3st
953 2548 980 2564 1⁴5
990 2537 1061 2599 Ιέῐίζῆα
1065 2538 1084 2572 )
1112 2536 1130 2563 fi
1144 2536 1276 2576 memoria
1291 2535 1328 2561 fe·
1392 2539 1494 2573 semper
1513 2543 1647 2573 praetores
1659 2538 1697 2571 ‚in
1717 2537 1861 2565 itineribus
1878 2539 2031 2564 consumere
2051 2539 2260 2572 consueuerunt,
2291 2539 2376 2574 quod*
2416 2534 2432 2567 2⁷

278 2578 395 2611 fellerit,
415 2584 459 2604 aut
474 2578 601 2612 cogitatio
616 2586 670 2603 non
685 2576 848 2611 suffragetur.
886 2575 937 2600 Hic
951 2582 998 2609 apt!
1029 2573 1127 2599 eundem
1155 2571 1268 2599 Fflbfflffl
1289 2580 1327 2603 ¹0,
1392 2581 1486 2610 putant
1506 2573 1658 2601 obeundam
1678 2573 1794 2601 maxime
1812 2573 1861 2600 esse
1880 2573 2047 2607 prouinciam
2082 2589 2127 2594 —-
2162 2580 2236 2608 tum,
2257 2574 2366 2609 inquam
2402 2584 2404 2597 ι

279 2622 307 2649 7,
320 2619 333 2644 8
352 2614 477 2650 legendum
492 2621 627 2648 putamus,
653 2613 702 2639 Sed
715 2621 744 2639 os
758 2612 844 2646 ipsum
861 2610 919 2637 coit
939 2616 1020 2644 atque
1037 2608 1191 2641 concurrit,
1208 2609 1263 2640 vel,
1284 2606 1328 2633 sed
1394 2611 1550 2637 concursant
1563 2610 1659 2637 caeteri
1672 2610 1914 2645 Praetores‚nempe
1926 2618 1992 2635 nunc
2003 2608 2044 2635 his
2055 2618 2121 2636 nune
2133 2611 2192 2636 aliis
2207 2609 2360 2642 hominibus,
2380 2610 2424 2642 Ιις,Δ

278 2651 366 2686 ipsum
378 2658 407 2676 os
420 2657 527 2684 quoque
540 2649 683 2675 concurrit.
744 2647 802 2675 Viri,
831 2653 848 2673 c
861 2652 880 2672 o
890 2653 912 2673 N
921 2653 937 2673 c
946 2653 965 2672 v
975 2653 994 2672 R
1004 2653 1016 2672 s
1025 2653 1045 2672 v
1054 2652 1066 2672 s
1093 2645 1160 2677 oris,
1184 2646 1214 2670 it.
1238 2649 1254 2670 c
1267 2650 1285 2669 o
1294 2650 1327 2669 N·
1388 2646 1417 2684 se
1437 2646 1632 2683 repraefintant.
1685 2646 1718 2672 Et
1736 2650 1769 2676 80
1788 2654 1810 2672 c.
1829 2653 1854 2677 51
1885 2644 1990 2671 Aestate
2002 2644 2102 2671 summa
2111 2665 2119 2677 ,
2144 2651 2330 2681 quossempore
2419 2651 2426 2677 4
2438 2647 2452 2680 -.-'

279 2692 297 2713 c
309 2693 329 2712 v
338 2693 358 2712 R
367 2693 380 2712 s
389 2692 411 2712 A
422 2691 444 2711 N
454 2691 476 2711 s.
671 2681 693 2721 ἦ
718 2692 737 2717 4
772 2683 819 2711 Sed
837 2690 995 2709 concurrere
1016 2684 1089 2708 etiam
1107 2680 1242 2712 dicuntur,
1269 2687 1329 2714 quae
1346 2690 1382 2717 70
1394 2690 1528 2718 praetores
1541 2682 1619 2708 obire
1631 2681 1812 2716 prouinciam,
1833 2686 1859 2707 et
1871 2680 2027 2707 concursare
2041 2681 2250 2715 consueuerunt:
2266 2678 2356 2717 quodp
2376 2687 2391 2703 s
2424 2688 2425 2691 ¹

279 2732 328 2748 non
345 2728 478 2758 pugnant,
497 2718 545 2755 fid
560 2721 724 2751 conueniunt,
752 2725 953 2756 congruumque,
989 2723 1012 2743 et
1032 2715 1186 2752 conspirant.
1258 2715 1329 2742 Ter.
1393 2729 1443 2746 non
1457 2725 1544 2745 temere
1556 2717 1700 2744 mutandum
1719 2714 1752 2750 qs!
1766 2719 1793 2743 in
1809 2716 2028 2748 circumcursare,
2053 2722 2097 2746 αης
2108 2723 2214 2752 veroque
2231 2717 2282 2743 Ioco
2300 2725 2340 2743 mu
2357 2732 2382 2751 1„-

280 2759 378 2785 Heaut.
393 2765 417 2788 2,
431 2765 456 2789 2,
470 2764 482 2788 3
510 2756 679 2781 Concurrunt
690 2755 788 2781 multae
802 2754 941 2789 opiniones
951 2773 959 2786 ,
985 2762 1051 2788 quae
1071 2751 1141 2779 mihi
1154 2751 1274 2778 animum
1287 2759 1330 2777 ex·
1395 2754 1437 2789 est,
1465 2753 1533 2781 Add.
1556 2760 1601 2781 co
1614 2760 1634 2779 N
1646 2759 1741 2780 evas
1751 2759 1820 2779 AT1
1831 2759 1860 2780 0.
1897 2751 2143 2779 Concursarevln-o·
2155 2753 2278 2788 cin-oque
2297 2751 2334 2779 H·
2368 2768 2371 2769 .
2400 2757 2415 2772 ·;,
2444 2756 2455 2766 υ

281 2799 401 2828 augeant.
466 2791 530 2817 Cic.
546 2792 600 2817 Att.
617 2792 656 2823 16,
669 2799 681 2823 3
702 2791 821 2816 Nomina
833 2798 887 2816 non
899 2794 1076 2821 concurrunt,
1094 2791 1112 2814 i.
1127 2788 1180 2814 dies
1194 2790 1330 2820 nominum,
1396 2791 1453 2818 Afr,
1470 2795 1509 2821 82,
1581 2790 1686 2816 Luci-et.
1704 2797 1727 2822 3,
1747 2791 1797 2822 396
1821 2788 1999 2820 Concussae,
2025 2787 2115 2821 coire,
2138 2793 2165 2814 et
2177 2787 2312 2815 dissultare
2330 2799 2332 2806 ’

282 2828 425 2866 quaemihi
443 2827 552 2863 obligata
565 2827 643 2862 ficut,
675 2836 723 2852 nvn
742 2830 889 2852 conueniunt
908 2835 960 2852 cum
981 2825 1065 2851 dicbus
1083 2833 1181 2856 eorum,
1213 2832 1273 2860 quae
1287 2831 1330 2863 ego
1394 2828 1437 2856 Sic
1457 2835 1480 2859 2,
1499 2832 1543 2859 2¹5
1575 2824 1691 2861 Abrupti
1708 2824 1826 2852 nubibus
1849 2824 1923 2860 ignes
1938 2824 2116 2851 Concursant:
2146 2824 2191 2851 vbi
2207 2827 2282 2852 etiam
2317 2836 2328 2847 n

277 2866 350 2903 feci:
371 2874 419 2890 non
433 2873 457 2890 co
470 2870 576 2898 tcmpore
583 2862 696 2898 soluetur
710 2862 772 2887 mihi
784 2865 906 2896 pertento,
927 2870 972 2896 quo
979 2861 1075 2896 soluere
1089 2869 1131 2896 ego
1150 2860 1227 2886 dech.
1265 2859 1332 2900 ‘Cic
1349 2861 1493 2899 75911idam
1518 2868 1621 2888 vetere-5,

284 2901 316 2927 de
326 2900 418 2927 Diuin.
435 2907 510 2932 2,141
533 2900 573 2924 An
584 2904 612 2924 tu
628 2898 724 2930 censes,
735 2897 816 2923 vllam
831 2906 910 2923 anum
923 2904 975 2922 tam
990 2896 1100 2923 deliram
1113 2896 1230 2923 futuram
1243 2894 1331 2927 fuisse,
1433 2904 1451 2925 c
1462 2904 1481 2925 0
1492 2903 1515 2923 N
1529 2903 1546 2923 C
1557 2905 1578 2924 v
1587 2904 1607 2924 R
1616 2905 1628 2925 s
1637 2903 1692 2924 AN
1703 2902 1727 2929 s,
1740 2895 1802 2922 ntis.
1822 2895 1917 2922 Partic.
1937 2894 2134 2922 Sen.deBenefi
2143 2902 2170 2930 7,
2178 2903 2209 2929 ¹4
2229 2894 2283 2923 Hic
2303 2907 2331 2918 ·-
2348 2892 2376 2923 f,

284 2943 314 2964 vt
329 2935 437 2962 somniis
450 2934 584 2966 crederet,
609 2933 657 2960 nifi
672 2933 720 2960 ista
734 2934 792 2959 casu
805 2941 859 2959 non
872 2941 1008 2966 nunquam
1023 2932 1092 2958 forte
1106 2938 1205 2958 temere
1220 2939 1330 2956 concur·
1396 2942 1469 2967 mus,
1491 2933 1537 2968 qui
1558 2943 1617 2959 cum
1637 2939 1662 2959 te
1682 2931 1783 2959 viderit
1807 2932 2006 2958 concursantem
2026 2936 2052 2957 et
2069 2930 2204 2958 solicitum
2217 2936 2243 2958 et
2260 2929 2366 2962 anxium

284 2978 383 3000 terent.
454 2971 529 3005 Prop.
545 2979 568 3010 Ξ,
581 2977 607 3004 7,
621 2977 648 3005 17
665 2969 705 2995 Est
720 2968 817 3004 quibus
832 2968 908 2994 Eleae
924 2969 1059 2994 concurrit
1078 2968 1165 3002 palma
1178 2966 1329 3002 quadrigae,
1397 2975 1451 3001 cat,
1473 2969 1551 2995 Mitte
1567 2968 1632 2995 hanc
1647 2968 1679 2994 de
1698 2968 1804 3003 peetore
1824 2976 1924 3007 curam.
1997 2966 2065 2993 Plin.
2077 2974 2120 3002 37,
2133 2975 2150 3000 9
2163 2967 2182 2993 s.
2197 2974 2223 3000 5¹
2252 2965 2363 3009 Habe-rev·

285 3012 304 3035 ι’.
323 3010 464 3043 contingit,
490 3007 556 3041 quast
574 3008 692 3032 comitata
710 3006 766 3031 illos
785 3011 808 3031 et
828 3014 879 3030 vna
898 3013 1008 3030 currens.
1079 3004 1135 3030 Cic.
1151 3003 1178 3029 in
1191 3003 1264 3029 Orat.
1288 3011 1331 3035 154
1396 3005 1594 3032 concursantem
1613 3004 1731 3037 stellam,
1756 3003 1788 3030 de
1808 3011 1932 3029 ceraunia
1952 3010 2071 3037 gemma,
2096 3005 2114 3029 i.
2132 3005 2277 3035 micantem,
2305 3011 2341 3033 vr
2362 3010 2376 3036 ';

287 3045 346 3071 Cum
362 3044 433 3070 nobis
450 3051 505 3068 non
523 3041 637 3074 dicitur,
664 3040 705 3067 sed
725 3041 861 3077 nobili-um:
894 3039 957 3074 quia
976 3038 993 3064 si
1013 3039 1050 3065 ita
1069 3039 1219 3069 diceretur,
1243 3037 1331 3064 obsce·
1343 3043 1376 3068 80
1396 3043 1463 3068 velut
1478 3040 1573 3067 radios.
1629 3041 1749 3075 Compara
1761 3041 1862 3075 quaein
1883 3044 2060 3066 CONCVRRO
2077 3047 2103 3064 n.
2117 3046 2130 3070 3
2144 3037 2173 3064 de
2187 3037 2269 3065 labris
2283 3043 2308 3065 et
2320 3043 2379 3064 ore
2415 3035 2424 3066 j

287 3080 347 3106 nius
363 3084 550 3106 concurrerent
564 3077 665 3104 literae.
703 3077 764 3104 Sane
782 3086 854 3112 quum
868 3074 974 3111 profer-5
987 3083 1045 3100 cum
1059 3075 1137 3101 nobis
1148 3094 1155 3105 ,
1173 3073 1278 3100 auditur
1290 3074 1332 3100 lvic
1397 3076 1565 3104 currentibus
1579 3073 1648 3102 dicsla
1657 3076 1737 3112 fiant,
1759 3083 1827 3111 quem
1841 3080 1931 3100 motum
1949 3075 2049 3101 celerem
2068 3074 2230 3111 mustulorum
2238 3074 2379 3101 Germanic

287 3114 421 3143 Ablatiuus
435 3122 539 3145 cunno,
556 3116 623 3140 velut
637 3113 821 3139 aNominatiuo
835 3120 951 3144 cunnus,
970 3119 1041 3146 quam
1055 3120 1136 3136 vocem
1148 3108 1242 3142 constat
1258 3109 1333 3146 obsce·
1396 3122 1446 3150 gua
1466 3108 1520 3139 cuni
1534 3112 1643 3149 fulgure
1659 3117 1795 3146 comparat.
2347 3118 2370 3133 η

288 3159 345 3176 nam
360 3149 411 3183 este.
454 3151 494 3177 Sic
508 3148 595 3176 Verba
608 3155 725 3175 extrema
739 3157 798 3175 cum
815 3145 1034 3181 consequentibus
1055 3146 1148 3180 primis
1163 3146 1198 3172 ita
1213 3144 1332 3180 iungere,
1435 3155 1452 3175 c
1464 3155 1483 3176 0
1493 3154 1514 3174 N
1524 3153 1598 3175 CVR
1608 3155 1620 3174 s
1631 3148 1652 3174 Ᾰ
1662 3153 1757 3179 Tou,
1785 3144 1850 3172 oris.
1883 3154 1919 3172 m.
1961 3145 2047 3178 veles,
2070 3145 2132 3172 leuis
2145 3145 2229 3178 miles,
2247 3142 2344 3179 lacffr
2418 3149 2433 3180 ξ’

288 3191 318 3212 vt
331 3193 397 3211 neue
409 3186 496 3220 aspere
510 3190 683 3217 concurrant,
693 3193 760 3210 neue
773 3183 871 3210 vastius
885 3183 1042 3209 diducantur
1062 3181 1156 3208 Cic.de
1163 3182 1238 3208 Orat.
1247 3189 1331 3216 3,170.
1396 3185 1456 3212 lium
1470 3193 1541 3220 quam
1548 3182 1671 3220 sustinere
1684 3184 1776 3217 aptior.
1812 3181 1873 3208 Liu.
1888 3190 1924 3214 31,
1935 3189 1963 3215 35
1992 3182 2032 3208 Ita
2043 3189 2091 3207 nec
2104 3189 2184 3216 eques
2197 3180 2286 3215 regius
2298 3189 2332 3216 eq
2351 3179 2358 3184 “
2375 3204 2377 3206 ,

289 3220 364 3248 Idem
379 3221 431 3247 Att.
449 3229 468 3252 ι,
481 3229 515 3247 20
547 3222 578 3248 Et
595 3220 692 3255 raptim
711 3220 740 3246 in
761 3228 818 3246 eam
839 3219 993 3245 sententiam
1012 3217 1115 3252 pedarii
1135 3223 1334 3244 concurrerunt.
1347 3220 1376 3249 85
1398 3225 1470 3252 erat,
1488 3220 1605 3246 insuetus
1621 3218 1653 3245 ad
1670 3217 1790 3245 stabilem
1805 3225 1938 3251 pugnam,
1961 3225 2010 3244 nec
2027 3216 2106 3252 pedes
2124 3217 2303 3244 concursator.

289 3257 364 3284 Grut.
386 3257 573 3283 Cucurrcrnnt.
629 3256 744 3283 ICtorum
757 3255 905 3291 praesertim
924 3253 1040 3290 quaedam
1054 3253 1182 3289 formulae
1201 3252 1335 3279 ›total-iles:
1401 3256 1519 3283 cursator
1532 3261 1558 3282 et
1571 3255 1638 3281 leuis
1652 3253 1733 3280 hostis
1753 3252 1825 3280 Idem
1837 3260 1880 3286 27,
1894 3258 1928 3283 18.

291 3292 420 3328 leianus
436 3292 462 3317 in
476 3291 492 3318 l.
519 3291 593 3326 Quid
608 3300 672 3326 ergo
685 3291 703 3318 si
716 3293 844 3318 maiorem
860 3291 892 3317 D.
907 3290 938 3317 de
952 3290 1002 3325 leg.
1018 3298 1027 3316 1
1055 3288 1129 3322 Quid
1141 3296 1205 3322 ergo
1220 3287 1236 3314 si
1251 3289 1334 3315 maio-
1436 3298 1453 3319 e
1462 3298 1481 3318 0
1490 3298 1512 3317 N
1523 3298 1540 3318 c
1550 3298 1570 3317 v
1580 3298 1599 3318 R
1609 3297 1621 3318 s
1630 3297 1652 3317 A
1662 3297 1683 3317 T
1692 3296 1702 3316 1
1711 3296 1747 3322 o,
1768 3288 1836 3319 onis.
1856 3288 1876 3315 f.
1914 3288 1971 3315 Cic.
1983 3286 2015 3315 de
2028 3287 2098 3323 Lege
2112 3287 2174 3322 Agr.
2187 3295 2213 3320 2,
2227 3294 2263 3322 94
2277 3295 2299 3313 c.
2311 3293 2354 3320 345
2365 3311 2367 3314 Α

291 3337 350 3356 rem
368 3327 541 3361 quantitatem
561 3337 576 3354 a
595 3327 735 3354 substituto
757 3326 885 3362 reliquit?
906 3326 977 3361 quod
996 3323 1115 3357 excedit,
1133 3323 1184 3350 hoc
1197 3324 1247 3350 erit
1262 3324 1334 3359 quod
1400 3327 1566 3354 concursatio
1577 3325 1806 3361 percontantium,
1827 3324 1891 3359 quid
1906 3330 2012 3358 praetor
2023 3323 2157 3350 edixisset?
2211 3323 2345 3357 Exagitata
2360 3345 2375 3354 ,μ
2411 3333 2412 3337 ’

291 3372 307 3391 a
321 3362 460 3390 substituto
472 3362 595 3389 relictum
610 3364 658 3390 esi:
683 3362 755 3398 quod
776 3371 842 3389 vero
860 3362 996 3389 concurrit
1016 3370 1076 3388 cum
1095 3360 1195 3387 summa
1217 3360 1334 3394 superio·
1399 3363 1433 3390 tis
1446 3363 1611 3390 concursatio
1626 3361 1684 3388 Sen.
1699 3362 1744 3396 Ep.
1756 3369 1779 3393 3.
1816 3359 2051 3387 perturbationum
2063 3358 2230 3386 concursatio
2248 3358 2320 3385 Idem
2328 3356 2356 3395 P

291 3399 368 3427 ribus
397 3397 494 3426 tabulis
521 3398 642 3433 inscripta
657 3419 665 3431 ,
697 3398 759 3425 inde
777 3397 927 3425 debebitur.
1011 3396 1084 3424 Idem
1103 3395 1121 3422 l.
1142 3404 1152 3422 1
1179 3395 1244 3421 D.de
1264 3396 1333 3423 vsuf.
1351 3407 1433 3434 9011,
1448 3407 1484 3433 17.
1541 3396 1717 3425 Concursatio
1729 3394 1896 3422 somniorum
1921 3395 1995 3422 Idem
2009 3394 2042 3421 de
2054 3395 2147 3421 Diuin-
2159 3402 2184 3426 2,
2198 3395 2256 3428 146.
2311 3399 2316 3404 ”
2414 3418 2436 3425 ,,

292 3435 390 3463 adcres.
408 3435 500 3467 Qnun
513 3433 601 3468 itaque
615 3435 716 3468 primus
728 3443 783 3461 non
799 3434 919 3461 inueniet
935 3433 1047 3461 alterum
1061 3441 1131 3463 eum,
1150 3431 1196 3466 qui
1214 3430 1261 3457 sibi
1275 3440 1336 3458 con.
1403 3443 1423 3467 1,
1439 3443 1447 3461 1
1467 3433 1579 3461 Libonis
1592 3439 1617 3460 et
1632 3432 1748 3467 Hypsei„
1767 3439 1822 3457 non
1834 3430 1945 3463 obscura
1959 3430 2125 3457 concursatio
2150 3428 2338 3460 et-contentio,

294 3477 397 3503 currat,
429 3469 499 3496 solus
517 3474 605 3495 vtetur
626 3471 654 3496 in
666 3476 766 3496 totum:
799 3479 846 3496 nec
865 3469 948 3496 refert
966 3468 1129 3495 coniunctim
1149 3475 1182 3493 an
1197 3467 1335 3501 separatim
1402 3479 1501 3505 umque
1512 3469 1632 3504 Pompeii
1645 3467 1819 3495 familiarium
1832 3466 1956 3500 studium,
1976 3467 2006 3492 in
2019 3475 2076 3493 eam
2089 3464 2246 3501 opinionem
2258 3473 2314 3492 rem
2329 3464 2376 3490 aff&
2413 3475 2416 3488 1

294 3507 471 3542 relinquatur.
507 3504 562 3538 Qri
575 3503 623 3530 fibi
637 3512 789 3538 concurrat,
808 3508 826 3532 i.
841 3505 982 3567 vnad'ecum
997 3512 1086 3531 utatur
1093 3503 1212 3540 fruatur.
1262 3503 1335 3538 Papi·
1401 3512 1481 3539 runt,
1499 3512 1544 3532 etc.
1616 3504 1677 3531 Liu.
1691 3511 1730 3537 35,
1743 3510 1780 3536 49
1808 3502 1916 3529 Vtinam
1930 3502 2061 3530 subiicere
2074 3501 2157 3528 oculis
2169 3499 2262 3527 vestris
2274 3498 2340 3535 poll'e'

295 3542 367 3569 nian.
380 3542 409 3569 in
423 3541 440 3568 l.
460 3539 532 3567 Filio
545 3539 592 3575 qui
606 3540 637 3566 D.
652 3539 684 3566 de
698 3540 846 3568 inofficioso
860 3547 885 3567 te
910 3546 1025 3573 amento,
1039 3540 1109 3567 Filia
1123 3547 1190 3574 quae
1203 3546 1256 3564 non
1272 3539 1335 3574 egit,
1402 3541 1580 3568 cur-sationem
1597 3540 1667 3575 regis
1687 3538 1777 3572 magni
1796 3545 1810 3564 a
1823 3537 1992 3565 Demetriade
2001 3557 2009 3570 ,
2036 3545 2104 3564 nunc
2117 3536 2237 3563 Lamiam
2257 3536 2287 3562 in
2301 3542 2332 3562 co

295 3584 341 3604 δυ*
353 3586 420 3612 ‘ime
427 3576 543 3611 ‘gibau‘
554 3584 610 3602 ”0¹¹
624 3575 742 3603 obtinuit
751 3596 757 3607 ‚
778 3577 807 3603 in
820 3576 974 3604 Hereditate
988 3576 1106 3610 legitima
1119 3573 1196 3602 fratri
1208 3582 1262 3600 non
1277 3583 1337 3601 con·
1351 3583 1384 3610 95
1402 3577 1559 3604 Aetolorum
1569 3597 1578 3610 ‚
1605 3579 1673 3602 nunc
1681 3573 1844 3601 Chalcidem.
1906 3575 1941 3600 Vt
1959 3573 2122 3608 Concursare
2134 3569 2341 3607 magistratuum

297 3614 395 3645 currit,
411 3615 428 3639 i.
442 3621 490 3639 non
505 3614 575 3638 venit
593 3613 619 3637 in
626 3618 726 3646 partem
738 3611 893 3639 hereditatis.
965 3611 1071 3646 leian.
1085 3611 1113 3638 in
1127 3610 1144 3637 l.
1169 3609 1297 3643 Idemque
1311 3609 1335 3648 §.
1399 3615 1556 3649 prouinciam
1576 3611 1730 3643 obeuntium,
1756 3609 1796 3643 fic
1814 3611 1888 3635 etiam
1908 3608 2083 3636 Concursatio
2100 3609 2233 3642 accipitur.
2269 3606 2324 3634 Cit-
2333 3615 2342 3638 ζ,

296 3648 324 3674 Si
337 3648 388 3675 tibi
403 3649 433 3674 D.
448 3647 504 3681 Qu
516 3647 635 3682 potiores
648 3646 676 3672 in
690 3646 801 3680 Pignore
815 3646 976 3680 habeantur,
1001 3647 1026 3674 Si
1044 3647 1095 3674 tibi
1132 3654 1181 3675 uae
1201 3644 1337 3673 habiturus
1404 3649 1495 3683 Agrar.
1510 3656 1530 3681 1,
1544 3653 1557 3678 8
1571 3657 1593 3674 c.
1607 3655 1619 3679 3
1645 3647 1701 3673 Iam
1715 3645 1763 3672 illa
1775 3643 1899 3671 omnibus
1912 3645 1940 3671 in
1954 3642 2114 3680 prouinciis,
2133 3643 2238 3676 regnis,
2258 3641 2295 3669 lib

296 3683 355 3710 sum
369 3683 565 3718 obligauerim,
587 3688 613 3709 et
626 3681 709 3709 Titio
728 3682 873 3716 specialiter
886 3683 1015 3716 fundum,
1041 3683 1060 3710 si
1080 3655 1270 3710 indominium
1284 3691 1337 3708 me·
1403 3684 1451 3717 lis,
1471 3692 1549 3718 qnam
1570 3681 1679 3715 acerba,
1718 3689 1779 3708 uam
1799 3679 1989 3712 formidolosa,
2009 3687 2088 3715 quam
2108 3677 2260 3712 quaestuosa
2298 3688 2311 3708 ¹}
2326 3685 2341 3699 r.

297 3727 343 3745 um
357 3719 522 3753 peruenerit,
538 3727 601 3745 mox
616 3717 766 3744 dominium
780 3717 835 3743 cius
849 3718 1006 3752 acquisiero:
1030 3724 1103 3753 putat
1121 3716 1263 3745 Marcellus
1276 3725 1337 3743 con·
1401 3719 1587 3747 decemuir-alis
1600 3718 1690 3745 futura
1714 3722 1750 3750 it,
1767 3724 1822 3743 non
1835 3715 1950 3743 videtis?
2187 3728 2190 3729 ⁷
2216 3738 2222 3740 ,
2288 3727 2291 3730 ⁴

298 3763 405 3797 currere
419 3760 560 3789 vtruinque
573 3753 733 3781 creditorem
753 3753 781 3779 in
800 3753 919 3787 pignore.
989 3754 1062 3781 Idem
1082 3753 1148 3781 ibid.
1173 3752 1202 3780 Si
1219 3751 1334 3780 duorum
1343 3767 1390 3786 100
1435 3761 1452 3783 c
1462 3762 1481 3782 0
1490 3761 1512 3782 N
1522 3760 1539 3781 C
1550 3762 1570 3782 v
1578 3761 1598 3781 R
1607 3761 1619 3780 s
1628 3761 1650 3780 Α
1658 3757 1710 3780 To
1718 3759 1737 3779 R
1747 3757 1786 3778 lv
1795 3757 1818 3777 s.
1851 3750 1911 3778 Adi.
1947 3747 2078 3778 Ammian.
2092 3749 2129 3780 16,
2141 3756 2172 3783 ¹4
2202 3748 2290 3784 Pugna

298 3789 463 3825 pupillorum
476 3790 564 3816 munis
583 3798 624 3817 res
637 3789 721 3815 fuerit
732 3794 894 3823 comparata:
920 3787 999 3814 ambo
1020 3790 1048 3816 in
1067 3790 1162 3825 Pignus
1179 3795 1336 3815 concurrent
1399 3790 1486 3824 toria,
1503 3791 1585 3826 qualis
1599 3789 1636 3815 est
1650 3788 1875 3815 concursatorurn.
2220 3786 2223 3789 '
2285 3789 2289 3793 '

299 3834 349 3860 pro
365 3824 405 3851 his
419 3825 588 3858 portionibus
597 3845 605 3858 ‚
629 3833 696 3859 quae
711 3824 739 3850 in
751 3824 790 3850 rei
805 3824 920 3858 pretium
932 3824 1032 3852 fuerint
1047 3825 1181 3860 expensae.
1234 3823 1276 3852 Sic
1289 3832 1335 3858 per
1438 3833 1455 3854 c
1464 3833 1514 3854 ON
1526 3831 1543 3852 c
1554 3832 1575 3851 v
1585 3831 1604 3852 R
1614 3832 1632 3851 v
1641 3831 1678 3857 ο,
1708 3820 1760 3850 ire.
1795 3818 2002 3856 Curuumsaeere·
2020 3818 2143 3858 Macrob.
2156 3819 2260 3853 Saturn.
2274 3819 2300 3849 23

299 3861 387 3897 plures
405 3866 518 3886 emtores
536 3860 698 3896 mancipium
716 3858 881 3887 concurrerit
913 3860 1017 3886 Paullus
1038 3861 1066 3887 in
1084 3861 1102 3888 l.
1125 3860 1152 3888 Si
1171 3858 1230 3894 quis
1254 3859 1286 3885 D.
1301 3859 1334 3885 de
1401 3861 1495 3895 herio,
1509 3861 1577 3888 ,ρω-
1589 3868 1649 3886 cum
1664 3858 1786 3894 vigebam
1798 3856 1925 3884 membris
1936 3854 2177 3889 praeunridantibus
2209 3867 2256 3876 —-
2285 3887 2290 3890 ,

298 3893 418 3923 contrah.
436 3901 498 3922 emt.
570 3895 616 3923 Sed
631 3898 706 3922 etiam
726 3895 879 3922 Medicorum
898 3892 930 3927 cst
944 3905 951 3919 :
995 3896 1063 3923 Cels.
1076 3905 1102 3929 2,
1117 3904 1145 3923 12
1163 3895 1190 3922 Si
1203 3895 1231 3921 in
1241 3894 1334 3921 stoma·
1400 3897 1483 3925 bilem
1495 3905 1537 3923 me
1551 3894 1714 3922 concur-uasti
1732 3893 1768 3928 (o
1776 3891 1909 3929 fortuna)
1928 3895 1957 3916 vt
1975 3898 2102 3925 carperes.
2129 3895 2132 3898 ⁴
2276 3899 2293 3907 '-

296 3931 376 3960 eluun
391 3930 519 3966 quaedam
531 3930 629 3959 biliosa
642 3932 820 3960 Concurrunt.
887 3929 961 3958 Idem
973 3939 996 3964 3,
1005 3939 1034 3958 10
1052 3932 1088 3959 At
1099 3931 1118 3959 fi
1130 3931 1159 3959 in
1172 3929 1334 3966 praecordiis
1344 3941 1389 3968 ¹05
1437 3939 1455 3961 c
1465 3938 1485 3961 ο
1496 3938 1518 3960 Ν
1527 3938 1544 3960 c
1552 3938 1572 3960 v
1580 3939 1593 3960 s
1602 3938 1616 3959 s
1623 3937 1644 3958 v
1653 3937 1666 3959 Β
1673 3948 1682 3966 ,
1712 3928 1768 3957 vid.
1792 3933 1811 3956 c
1819 3933 1840 3963 o
1847 3933 1871 3954 N
1879 3932 1897 3954 c
1904 3932 1926 3954 v
1934 3932 1956 3953 Τ
1964 3931 2011 3953 10.
