2474 4182
282 110 337 146 51¹
614 78 939 148 ¹ATQ
1811 88 2035 129 ΛΤΚ
2324 75 2450 144 'suu

285 184 367 211 amni.
410 183 450 211 Sic
462 183 544 210 Plaut.
558 182 648 210 Bacch.
664 189 685 212 2,
699 189 719 212 3,
733 187 766 212 45
792 180 862 204 Dum
884 177 1085 213 circumspecto,
1109 185 1189 214 atque
1203 187 1252 213 ego
1267 177 1331 203 lem·
1386 178 1462 202 Verr.
1477 185 1500 209 3,
1515 182 1557 210 189
1592 179 1628 204 Ex
1650 176 1805 204 huiusmodi
1826 176 1961 211 principio
1975 181 2054 211 atque
2073 186 2105 204 ex
2121 179 2282 207 liberalitate
2302 186 2378 216 atque
2391 193 2428 212 ac.

283 220 350 247 bum
362 219 507 254 conspicor.
543 220 574 245 Et
588 216 662 252 Epid.
678 225 703 247 2,
717 223 742 246 2,
754 223 780 246 33
800 215 890 248 Quom
903 213 936 240 ad
949 222 1056 249 portum
1069 215 1160 247 venio,
1181 221 1259 248 atque
1281 222 1331 246 ego
1387 212 1603 240 couumodatione
1617 213 1826 248 magistratuum,
1849 211 2013 238 consuetudo
2026 213 2215 248 aestimationis
2231 214 2427 249 introdut‘itaest,
2444 239 2445 246 ,

284 256 362 282 illam
382 255 438 282 illic
458 255 539 281 video
560 251 750 288 praestolarier.
808 251 885 276 Plura
903 249 988 276 Plauti
1003 249 1072 276 dabit
1086 252 1179 278 Pau-eus
1193 251 1252 276 Lex.
1268 249 1333 275 Crit.
1388 249 1475 282 Atque
1488 247 1552 274 haec
1565 249 1683 283 quidem,
1703 256 1782 283 atque
1794 247 1926 275 eiusmodi
1942 256 1973 273 ex
1993 255 2083 275 vetere
2099 250 2223 277 Graeciae
2242 251 2312 278 fama
2326 253 2428 284 colle&
2443 250 2452 279 i‘

285 293 369 318 Etiam
392 294 419 317 in
450 291 502 317 LL.
534 297 578 316 ΧΠ
605 286 753 313 tabularum
769 284 848 320 fusffi
857 291 950 320 putant
962 289 1015 312 vlri
1028 283 1107 319 dosii,
1127 289 1170 322 qui
1189 285 1255 321 apud
1276 284 1334 310 Cic.
1391 284 1450 310 sunt
1471 283 1527 310 Cic.
1540 283 1572 309 de
1587 285 1649 311 Nat.
1667 286 1747 311 Deor.
1756 293 1778 317 3,
1792 287 1835 310 60.
1872 285 1979 319 Legitur
1992 286 2075 316 ctiam,
2096 285 2127 310 Et
2140 285 2279 312 eiusmodi.
2374 289 2427 327 ‘2³9
2447 285 2450 312 ἕ

288 327 320 353 de
333 328 395 361 Leg.
411 335 426 353 2
439 335 460 352 c.
474 335 492 358 4
511 327 611 360 legunt,
631 323 659 347 SI
680 321 719 347 IN
741 321 794 347 IVS
813 321 942 348 VOCAT
968 322 1094 356 ATQE
1114 322 1196 348 EAT.
1215 319 1332 353 1'.stat1m
1356 322 1368 348 5
1390 321 1428 346 Dc
1442 319 1622 355 orthographia
1636 319 1697 346 illud
1716 320 1796 346 adhuc
1813 319 1975 356 obstruamus,
1995 319 2239 356 inlapidibusfiupe
2252 321 2295 355 tfft'
2315 329 2418 368 ADQVE
2462 340 2463 345 ,

287 370 334 389 eat.
390 362 470 388 Liuio
490 362 538 390 26,
559 366 589 390 39
607 355 718 390 restituit
731 358 808 383 Gron.
829 357 881 383 Hic
897 357 1041 390 Quintium
1058 372 1104 376 —
1117 358 1251 384 incautum
1264 355 1336 383 hasta
1391 358 1494 390 itemque
1513 364 1540 380 zn
1554 352 1659 388 vetustis
1673 356 1784 390 Virgilii
1797 356 1929 382 codicibus.
1987 356 2018 381 Et
2025 355 2118 391 saltere
2138 355 2195 382 huic
2201 357 2330 391 scribendi
2341 347 2446 390 ναειρῆἒῖ
2463 376 2471 379 -.

286 397 432 431 transfugit:
453 396 499 421 ille
514 400 591 428 atque
605 401 725 427 praeceps
739 402 798 418 cum
812 392 892 419 armis
906 393 1024 420 concidit
1042 400 1101 419 ante
1120 398 1234 428 portam.
1269 393 1336 418 Duo·
1392 394 1522 427 originem,
1546 392 1596 416 iam
1610 388 1770 422 ostendimus:
1787 401 1863 428 neque
1877 401 1941 417 emm
1952 389 2024 416 aliud
2035 389 2069 424 ‹st
2082 396 2161 425 atque
2176 400 2246 426 quam
2260 392 2344 426 adque
2356 394 2383 420 id
2395 390 2428 430 {J}
2442 407 2443 411 =
2465 398 2471 426 ζ

287 434 331 460 bus
344 440 416 458 etnim
431 430 527 464 Apulei
544 431 606 455 locis
620 428 774 455 vindicatum
787 431 810 455 it
826 429 928 464 Sciopp.
941 429 1012 463 Susp.
1028 428 1099 455 Lect.
1114 438 1136 461 3,
1150 434 1171 458 8.
1229 429 1283 454 Nec
1295 426 1337 453 ab·
1392 434 1417 453 ct
1429 425 1546 461 mfitpcm
1568 431 1597 451 vt
1611 432 1767 460 praeterque
1780 427 1861 453 dict-re
1868 427 1933 463 solet
1946 427 2053 452 Plinius.
2098 426 2223 452 Caeterum
2236 428 2321 462 Atque
2328 429 2464 464 praew,..'

286 470 372 496 horret
388 468 456 493 Tac.
470 466 503 491 H.
519 474 540 496 1,
554 469 594 496 82,
609 466 626 490 6
653 465 731 491 Turn
749 463 822 491 Otho
840 464 945 499 ingredi
957 465 1037 491 castra
1056 465 1145 491 ausus:
1166 470 1245 498 atque
1259 462 1337 488 illum
1391 461 1469 496 luisti,
1490 461 1662 498 etiamsolum
1673 461 1768 488 restam
1782 461 1841 495 ff,
1855 473 1901 488 non
1915 466 1941 489 in
1958 462 2022 488 'tioun
2443 459 2446 463 ’

288 503 391 531 tribuni
405 501 624 535 centurionesque
645 500 845 527 circumsistunt.
882 501 1038 537 Daui-queuis
1052 503 1125 526 etiam
1133 498 1268 536 huc-refert
1289 497 1335 524 Sil.
1352 500 1379 518 10
1430 505 1452 524 A
1463 504 1484 524 Τ
1495 503 1543 532 QV
1553 504 1571 523 1.
1599 496 1718 530 [dlus'keg
1736 496 1819 530 α’λλαέ,
1838 498 1900 531 μῆν,
1919 498 1962 532 ²19²)
1974 499 2037 530 μὴν,
2051 496 2119 529 tinio,
2141 508 2169 530 γε
2182 496 2246 532 μὴν,
2263 497 2351 533 α’λλσὶ]
2373 501 2428 529 Con-
2446 499 2448 501 ¹

287 548 311 571 ς,
326 546 378 570 593.
415 536 461 564 Sed
473 535 599 563 Drakenb.
608 537 732 572 praetulit
752 537 840 570 thue
855 535 917 562 dato
936 538 1037 570 gemitu
1058 542 1103 561 etc.
1278 532 1298 571 fl
1317 542 1336 566 4
1391 530 1486 560 iunHio
1502 532 1644 569 diftretiua,
1655 531 1804 572 significans
1818 534 1877 565 Sed,
1901 535 2004 565 mrum,
2027 534 2129 559 Tamen.
2183 533 2251 559 Ter.
2267 534 2330 560 Eun,
2343 541 2364 567 5,
2377 536 2417 570 33⁵*
2428 555 2436 561 μ
2450 543 2452 552 .

288 577 374 607 Atque
393 575 419 598 in
435 574 575 608 principiis
589 572 748 608 periodorum
768 571 916 608 dignitatem
934 572 1015 599 habet.
1065 571 1121 598 Cic.
1135 579 1185 605 pro
1204 570 1272 596 Sext.
1286 579 1308 595 c.
1324 577 1337 595 2
1394 568 1502 596 Nescio.
1540 575 1585 595 Pr.
1612 568 1694 602 Atqui
1706 568 1739 594 suc
1753 568 1859 595 inuenta
1872 569 1915 596 est.
1953 569 2008 595 Cic.
2023 568 2101 595 Acad.
2117 578 2145 601 4,
2160 576 2203 601 114
2224 570 2362 596 Vei-corne
2373 572 2400 598 sii
2428 592 2434 600 ,,
2448 567 2456 576 ’“

291 610 378 643 Atque
391 616 441 642 ego
456 607 488 634 suc
501 607 594 634 statuo.
649 609 680 634 Et
694 617 743 643 pro
756 608 785 634 L.
805 607 899 634 Manil.
915 617 935 633 c.
950 613 963 637 8
984 608 1071 641 Atque
1090 613 1119 633 vt
1135 615 1226 633 omnes
1241 605 1338 631 intelli·
1394 610 1548 638 arroganter
1560 603 1650 635 facias,
1667 603 1684 630 fi
1700 603 1800 629 dixeris
1813 611 1893 631 tuam.
1937 605 2019 640 Atqui
2032 605 2069 631 ita
2086 604 2156 631 dicas
2169 605 2266 630 neccsse
2278 604 2322 631 est.
2418 629 2426 637 ,
2440 631 2441 634 ,

288 651 358 679 gant.
397 644 473 670 Talia
479 643 542 680 siant
553 643 665 679 infinita.
703 645 760 670 Huc
769 642 819 679 ref.
833 645 896 675 loca,
914 643 958 669 vbi
973 641 1126 676 cffwrandi
1144 641 1213 668 modo
1229 644 1281 667 vim
1295 641 1338 667 ha·
1393 641 1458 666 Eun.
1473 649 1501 672 4,
1515 642 1541 672 6,
1555 648 1570 665 2
1589 639 1672 674 Atqui
1685 638 1703 665 fi
1716 639 1791 666 illam
1803 639 1887 675 digito
1899 641 2016 676 attigerit
2028 649 2092 672 vno,
2106 639 2179 667 oculi
2191 639 2255 666 ilico
2268 640 2431 673 effodienti&
2440 643 2442 650 '

288 681 342 706 bere
355 679 465 712 videtur,
483 686 512 705 vt
525 682 605 706 immo.
663 680 719 705 lam
737 686 811 705 taceo
825 678 920 705 hercle.
978 681 1064 713 Atque
1079 684 1107 704 tu
1123 678 1197 704 Persa
1208 686 1234 702 es
1254 676 1336 702 Plaut.
1352 676 1377 701 ¹5
1392 677 1461 702 Hor.
1477 675 1528 701 Od.
1542 683 1562 708 1,
1577 683 1617 707 23,
1631 683 1647 708 9
1668 675 1741 701 Vitas
1753 684 1796 701 me
1817 690 1863 695 —
1882 677 1964 711 Atqui
1977 686 2032 702 uon
2052 685 2102 710 ego
2116 682 2141 702 te
2154 675 2231 709 tigris
2245 681 2273 702 vt
2285 676 2371 710 aspera
2386 679 2436 706 -:—'-',

289 716 356 742 Pers.
372 723 394 748 5,
407 724 432 747 2,
446 720 488 748 48.
525 715 611 750 Atque
625 715 697 750 prius
710 715 793 749 pariet
808 714 904 740 locusta
918 715 1015 741 Lucam
1029 714 1127 740 bouem
1140 715 1203 739 Enn.
1212 721 1252 746 ap.
1260 713 1337 738 Varr.
1392 711 1548 746 prosequor.
1598 710 1637 737 ld.
1651 710 1700 736 Sat.
1716 719 1736 742 1,
1752 719 1771 743 1,
1785 719 1813 743 19
1832 711 1894 744 Eia,
1915 712 1980 747 quid
1993 712 2081 739 statis?
2118 711 2224 738 Nolint.
2251 715 2255 717 ’
2279 712 2359 746 Atqui
2373 707 2438 748 line&

290 752 320 778 L.
334 752 364 777 L.
385 753 410 783 6,
425 760 445 783 3.
482 752 588 786 Itemque
602 751 645 777 vbi
658 749 903 791 trlvfitionijiruit,
938 751 1024 785 Atque
1040 759 1089 784 ego
1103 749 1166 780 scio,
1200 747 1336 780 uuauuaspc-
1392 747 1442 773 esse
1455 746 1547 772 beatis.
1603 746 1641 772 Id.
1661 746 1740 781 Epist.
1761 754 1781 779 1,
1797 755 1824 778 2,
1837 755 1861 778 33
1882 747 1917 774 Vt
1930 753 1955 774 te
1970 748 2055 783 ipsuum
2068 748 2154 774 seruies
2168 756 2222 773 non
2235 747 2393 782 expergisce:
2412 772 2419 778 „

290 796 319 814 ra
332 786 394 813 haec
408 796 449 813 res
465 787 492 813 in
511 786 643 821 principio
657 787 746 813 sutura
759 786 789 812 sut
803 785 860 812 Sall.
874 786 922 812 Or.
944 795 964 819 1,
979 789 1003 811 6.
1051 787 1093 813 Sic
1105 784 1179 816 Quin
1210 792 1244 813 .1,
1259 791 1297 813 10,
1310 790 1336 814 9.
1393 782 1476 817 Atqui
1488 782 1515 808 Si
1527 781 1596 809 nolis
1611 783 1696 814 sanus,
1716 791 1789 808 cures
1800 781 1968 817 hydropicus.
2005 785 2088 811 Serui!
2108 785 2240 818 inprimis
2258 781 2385 816 Aſjumtim
2399 791 2422 812 1³¹:

289 821 366 856 Etfic
380 822 454 858 saepe
467 823 560 849 Cicero.
596 822 670 859 Conf.
691 822 765 858 Guph.
776 821 831 848 [nd.
847 823 945 848 Lucrct.
1121 818 1142 856 ⁴]
1165 826 1177 851 5
1208 819 1265 845 Vim
1274 817 1336 853 suae
1391 820 1485 845 minori
1492 817 1658 853 propofitioni
1670 821 1697 844 in
1704 817 1869 854 syllogismis.
1891 819 1946 845 Cic.
1963 819 2052 846 Parad.
2067 828 2090 851 3,
2105 828 2114 846 1
2133 818 2234 852 Quodsi
2249 818 2360 846 virtutes
2395 825 2431 851 „a

288 861 398 895 originis
414 867 442 884 ex
456 858 496 884 Ad
508 864 532 884 et
544 866 596 893 que
603 860 736 894 praecipue
743 857 840 894 struat,
860 866 913 883 cum
924 858 1029 892 ponitur
1037 861 1088 890 pro
1108 856 1179 890 Isque
1204 854 1246 880 vc!
1259 853 1337 880 Idem-
1347 859 1382 877 20
1392 862 1466 888 pares
1480 854 1550 880 inter
1563 854 1597 886 sc,
1616 854 1689 888 paria
1702 854 1781 880 etiam
1796 854 1844 880 esse
1858 854 1925 880 vitia
1935 856 2030 882 necesse
2043 855 2088 881 est.
2124 854 2207 889 Atqui
2228 863 2301 888 pares
2322 855 2369 882 esse
2394 865 2398 875 ν’
2429 841 2435 878 ,ι

248 901 251 906 ·
290 904 345 930 quc.
401 895 474 920 Caes.
495 893 558 920 Bell.
573 893 655 920 Ciuil.
671 903 690 926 ι,
707 903 737 927 50
758 894 834 919 'suun
852 892 923 926 quod
937 900 968 917 ex
987 891 1051 916 totis
1066 890 1132 924 ripis
1148 891 1176 916 in
1187 898 1281 921 vnum,
1300 895 1336 915 at·
1391 895 1469 922 tutes,
1489 889 1567 916 facile
1580 890 1663 923 potest
1676 889 1797 924 perspici.
1834 891 1885 915 Pro
1898 890 1993 916 Milon.
2007 900 2023 923 9
2037 900 2059 917 c.
2075 899 2093 923 4
2114 889 2195 924 Quod
2215 889 2232 915 si
2247 889 2397 922 duodecim?
2428 882 2441 936 ¹

288 939 340 965 que
354 930 489 964 angustum
510 930 599 956 locum
617 930 669 956 tela
696 929 869 956 iaciebantur.
903 930 921 952 i.
944 928 974 952 In
990 935 1080 957 vnum,
1109 935 1206 961 cumque
1224 926 1265 952 vsl
1282 935 1336 951 eun-
1391 925 1470 952 bulae
1490 939 1535 945 ——-
1553 925 1637 960 Atqui
1648 925 1666 951 si
1680 924 1825 960 tempuscst
1837 925 1920 951 vllium
1934 926 1993 952 iure
2006 926 2124 953 hominis
2137 925 2256 952 necandi.
2278 940 2323 945 —
2338 926 2393 953 Sic
2430 952 2431 957 ,

289 967 387 1001 demque
408 963 537 1001 angustum
556 967 640 992 locum.
705 966 799 998 Magna
822 963 873 988 diis
887 961 1085 989 immortalibus
1098 961 1218 988 habenda
1231 961 1267 987 est
1279 969 1336 995 gra·
1392 961 1490 988 Milon.
1504 969 1533 993 32
1547 970 1568 987 c.
1584 970 1612 987 12
1630 962 1712 996 Atqui
1728 961 1831 987 Milone
1847 960 1991 987 interseeio
2004 961 2114 988 Clodius
2127 961 2176 988 hoc
2190 960 2377 995 assequebatur.
2391 954 2395 960 ἵ
2437 956 2446 994 ’,

288 1002 336 1032 tia,
353 1008 432 1036 atque
444 1002 505 1028 huic
521 1001 567 1036 ipsi
589 1000 685 1027 Statori
707 1000 767 1026 Ioui
788 999 843 1024 Cic.
859 999 914 1024 Cat.
931 1006 938 1023 ι
958 1007 980 1023 c.
998 1005 1019 1030 5.
1062 997 1132 1024 Ter.
1146 997 1227 1024 Andr.
1249 1005 1270 1030 1,
1284 1005 1306 1029 5,
1320 998 1337 1022 6
1393 997 1426 1023 de
1441 997 1504 1024 Nat.
1519 997 1599 1023 Deor.
1614 1005 1640 1028 2,
1656 1002 1680 1027 18
1698 997 1780 1032 Atqui
1796 1003 1865 1023 certe
1878 996 1946 1023 nihil
1960 998 2082 1024 omnium
2099 1006 2190 1024 rerum
2207 997 2302 1023 melius
2315 997 2351 1023 est
2362 998 2396 1026 m'
2428 992 2446 1028 2⁸*

290 1038 418 1071 Propera:
438 1039 525 1072 Atque
539 1036 641 1063 audin':
659 1035 770 1061 verbum
784 1042 867 1059 vnum
881 1041 943 1059 caue
964 1032 996 1060 de
1017 1033 1125 1067 nuptiis.
1183 1034 1271 1068 Atque
1288 1032 1337 1058 hoc
1350 1037 1380 1062 25
1394 1033 1439 1059 do.
1477 1033 1570 1067 Atqui,
1584 1041 1634 1067 pro
1648 1034 1734 1059 Immo
1754 1033 1925 1065 Ter.Hec.u‚
1939 1041 1963 1065 2,
1977 1038 2004 1065 85
2023 1033 2107 1068 Atqui
2121 1042 2150 1059 ea
2170 1042 2210 1059 res
2223 1033 2309 1059 multo
2323 1042 2360 1059 m
2389 1044 2392 1067 j
2425 1027 2440 1064 ζ’

289 1073 429 1105 confiteor,
448 1074 506 1099 iure
519 1073 556 1099 mi
570 1071 690 1105 obtigisse
709 1070 747 1096 ld.
762 1068 828 1095 ibid.
837 1078 858 1101 3,
872 1076 895 1102 5,
910 1078 927 1095 1.
966 1069 1022 1095 Cic.
1037 1070 1090 1095 Att.
1104 1076 1126 1102 5.
1143 1077 1170 1095 12
1191 1068 1339 1103 Negotium
1396 1068 1523 1095 disiunxit
1536 1068 1613 1094 illum
1627 1068 1659 1095 ab
1671 1069 1730 1096 illa:
1748 1069 1896 1104 postquam,
1910 1076 1955 1094 etc.
1977 1068 2083 1102 Positum
2102 1071 2157 1095 vult
2176 1070 2271 1095 Donat.
2297 1070 2332 1095 Le
2349 1072 2359 1095 i
2370 1074 2372 1077 ’
2383 1080 2393 1101 ε,
2428 1076 2439 1091 ι’

288 1118 412 1143 magnum
428 1109 464 1134 est
477 1109 611 1142 nauigare,
631 1115 708 1141 atque
722 1104 750 1132 id
763 1105 853 1131 mense
867 1104 1011 1138 Quinclili.
1047 1106 1102 1131 Hoc
1107 1104 1182 1167 senbsu
1194 1103 1339 1132 adiunffum
1394 1105 1491 1139 Atque,
1510 1104 1574 1140 quod
1585 1104 1656 1131 habet
1669 1108 1741 1131 etiam
1757 1106 1837 1131 Bentl.
1869 1105 1967 1139 Atqui,
1992 1104 2100 1131 abundat
2114 1104 2192 1130 eodem
2211 1102 2310 1130 auclore
2348 1113 2364 1131 o

281 1144 333 1179 fibi
346 1144 503 1180 habere-som
511 1150 559 1179 prr
578 1145 666 1179 pleona
679 1142 741 1167 mum
762 1141 849 1173 adeo,
873 1150 898 1167 v.
915 1149 941 1178 g.
972 1141 1055 1167 Plaut.
1079 1141 1147 1175 Amp
1169 1161 1175 1166 .
1196 1150 1232 1174 4,
1253 1149 1287 1173 4,
1308 1148 1341 1172 34
1395 1141 1464 1167 Ter.
1479 1140 1554 1166 Adel.
1572 1148 1594 1173 5,
1608 1147 1630 1172 5,
1644 1142 1660 1166 6
1680 1140 1753 1166 Tibi
1766 1140 1857 1166 lubens
1871 1140 1938 1167 bene
1952 1141 2044 1167 faxim.
2065 1149 2087 1167 s.
2109 1140 2222 1175 gratiam
2240 1139 2334 1167 habeo.
2355 1147 2383 1168 D.
2426 1138 2439 1173 ,³

290 1182 418 1214 Pernego,
456 1179 562 1214 quaudo
596 1178 659 1205 The
680 1178 701 1203 is
730 1184 834 1211 praeter
863 1186 905 1203 me
935 1185 1015 1203 nemo
1054 1176 1090 1202 est
1128 1176 1194 1203 alter
1229 1174 1339 1210 Amphi·
1395 1177 1443 1211 qui
1457 1175 1519 1208 Syre
1533 1175 1583 1202 hoc
1596 1184 1689 1202 verum
1703 1176 1747 1202 est.
1790 1176 1837 1203 Sed
1843 1180 1931 1212 potius
1944 1183 2047 1211 occupat
2066 1175 2257 1207 dubitationem,
2277 1174 2345 1212 quafi
2367 1188 2374 1199 r
2396 1203 2397 1206 ,

291 1221 362 1242 truo.
417 1224 435 1241 1.
476 1213 563 1241 lm'mo
582 1221 685 1248 praeter
711 1222 754 1239 me
778 1221 871 1239 nemo:
910 1218 990 1247 atque
1009 1212 1076 1239 adeo
1096 1218 1124 1238 tu
1145 1211 1277 1247 Blepharo
1298 1212 1337 1237 iu·
1353 1208 1384 1232 30
1399 1213 1438 1238 Tu
1446 1211 1519 1247 forte
1533 1211 1634 1238 dubitas
1646 1221 1675 1237 ex
1681 1212 1810 1248 fieperiori
1822 1215 1879 1238 vita
1890 1222 1919 1238 oc
1931 1213 2040 1238 moribus
2052 1215 2127 1238 meis:
2147 1213 2230 1247 Atqui
2241 1221 2289 1238 non
2296 1211 2390 1246 stmulo?
2428 1234 2429 1237 ,

290 1251 340 1277 dcx
362 1251 416 1276 sies.
470 1250 554 1277 Addit
571 1251 613 1276 hic
632 1252 712 1275 maius
732 1248 830 1284 aliquid
841 1248 1021 1284 superioribux.
1076 1249 1118 1275 Sic
1147 1247 1228 1274 Plaut.
1261 1248 1339 1273 Cure.
1373 1271 1375 1275 .
1394 1247 1478 1283 Atqui
1487 1254 1536 1283 pro
1550 1249 1596 1278 At,
1613 1254 1637 1273 ct
1656 1248 1836 1278 Veruntamen,
1845 1246 1900 1282 fine
1913 1251 2041 1275 Attamen.
2077 1248 2135 1274 Cic.
2150 1247 2232 1273 Tusc.
2244 1255 2272 1280 5,
2291 1254 2322 1282 57
2340 1247 2392 1274 Di·

290 1295 306 1313 2
318 1306 326 1318 ,
358 1295 370 1318 3
382 1307 390 1318 ,
421 1293 453 1319 54
488 1284 633 1321 Respondit
665 1284 735 1311 mihi
756 1284 844 1319 paucis
871 1284 970 1315 verbis,
1012 1290 1091 1318 atque
1119 1282 1187 1310 adeo
1213 1282 1337 1309 fideliter.
1394 1283 1444 1310 sius
1457 1292 1509 1318 qua
1522 1282 1720 1318 pulchritudine
1731 1283 1842 1316 vrbem,
1862 1283 1960 1318 quibus
1972 1290 2059 1311 autem
2078 1283 2174 1318 opibus
2192 1283 2346 1317 praeditam,
2359 1283 2394 1310 s*-

290 1323 345 1348 Cic.
368 1330 417 1356 pro
446 1322 520 1347 Rosc.
551 1322 639 1347 Amer.
663 1329 697 1353 29
736 1330 757 1347 c.
775 1329 803 1346 10
849 1320 907 1346 Hoc
932 1319 1058 1350 consilio,
1092 1326 1172 1354 atque
1200 1318 1266 1345 adeo
1291 1318 1339 1345 hac
1394 1325 1450 1346 tute
1463 1320 1607 1354 oppressam
1621 1319 1708 1345 tenuit
1721 1319 1874 1346 ciuitatem?
1911 1320 1993 1354 Atqui
2007 1319 2039 1346 de
2054 1319 2104 1346 hoc
2118 1315 2399 1346 homineabonisau
2421 1348 2423 1350 .

289 1358 402 1384 amentia
415 1356 529 1392 impulsi.
583 1356 657 1392 Conf.
676 1355 714 1383 ld.
729 1365 778 1391 pro
795 1355 902 1382 Cluent.
921 1365 942 1381 c.
957 1364 997 1388 29.
1029 1364 1082 1390 pro
1099 1355 1184 1381 Plane.
1198 1365 1219 1381 c.
1234 1363 1270 1388 19.
1309 1354 1339 1381 in
1393 1355 1469 1382 ribus
1483 1355 1515 1382 sic
1530 1355 1654 1390 scriptum
1668 1356 1824 1390 accepimus,
1843 1356 1971 1382 summani
1984 1356 2059 1382 fuisse
2079 1355 2136 1381 eius
2157 1355 2186 1381 in
2202 1354 2276 1382 vieiu
2295 1360 2399 1390 tempa„
2412 1367 2427 1375 =¹

289 1394 347 1420 Cat.
365 1402 372 1419 1
387 1402 408 1419 c.
425 1401 448 1418 2.
483 1392 516 1419 ad
530 1393 583 1418 Att.
598 1401 617 1424 ι,
635 1401 672 1425 14.
726 1393 782 1418 Cic.
795 1393 849 1418 Att.
867 1399 905 1426 17,
919 1400 952 1418 22.
973 1392 1042 1417 Cum
1055 1391 1201 1418 Philotimo
1214 1390 1338 1425 loquere:
1353 1389 1381 1414 35
1393 1391 1468 1418 tiam.
1519 1390 1652 1418 Adiuuuari
1675 1394 1739 1427 (qui
1750 1391 2024 1427 cicutamficmjerunt)
2048 1390 2146 1418 debent
2165 1391 2192 1416 in
2209 1390 2295 1417 initiis
2313 1391 2404 1418 vino'.¹

289 1435 369 1464 atque
389 1428 455 1455 adeo
475 1428 636 1455 Terentiam
655 1427 766 1455 habebis
785 1427 884 1454 Idibus.
941 1426 980 1453 Id.
994 1428 1071 1454 Verr.
1091 1429 1169 1459 3,116
1187 1427 1261 1459 Quid
1272 1435 1339 1453 vero
1395 1427 1478 1462 Atqui
1489 1427 1605 1454 maxime
1619 1426 1723 1461 prodest
1744 1427 1784 1453 lac
1809 1427 1927 1454 Scribon.
1949 1435 2005 1462 179.
2059 1426 2140 1456 Rhod.
2154 1428 2262 1462 explicat
2272 1433 2319 1462 per
2331 1428 2370 1455 Ae
2392 1439 2398 1457 ε,

291 1464 354 1491 istae
368 1463 419 1490 sibi
430 1464 676 1499 quinquagesimae?
712 1463 776 1499 quid
789 1472 871 1498 porro
891 1471 1036 1489 munorum
1055 1462 1205 1489 accessiones
1226 1462 1339 1489 volunt?
1394 1466 1477 1495 etiam,
1499 1463 1561 1489 Lex.
1575 1462 1695 1489 Scribon.
2391 1477 2399 1491 -a
2434 1464 2437 1489 l

290 1508 345 1536 quo
359 1499 388 1526 id
401 1500 468 1532 iure,
488 1507 567 1534 atque
581 1499 647 1525 adeo
662 1508 715 1533 quo
724 1499 752 1525 id
759 1499 847 1534 petius
860 1507 907 1525 ore
919 1498 1020 1525 fecisti?
1056 1498 1095 1525 Id.
1109 1498 1174 1524 ibid.
1189 1507 1221 1530 2,
1237 1503 1268 1531 89
1288 1499 1339 1524 Ita·
1430 1506 1483 1526 AT
1520 1506 1540 1525 v
1551 1506 1604 1530 IN,
1628 1506 1678 1534 pro
1702 1498 1794 1533 Atqui.
1847 1498 1929 1525 Plaut.
1950 1497 2018 1525 Rud.
2036 1507 2067 1530 3,
2081 1507 2109 1531 4,
2124 1505 2150 1531 55
2171 1497 2272 1532 Atquin
2284 1497 2347 1533 quia
2356 1498 2399 1526 v'
2434 1495 2435 1498 ¹

290 1545 343 1570 que
358 1535 403 1561 iste
417 1535 588 1561 vehementer
607 1534 717 1560 Sthenio
736 1535 868 1565 infensus,
888 1533 1034 1568 hospitium
1047 1534 1072 1560 ei
1086 1534 1237 1565 renunciat,
1257 1533 1339 1560 domo
1394 1535 1496 1569 Atquin
1528 1543 1592 1561 omo
1606 1534 1704 1569 impius
1711 1535 1835 1561 misertus
1848 1534 1883 1560 cst
1896 1535 1951 1560 illis
1970 1533 2042 1561 La&
2057 1533 2088 1560 dc
2101 1534 2184 1560 Mort.
2198 1534 2265 1560 Pers.
2286 1543 2308 1561 c.
2320 1541 2359 1567 23.
2385 1555 2388 1558 .

291 1572 349 1598 eius
363 1571 492 1605 emigrat,
511 1577 589 1605 atque
602 1570 668 1596 adeo
689 1570 758 1596 exit:
787 1579 848 1596 nam
861 1570 914 1596 iam
935 1576 994 1596 ante
1008 1570 1142 1604 migrarat.
1201 1569 1274 1596 Idem
1288 1576 1379 1604 pr040
1392 1571 1459 1606 quin
1470 1579 1564 1598 verum
1577 1569 1623 1603 est,
1635 1577 1757 1605 praetura
1770 1579 1830 1596 euni
1845 1570 1968 1597 funCtuun
1982 1570 1999 1596 l.
2014 1579 2027 1602 3
2042 1569 2068 1597 ff.
2087 1569 2119 1596 de
2135 1568 2187 1597 Off.
2201 1570 2285 1596 Pract.

291 1607 367 1633 Rosc.
381 1607 471 1632 Anuer.
487 1615 533 1632 100
546 1616 567 1632 c.
584 1614 610 1637 33
638 1607 712 1639 Quae
727 1605 744 1631 si
764 1605 909 1640 prodierit,
929 1612 1007 1640 atquc
1020 1606 1086 1632 adeo
1100 1615 1184 1641 quum
1197 1605 1338 1640 prodierit,
2391 1620 2405 1639 1¹
2431 1599 2435 1634 l

292 1642 363 1674 (scio
378 1643 448 1668 enim
462 1641 631 1676 proditurum
647 1641 712 1673 esl'c)
728 1641 825 1668 audiet.
873 1642 940 1667 Ter.
960 1642 1025 1668 Eun.
1045 1650 1067 1674 5,
1082 1650 1105 1675 5,
1121 1650 1150 1668 22
1171 1642 1258 1676 Atque
1266 1641 1337 1668 adeo
1763 1645 1791 1675 A
1897 1644 1932 1674 Τ
2035 1643 2065 1675 R
2382 1648 2384 1650 ’
2432 1637 2435 1655 ⁷

292 1684 382 1704 autem
401 1687 448 1703 cur
461 1686 515 1703 uon
531 1682 635 1710 egomet
651 1677 774 1703 introeo}
809 1677 875 1703 Plin.
890 1678 950 1703 Pan.
964 1684 998 1711 27
1018 1678 1106 1712 Atque
1119 1677 1185 1704 adeo
1204 1676 1273 1703 nihil
1286 1677 1337 1703 lar·
2371 1678 2373 1682 ⁴
2410 1669 2426 1707 i

291 1714 378 1748 giatur
393 1713 521 1747 princeps,
541 1712 604 1737 dum
618 1711 687 1737 nihil
700 1712 816 1738 auferat:
835 1721 890 1738 non
903 1714 963 1744 alat,
980 1713 1044 1738 dum
1062 1722 1117 1738 non
1135 1712 1245 1738 occidat.
1273 1721 1296 1748 q.
1312 1711 1336 1738 d.
1428 1719 1452 1739 A
1460 1719 1482 1739 Τ
1491 1719 1510 1738 R
1518 1719 1540 1739 A
1549 1719 1578 1739 Μ
1588 1720 1605 1740 Ε
1613 1720 1636 1739 N
1644 1720 1665 1740 T
1673 1721 1695 1740 V
1705 1720 1729 1739 M
1737 1733 1745 1744 ‚
1769 1721 1791 1740 A
1801 1720 1848 1740 ΤΚ
1857 1720 1877 1740 Α
1887 1720 1908 1740 Τ
1918 1720 1939 1740 V
1949 1720 1972 1744 S,
1989 1711 2043 1739 vid.
2064 1719 2140 1740 ATE
2148 1720 2179 1740 R.

290 1751 358 1784 Quin
372 1749 417 1775 hoc
430 1748 502 1774 addo.
544 1748 600 1773 Cic.
613 1748 690 1774 Verr.
709 1755 735 1779 2,
749 1756 762 1772 2
785 1748 872 1781 Atque
885 1747 952 1773 adeo
965 1754 1104 1782 antequam
1118 1747 1150 1774 dc
1163 1747 1339 1774 incommodis
1349 1749 1383 1775 45
1428 1754 1452 1774 A
1460 1755 1481 1774 T
1489 1755 1509 1774 R
1517 1755 1538 1774 A
1546 1755 1562 1774 P
1570 1755 1591 1774 H
1599 1755 1621 1775 A
1631 1756 1699 1775 X1s.
1721 1749 1811 1775 Herba.
1837 1748 1891 1775 vid.
1912 1756 1934 1775 A
1943 1756 1964 1775 T
1974 1755 1993 1775 R
2002 1756 2011 1775 1
2020 1755 2036 1775 P
2044 1756 2062 1775 L
2070 1755 2087 1775 Ε
2096 1756 2124 1775 Χ.
2380 1755 2386 1763 ⁴
2394 1732 2428 1765 5

289 1784 391 1811 Siciliae
410 1783 479 1815 dico,
500 1791 579 1817 pauca
593 1782 661 1808 mihi
676 1782 801 1809 videntur
813 1782 861 1808 esse
877 1782 908 1807 de
927 1783 1082 1816 prouinciae
1101 1783 1245 1817 dignitate,
1265 1790 1339 1810 vctuu-
1429 1790 1482 1810 AT
1492 1790 1566 1810 RAc
1577 1791 1616 1810 1v
1627 1791 1648 1810 S.
1677 1783 1737 1810 Adi.
1764 1783 1930 1818 [Ἃτροέκιας]
1957 1785 2042 1810 Poetis
2053 1791 2103 1819 pro
2119 1782 2233 1818 Thegffizlo
2241 1786 2358 1820 ponitur,
2382 1775 2401 1815 ,⁹
2416 1811 2417 1814 ,

290 1820 361 1849 state,
381 1819 496 1845 Vtilitate
508 1818 625 1845 dicenda.
801 1815 821 1855 q
847 1819 864 1844 6
890 1817 1016 1843 ConnubIa
1031 1819 1137 1844 aliarum
1144 1820 1336 1853 particularum.
1395 1826 1417 1846 A
1427 1826 1448 1845 T
1457 1825 1476 1845 R
1484 1826 1506 1845 A
1516 1827 1534 1846 x
1555 1819 1574 1846 s.
1595 1826 1617 1845 A
1626 1826 1647 1846 T
1656 1826 1675 1846 R
1683 1827 1705 1846 A
1714 1826 1731 1846 c
1740 1827 1749 1845 1
1758 1827 1780 1846 A
1798 1822 1890 1845 ciuitas
1903 1821 1972 1845 iltius
1985 1817 2017 1852 qs?
2036 1820 2103 1845 Plin.
2113 1828 2142 1852 4,
2155 1825 2169 1850 8
2181 1820 2241 1853 1:13.
2278 1820 2346 1846 Hinc
2364 1812 2434 1846 Astu·

289 1856 359 1882 Ter.
374 1854 454 1881 Andr.
470 1864 498 1887 4,
513 1863 539 1886 2,
555 1863 583 1881 10
604 1855 690 1888 Atque
703 1852 813 1888 aedepol
827 1862 855 1880 ea
870 1861 911 1879 res
925 1852 974 1879 est:
996 1858 1187 1887 proptereaque
1205 1863 1275 1879 nunc
1288 1854 1339 1880 mi-
1396 1855 1452 1880 ciae
1466 1863 1528 1881 orae
1541 1855 1660 1889 Propert.
1676 1864 1696 1887 1,
1710 1860 1732 1885 8,
1745 1862 1783 1887 25.
1828 1855 1877 1881 Ars
1890 1855 2013 1886 Atracia,
2032 1855 2144 1888 Magica.
2174 1856 2236 1882 Stat.
2249 1854 2340 1882 Theb.
2357 1863 2376 1881 1.
2389 1860 2428 1880 mo

290 1891 345 1918 sera
358 1891 385 1917 in
399 1899 522 1917 moerore
535 1890 580 1916 est.
634 1889 672 1916 Id.
693 1889 758 1915 Eun.
780 1898 803 1922 3,
823 1897 846 1921 2,
861 1897 874 1914 2
894 1888 994 1915 Audire
1009 1897 1101 1915 vocem
1116 1889 1172 1914 visa
1186 1889 1243 1914 sum
1255 1888 1338 1914 modo
1395 1889 1490 1922 Qualis
1504 1898 1550 1923 per
1564 1890 1657 1916 nubila
1669 1890 1785 1916 Phoebes
1799 1890 1904 1916 Atracia
1916 1889 1995 1916 rubet
2007 1896 2063 1916 arte
2076 1889 2154 1916 labor
2163 1910 2172 1922 ,
2192 1893 2210 1916 i.
2228 1890 2324 1927 ecIiins
2342 1892 2426 1927 magio

289 1927 393 1953 militis.
431 1927 518 1961 Atque
529 1935 628 1952 eccum.
666 1925 704 1951 Id.
719 1924 783 1951 ibid.
799 1933 822 1958 5,
838 1932 859 1957 5,
875 1933 898 1957 ι3
923 1924 1069 1959 Colligauit
1084 1924 1199 1958 primum
1214 1933 1276 1950 eum
1288 1924 1338 1950 mi-
1349 1933 1381 1958 30
1395 1927 1504 1950 carmine
1517 1923 1616 1957 qffefia.
1654 1926 1792 1951 Venenum
1812 1926 1899 1951 Valer.
1913 1927 2012 1959 Argon.
2021 1927 2046 1956 6,
2059 1933 2124 1960 447.
2143 1926 2182 1952 Id.
2190 1925 2226 1953 ib.
2235 1935 2256 1959 ι,
2269 1934 2312 1960 141
2330 1925 2424 1952 Ati-aei.

290 1963 353 1988 seris
366 1961 462 1988 modis.
482 1969 506 1987 Ρ.
531 1962 612 1992 Hem,
631 1961 785 1994 colligauit3
821 1968 846 1987 P.
865 1961 899 1986 At
920 1969 953 1986 ue
966 1960 1090 1995 equidem
1104 1966 1206 1992 orante,
1226 1966 1256 1986 vt
1270 1968 1303 1985 ne
1311 1958 1339 1986 id
1395 1959 1547 1986 subitaede
1560 1959 1665 1994 virgine
1679 1969 1788 1994 pugnae.
1824 1961 1911 1987 Eadem
1926 1960 1959 1993 est
2274 1966 2284 1969 ”
2438 1987 2440 1992 ,

291 1998 399 2029 faceret,
419 1996 537 2023 Thaide.
574 1998 616 2022 Ita
628 1996 703 2023 MSS.
725 2002 748 2022 et
760 1995 830 2021 editi.
866 1996 894 2022 Se
925 2005 978 2021 cmn
993 1996 1116 2030 equidem
1129 2006 1178 2022 non
1191 1995 1237 2030 nzyi
1262 1998 1339 2023 rimae
1430 2002 1510 2022 ATR
1520 1993 1542 2022 A
1551 2002 1568 2022 c
1577 2004 1585 2022 1
1595 2003 1617 2022 s.
1652 1996 1734 2022 Ouid.
1748 1997 1840 2022 Amor.
1856 2004 1876 2028 i,
1890 2005 1917 2029 4,
1933 2001 1946 2025 8
1962 1995 2063 2022 Atracis
2075 1994 2211 2031 ambiguos
2230 1995 2310 2024 traxit
2320 1995 2350 2022 in
2361 2003 2423 2022 arm.

284 2033 406 2069 personae
419 2034 558 2063 conueniat,
572 2031 682 2057 emendat
698 2031 779 2056 Bentl.
801 2031 831 2056 Et
846 2029 964 2064 quidem.
1000 2030 1096 2068 Quidst,
1114 2032 1201 2065 Atque
1221 2003 1339 2057 icforan-
1392 2031 1476 2062 viros,
1490 2031 1522 2057 de
1536 2032 1587 2067 Hip
1606 2031 1688 2058 odanue
1712 2030 1842 2065 Thqfflda,
1863 2040 1924 2068 quae
1933 2038 2030 2068 pugnae
2043 2031 2204 2066 Lapitharum
2217 2039 2242 2059 et
2260 2032 2422 2058 Cautaurorur.

291 2075 325 2095 te.
380 2068 450 2094 Ter.
470 2067 545 2094 Adel.
567 2075 593 2099 2,
606 2075 632 2098 2,
648 2075 656 2092 1
673 2066 758 2097 Tace,
779 2071 883 2100 egomet
896 2073 1053 2091 conueniant
1065 2065 1118 2091 iam
1131 2066 1225 2099 ipsum,
1244 2066 1339 2098 cupide
1394 2066 1538 2099 occasionem
1551 2067 1580 2093 dc
1598 2071 1628 2093 it.
2223 2092 2229 2093 .

291 2103 401 2138 accipiat
415 2103 488 2136 faxo,
507 2108 585 2137 atque
600 2102 681 2128 etiam
694 2101 761 2128 bene
776 2100 843 2127 dicat
857 2102 943 2127 secum
957 2101 1005 2126 esl'e
1018 2100 1115 2127 actum.
1153 2100 1208 2126 Cic.
1228 2099 1260 2126 de
1273 2101 1337 2127 Nat.
1351 2107 1380 2132 55
1430 2107 1481 2126 AT
1490 2108 1566 2127 RAC
1575 2100 1587 2128 ῐ
1596 2108 1615 2127 D
1624 2109 1640 2128 E
1649 2109 1671 2128 s.
1707 2101 1789 2129 Ouid.
1801 2103 1867 2130 Met.
1880 2110 1918 2134 12,
1932 2110 1994 2134 209.
2029 2101 2135 2128 Caeneus
2148 2110 2176 2127 ex
2189 2099 2294 2127 Camfde
2301 2098 2386 2134 puella
2416 2114 2424 2124 ‹.

291 2140 373 2166 Deor.
392 2148 422 2171 2,
441 2147 468 2171 33
499 2139 587 2174 Atque
601 2138 680 2164 etiam
694 2137 711 2163 si
728 2146 741 2163 a
761 2137 863 2172 primis,
883 2136 1062 2171 inchoatisque
1075 2135 1175 2162 naturis
1188 2135 1221 2162 ad
1233 2135 1339 2161 vltimas
1394 2132 1452 2161 &as
1465 2137 1516 2165 vir,
1541 2135 1670 2168 Thiffalus
1683 2143 1707 2161 et
1721 2137 1782 2172 ipse.
1836 2138 1991 2172 Qamquum
2011 2144 2035 2163 et
2048 2137 2106 2163 huic
2117 2142 2140 2163 ee
2164 2134 2332 2170 Hippodamas
2340 2140 2371 2170 p
2384 2147 2395 2162 1,
2410 2133 2429 2141 ”

291 2174 605 2210 ρει-Εεὲἲᾶςςυενοῐυπιυς
619 2173 769 2208 procedere.
803 2172 870 2200 Adii.
885 2171 937 2199 Off.
953 2181 961 2198 1
977 2174 1038 2198 c.26
1064 2178 1087 2198 et
1106 2180 1147 2204 30.
1161 2180 1174 2197 2
1186 2180 1209 2198 c.
1224 2179 1254 2204 14
1269 2178 1293 2197 et
1301 2178 1338 2205 17.
1392 2171 1434 2197 vel
1445 2179 1518 2196 auum
1531 2170 1656 2206 afflgnant
1673 2171 1805 2202 Atracem,
1823 2181 1843 2197 a
1854 2180 1900 2206 quo
1906 2173 2008 2206 Joilicet
2019 2175 2090 2207 origo
2109 2171 2290 2207 appellationis.
2379 2172 2396 2187 ’-
2407 2170 2428 2189 ”ἷ

291 2211 361 2244 Nep.
378 2215 413 2242 ιε,
427 2216 449 2241 8,
464 2217 490 2244 7.
527 2210 587 2235 Liu.
600 2218 648 2243 44,
662 2217 694 2234 22.
716 2216 738 2234 ec
752 2213 792 2238 28.
827 2209 915 2242 Atque
927 2208 973 2240 ita,
987 2215 1036 2243 pro
1049 2208 1132 2243 Atque
1144 2216 1172 2233 ea
1189 2207 1339 2238 cmzdtrz’om,
1430 2213 1452 2232 A
1462 2212 1483 2232 T
1493 2212 1536 2232 RE
1549 2212 1565 2231 r
1578 2212 1594 2231 1.
1605 2212 1621 2232 E
1630 2213 1649 2232 x
1658 2211 1679 2231 v
1688 2212 1727 2238 M,
1752 2206 1806 2232 vid.
1826 2212 1877 2232 AT
1886 2212 1905 2231 R
1914 2213 1923 2232 1
1932 2213 1948 2231 1>
1957 2212 2052 2232 lexv
2061 2213 2096 2232 M.

291 2247 331 2273 vel
344 2255 369 2272 eo
383 2249 480 2272 nomine
500 2245 583 2271 Plaut.
598 2244 672 2278 Epid.
686 2253 709 2276 3,
723 2253 746 2276 2,
761 2252 802 2277 34.
859 2243 944 2270 Paullo
954 2244 1029 2269 alne,-
1062 2244 1131 2269 Ter.
1148 2243 1213 2268 Eun.
1227 2251 1255 2275 4,
1268 2245 1294 2274 6,
1306 2250 1338 2274 19
1430 2248 1480 2268 AT
1490 2248 1593 2268 REVS.
1615 2241 1715 2274 Diffyll.
1737 2240 1875 2275 [Ἀτρεύς]
1901 2240 1984 2267 Filius
1998 2240 2101 2275 Pelopis
2122 2246 2148 2266 et
2160 2239 2373 2275 Hippodamiae,

291 2283 346 2317 Ego
359 2280 566 2308 formidolosus?
592 2288 671 2306 nemo
683 2280 720 2305 est
740 2279 879 2305 hominum
893 2279 939 2313 qui
953 2279 1043 2311 viuat,
1065 2278 1162 2304 minus.
1198 2285 1229 2304 T.
1253 2278 1340 2312 Atque
1355 2275 1390 2299 60
1396 2277 1579 2309 Mycenarum,
1603 2277 1686 2303 frater
1698 2276 1836 2309 Thyestis,
1852 2276 1901 2311 qui
1914 2285 1997 2311 quum
2004 2276 2157 2303 dissensione
2172 2276 2289 2302 inuuicem
2303 2275 2351 2301 sibi
2363 2284 2381 2301 n

290 2318 327 2344 ita
341 2325 407 2351 opus
421 2316 465 2343 est.
508 2316 591 2342 Plaut.
611 2315 699 2341 Aulul.
714 2315 783 2341 Prol.
800 2319 824 2344 18
844 2315 930 2348 Atque
944 2313 991 2340 ille
1003 2323 1069 2340 vero
1081 2314 1180 2346 minus,
1200 2313 1341 2348 minusque
1395 2321 1424 2339 re
1435 2321 1490 2338 non
1501 2312 1609 2346 possent,
1627 2313 1656 2339 in
1669 2312 1814 2339 simulatam
1827 2312 1940 2347 gratiam
1953 2311 2104 2339 redierunt:
2128 2320 2181 2347 qua
2200 2311 2334 2338 occasione
2347 2311 2379 2338 T

296 2353 431 2388 impendio
445 2361 546 2385 curare,
565 2352 704 2386 minusque
716 2359 759 2377 me
771 2350 905 2385 impartiri
918 2349 1075 2376 honoribus.
1195 2346 1216 2385 ‘J
1235 2357 1252 2382 7
1272 2348 1339 2375 Cam·
1395 2347 1444 2374 stes
1457 2357 1517 2374 cum
1529 2348 1621 2375 fratris
1633 2357 1717 2374 vxore
1733 2347 1886 2375 concubuit.
1939 2348 2034 2375 Atreus
2050 2357 2116 2375 vero
2129 2348 2156 2374 ei
2175 2347 2262 2374 filium
2279 2347 2384 2382 epulan

286 2388 464 2426 pannonibus
475 2388 560 2424 seruit
576 2390 647 2414 varie
661 2398 667 2412 .-
731 2386 813 2412 Plaut.
833 2386 914 2412 Merc.
930 2394 953 2419 5,
967 2394 999 2417 2,
1021 2387 1052 2418 56
1070 2384 1188 2411 Amicior
1200 2383 1270 2410 mihi
1284 2383 1341 2410 mil-
1395 2384 1527 2419 apposuit.
1563 2385 1638 2418 Qiae
1650 2383 1694 2411 Sol
1707 2383 1883 2416 abominatus,
1896 2392 1929 2409 ne
1942 2382 2115 2419 pollueretur,
2128 2383 2242 2418 aufugit.
2281 2382 2330 2409 Sed
2343 2388 2391 2409 ve

293 2425 334 2451 lus
346 2424 424 2456 viuit,
443 2431 522 2458 atque
536 2424 557 2450 is
571 2423 615 2450 est.
635 2423 661 2449 h.
682 2432 701 2450 e.
722 2423 802 2458 Quam
820 2424 844 2448 is
858 2419 899 2455 eft.
955 2421 1059 2448 Aretius
1077 2426 1156 2455 atque
1170 2419 1283 2446 hederae
1296 2419 1340 2446 acl-
1395 2418 1460 2446 haec
1473 2419 1523 2446 est:
1547 2421 1659 2446 Atreum
1672 2419 1741 2455 apud
1758 2421 1881 2452 Mycenas
1893 2420 2009 2454 primum
2024 2419 2092 2446 Solis
2105 2419 2213 2454 eclipsin
2225 2418 2368 2445 inuenisse:
2386 2429 2388 2431 ¹

295 2460 430 2494 stringitur
447 2461 514 2486 Hor.
529 2459 611 2494 Epod.
627 2466 662 2491 15,
676 2467 699 2491 5.
753 2457 812 2484 Alia
831 2463 910 2492 atque
928 2463 1004 2484 antea
1023 2457 1119 2483 sentire
1140 2456 1209 2490 Nep.
1222 2464 1263 2488 23,
1275 2464 1301 2488 2,
1315 2464 1340 2482 2.
1353 2461 1384 2493 65·
1396 2455 1518 2481 inuidens
1539 2455 1623 2482 frater
1636 2464 1667 2482 ex
1683 2455 1748 2482 vrbe
1756 2455 1863 2482 discessit
1878 2461 2008 2490 tempore,
2028 2464 2083 2490 quo
2094 2455 2151 2482 eius
2164 2454 2273 2489 probata
2285 2454 2345 2480 sunt

292 2495 361 2522 Ter.
376 2495 457 2522 Andr.
472 2504 494 2528 3,
509 2504 531 2529 3,
547 2504 571 2528 13
593 2494 683 2521 Alium
698 2494 784 2521 censes
797 2502 868 2520 nunc
880 2502 932 2525 me,
950 2500 1028 2528 atque
1046 2493 1113 2519 olim
1131 2501 1214 2527 quum
1227 2491 1339 2518 dabam?
1396 2492 1465 2518 Haec
1473 2491 1579 2518 Seruius
1591 2491 1626 2518 ad
1640 2493 1704 2517 Aen.
1718 2499 1737 2522 1,
1751 2498 1807 2525 572.
1830 2491 1971 2527 Tragoedia
1990 2491 2101 2518 Senecae
2111 2511 2119 2523 ,
2141 2489 2288 2523 Thyestes,
2299 2488 2346 2515 hoc
2363 2489 2402 2516 ar
2422 2481 2426 2498 ¹

295 2531 349 2558 Cio.
362 2531 395 2558 de
409 2531 500 2566 Legib.
515 2540 540 2563 2,
555 2539 584 2566 17
609 2529 697 2564 Quid,
717 2530 747 2557 in
767 2529 824 2556 aliis
837 2529 933 2561 rebus,
955 2529 1066 2564 aliisque
1077 2527 1213 2555 sententiis
1226 2527 1338 2554 versaris
1394 2533 1500 2553 mentum
1513 2527 1594 2554 habet.
1630 2527 1758 2554 Nefarius
1770 2527 1865 2553 Atreus
1885 2528 1952 2554 Hor.
1967 2526 2067 2553 inArte
2080 2527 2152 2552 Poet.
2168 2527 2220 2555 186.
2256 2525 2346 2557 Ferus,
2358 2525 2413 2562 Ac

292 2573 372 2601 atque
386 2566 447 2593 iliez
482 2566 520 2593 Id.
534 2567 609 2593 Verr.
626 2575 646 2598 1,
662 2574 703 2599 119
722 2567 796 2600 c.,46
819 2565 900 2599 Quod
920 2565 967 2592 iste
981 2565 1059 2591 aliter
1072 2570 1152 2599 atque
1168 2571 1197 2590 vt
1212 2563 1340 2595 edixerat,
1395 2563 1578 2590 Truculentus
1598 2563 1656 2589 Sen.
1669 2562 1781 2595 Thyest.
1793 2570 1852 2598 547.
1897 2562 1986 2599 Aecus.
2000 2563 2081 2589 Atrea
2091 2561 2130 2588 Id.
2145 2560 2212 2588 ibid.
2227 2561 2287 2594 486.
2349 2560 2410 2586 Voc

293 2602 454 2629 decreuisset.
503 2601 573 2628 Ter.
588 2600 662 2628 Adel.
679 2611 708 2636 4,
729 2610 752 2633 3,
768 2603 786 2627 6
807 2601 952 2636 Nunquam
966 2607 991 2628 te
1005 2600 1082 2627 aliter
1094 2606 1173 2635 atque
1186 2608 1223 2631 ες,
1244 2600 1272 2625 in
1285 2599 1339 2625 ani·
1394 2600 1476 2626 Atreu
1493 2598 1532 2625 Id.
1552 2598 1619 2625 ibid.
1633 2606 1681 2632 513.
2406 2603 2410 2607 “

293 2647 367 2665 mum
381 2636 474 2664 induxi
488 2645 587 2663 meum.
641 2637 697 2663 Cic.
711 2637 795 2664 Tusc.
812 2645 835 2670 3,
848 2644 879 2672 73
899 2646 921 2664 c.
935 2646 966 2669 3ο
986 2637 1043 2671 Qui
1055 2637 1115 2663 suos
1128 2636 1199 2663 casus
1212 2635 1289 2662 aliter
1303 2635 1341 2661 fe-
1352 2643 1388 2672 70
1431 2642 1454 2662 A
1464 2642 1485 2661 T
1494 2641 1514 2661 R
1525 2636 1570 2661 liv
1580 2641 1602 2661 s.
1620 2634 1679 2661 Adi.
1698 2631 1841 2669 [“Ατρειος]
1861 2633 1923 2660 Stat.
1936 2632 2031 2660 Theb.
2045 2638 2070 2666 8,
2083 2640 2134 2668 743
2157 2633 2170 2658 Ι
2190 2639 2303 2667 precor,
2321 2630 2345 2656 A
2376 2627 2406 2651 ·-’“

276 2674 277 2677 ’
293 2675 365 2705 runt,
386 2679 465 2707 atque
478 2678 506 2698 vt
519 2672 640 2699 auctores
653 2672 710 2698 aliis
723 2672 770 2707 ipsi
782 2673 899 2700 fuerunt.
941 2673 1010 2700 Ter.
1026 2671 1108 2699 Andr.
1122 2681 1151 2706 4,
1165 2680 1191 2704 2,
1208 2679 1236 2704 19
1256 2671 1340 2698 Miser
1393 2670 1460 2707 quid
1472 2669 1525 2697 tibi
1540 2670 1672 2705 sanguinis
1684 2678 1811 2705 vnquam,
1847 2668 2045 2704 Hippomedon.
2380 2675 2382 2677 ’

293 2718 377 2744 aeque
392 2716 471 2743 atque
485 2717 543 2742 ego.
600 2708 654 2734 Cic.
668 2707 700 2733 de
714 2708 777 2735 Nat.
799 2708 879 2734 Deor.
903 2716 925 2740 3,
942 2716 976 2741 45
996 2709 1029 2735 At
1049 2708 1077 2734 hi
1092 2707 1201 2743 quidem
1214 2707 1340 2734 coluntur
1431 2713 1511 2733 ATR
1521 2707 1621 2737 iDES,
1638 2714 1676 2732 ae.
1696 2705 1766 2732 Plur.
1788 2711 1987 2738 ATRIDAE,
2007 2709 2093 2731 arum.
2112 2702 2216 2739 [Ἀτρεί
2242 2702 2272 2737 ς]
2291 2699 2368 2730 Ares*

292 2753 376 2780 aeque
389 2750 467 2779 atque
480 2743 532 2770 illi.
586 2742 624 2770 Id.
640 2743 668 2769 in
686 2743 764 2770 Catil.
781 2751 811 2775 3,
829 2751 864 2770 20
884 2744 1021 2779 Aruspices
1033 2735 1160 2771 iusserunt
1171 2742 1342 2769 simulacrum
1395 2743 1566 2779 Agamemnon
1579 2749 1602 2768 et
1614 2742 1749 2770 Menelaus.
1791 2741 1867 2776 Virg.
1880 2741 1945 2767 Aen.
1959 2749 1980 2774 1,
1995 2742 2046 2774 462
2071 2739 2186 2771 Atridas,
2201 2738 2346 2766 Priamum
2369 2743 2384 2766 <f
2392 2754 2418 2779 >L

293 2781 366 2808 Iouis
380 2780 467 2807 facere
481 2779 574 2811 maius,
588 2785 613 2806 ct
626 2779 654 2806 in
667 2779 798 2806 excelsum
810 2779 950 2811 collocare,
971 2786 996 2806 et
1008 2786 1100 2806 eontra
1119 2784 1198 2815 atque
1211 2783 1270 2805 ante
1283 2778 1340 2804 fue-
1394 2778 1503 2805 saeuum
1515 2777 1642 2805 ambobus
1656 2776 1796 2805 Achillem.
1832 2777 1942 2804 Atridae
1955 2776 2056 2812 gemini
2075 2775 2114 2802 Id.
2129 2774 2240 2815 ibid-2,
2257 2781 2312 2808 415.
2384 2777 2390 2793 s
2398 2787 2419 2816 -d

293 2822 343 2849 rat,
365 2815 398 2842 ad
413 2816 552 2842 Orientem
563 2820 728 2841 conuertere.
783 2814 823 2841 ld.
832 2814 869 2841 *de
884 2815 971 2842 Sonun.
990 2815 1057 2850 Scip.
1071 2824 1088 2848 9
1104 2815 1206 2850 Septem
1220 2814 1340 2849 planetae
1353 2821 1385 2849 75
1395 2814 1425 2841 bi
1439 2815 1506 2840 Hor.
1521 2814 1609 2840 Carnu.
1622 2822 1642 2846 ι,
1655 2821 1693 2846 ιο,
1707 2821 1739 2845 ι3.
1795 2812 1900 2840 Atrides
1913 2812 2003 2839 minor
2015 2818 2041 2839 et
2053 2811 2141 2839 maior
2156 2810 2239 2837 Ouid.
2252 2809 2317 2836 Meu.
2331 2816 2368 2842 125
2396 2812 2413 2835 ²:

292 2852 431 2880 versantur
448 2857 521 2878 retro
537 2850 672 2878 contrario
690 2856 766 2876 motu
785 2856 863 2885 atque
881 2850 991 2878 caelum.
1044 2851 1082 2877 Id.
1101 2850 1134 2877 de
1148 2852 1251 2877 Inucnt.
1266 2859 1288 2882 2,
1304 2857 1340 2884 70
1395 2849 1510 2882 Atrides,
1529 2858 1601 2885 quum
1605 2848 1661 2884 fine
1671 2845 1805 2876 Adieffluo
1817 2851 1930 2884 ponitur,
1948 2849 2155 2885 Agamemnonem
2173 2845 2344 2882 intelligimus.
2368 2849 2378 2864 '›

292 2887 541 2923 Argumentationes
555 2895 587 2912 ex
600 2885 695 2913 iisdem
713 2886 778 2912 locis
792 2886 932 2913 sumendae
947 2887 1022 2919 sunt,
1041 2892 1119 2921 atque
1132 2886 1161 2913 in
1174 2886 1276 2912 causam
1294 2893 1338 2911 ne·
1393 2887 1461 2912 Hor.
1476 2887 1564 2912 Carni.
1579 2894 1605 2919 2,
1617 2894 1646 2918 4,
1662 2891 1680 2919 7
1698 2883 1767 2911 Arsit
1781 2883 1886 2911 Atrides
1898 2884 1989 2911 medio
2007 2884 2037 2911 in
2047 2883 2131 2911 trium
2150 2882 2187 2909 ho
2231 2880 2344 2916 Virgine
2390 2894 2391 2898 =

292 2923 428 2959 gotialenu.
464 2923 532 2949 Cato
545 2921 578 2948 de
593 2922 624 2949 R.
638 2922 669 2948 R.
677 2931 699 2948 c.
713 2927 747 2955 48
766 2922 917 2949 Pomarium
926 2923 1097 2949 seminarium
1115 2921 1147 2948 ad
1161 2921 1275 2948 eundem
1281 2929 1338 2947 uno·
1394 2921 1500 2948 Troiae
1514 2921 1655 2956 populator
1664 2919 1772 2946 Atrides
1789 2919 1871 2947 Ouid.
1887 2921 1952 2947 Met.
1967 2926 2002 2953 13,
2015 2922 2070 2953 655.
2111 2919 2123 2945 1
2143 2938 2150 2944 .
2164 2916 2244 2952 Epist.
2259 2925 2281 2950 1,
2294 2925 2321 2949 2,
2334 2916 2372 2944 w*

293 2959 357 2986 dum
370 2965 449 2994 atque
467 2958 620 2993 oleaginum
636 2957 727 2984 facito.
780 2957 864 2983 Plaut.
879 2958 936 2984 Cas.
953 2967 981 2991 4,
994 2967 1021 2992 4,
1034 2967 1061 2985 21
1088 2956 1197 2985 Nebula
1216 2956 1285 2984 haud
1303 2956 1340 2983 cst
1394 2956 1448 2984 stor
1460 2965 1620 2993 componere
1633 2956 1691 2984 lites
1704 2956 1776 2983 Inter
1788 2955 1896 2983 Peliden
1907 2955 2015 2983 festinat
2025 2961 2052 2982 et
2063 2955 2136 2983 inter
2147 2952 2268 2980 Atriden.
2363 2950 2370 2963 ‘

293 2995 382 3022 mollis
395 3000 474 3030 atque
485 2993 564 3021 huius
577 2993 614 3020 est
630 3010 639 3015 -
660 3010 669 3016 -
688 3009 698 3015 -
733 2992 856 3019 Varr.‘de
869 2993 898 3018 L.
913 2994 942 3019 L.
963 2994 1091 3029 Analogia
1103 3002 1158 3020 non
1172 2994 1236 3020 item
1251 3002 1281 3019 ea
1295 2992 1337 3019 de-
1349 2996 1380 3022 80
1430 3000 1453 3019 A
1462 3000 1560 3020 TRrA
1569 3000 1588 3020 R
1597 3000 1658 3020 1vs
1667 3012 1675 3025 ‚
1693 2991 1746 3019 vid.
1768 2998 1820 3018 A'r
1829 2999 1848 3018 R
1857 2999 1866 3018 1
1875 2999 1897 3018 v
1906 2998 1941 3018 Μ.
2337 3025 2340 3027 Δ
2360 3002 2372 3012 ·«

292 3030 416 3062 finienda,
435 3039 502 3066 quae
514 3029 638 3064 dirigitur
645 3028 677 3056 ad
691 3034 812 3056 naturam
817 3027 973 3060 verborum,
981 3034 1058 3063 atque
1072 3030 1127 3062 illa,
1135 3038 1201 3064 quae
1215 3028 1247 3055 ad
1256 3029 1332 3056 vsuum
1430 3036 1452 3055 A
1460 3036 1481 3056 T
1491 3036 1509 3055 R
1519 3036 1529 3055 1
1537 3036 1555 3056 c
1563 3036 1586 3056 A
1594 3034 1610 3056 P
1619 3035 1630 3056 1
1639 3035 1655 3055 L
1663 3035 1680 3055 1.
1688 3034 1720 3054 A.
1740 3026 1953 3063 [μελαγκόρυφος]
1972 3027 2039 3054 Auis
2052 3023 2092 3059 est.
2113 3024 2212 3057 Festus,
2225 3022 2341 3050 Melane

293 3065 430 3102 loquendi.
485 3065 545 3093 Liu.
558 3070 600 3097 28,
615 3074 646 3091 20
666 3063 818 3092 Trucidant
828 3064 941 3091 inermes
955 3064 1027 3090 iuxta
1040 3071 1119 3100 atque
1130 3070 1254 3092 armatos.
1295 3065 1338 3093 Sic
1394 3073 1474 3099 genus
1490 3065 1591 3097 auium,
1604 3073 1670 3099 quae
1684 3063 1777 3090 Latine
1784 3069 1913 3091 vocantur
1921 3060 2101 3098 Atricapillae,
2115 3059 2228 3096 eoquod
2237 3059 2341 3086 summa
2366 3076 2367 3079 =

295 3110 316 3134 u,
329 3110 361 3136 54
378 3101 533 3129 Absentium
549 3100 620 3128 bona
633 3101 705 3127 iuxta
725 3106 806 3135 atque
824 3100 1035 3128 interemtorum.
1091 3101 1160 3127 Hor.
1173 3101 1255 3127 Seu-m.
1272 3109 1297 3132 2,
1310 3108 1338 3135 7,
1392 3101 1478 3136 capita
1490 3101 1567 3136 nigra
1574 3100 1631 3127 fint.
1665 3099 1731 3127 Plin.
1745 3107 1784 3131 10,
1797 3107 1832 3132 29
1857 3101 1885 3125 in
1904 3103 2187 3126 MELANCORIPHVS.

2415 2660 2417 2664 ⁴
2421 2660 2424 2672 Ι

2422 2676 2423 2685 u

295 3139 329 3169 96
349 3138 403 3171 Qui
416 3146 504 3172 peccas
516 3137 602 3164 minus
614 3142 693 3171 atque
707 3137 772 3170 ego?
816 3136 885 3164 Ter.
899 3135 980 3162 Andr.
1000 3144 1028 3168 4,
1041 3144 1067 3167 2,
1082 3143 1107 3169 15
1127 3135 1192 3162 Non
1206 3136 1337 3171 Apollinis
1426 3137 1593 3170 ATRi‘m,
1614 3141 1874 3168 ATRlchIVM,
1894 3140 2122 3167 ATRtEN81s,
2141 3136 2359 3160 ATRIOLVM

295 3173 377 3207 magis
391 3182 496 3206 verum,
515 3179 594 3209 atque
609 3171 659 3199 hoc
676 3172 829 3207 responsum
842 3171 887 3198 est.
923 3171 979 3198 Cic.
994 3171 1047 3198 Att.
1061 3180 1087 3203 2,
1101 3179 1113 3203 3
1135 3172 1188 3197 Aut
1204 3172 1337 3206 quiescen-
1349 3175 1378 3206 85
1393 3179 1473 3201 ATR
1483 3180 1492 3199 1
1502 3180 1523 3199 v
1531 3180 1564 3200 M.
1772 3202 1773 3207 ¹
2466 3175 2467 3178 ’

294 3206 356 3234 dum
365 3218 370 3233 :
391 3208 463 3243 quod
476 3208 513 3235 est
524 3218 579 3236 non
592 3207 711 3235 diffimile
721 3213 799 3243 atque
806 3207 845 3234 ire
860 3207 890 3234 in
902 3207 1039 3234 Solonium
1054 3213 1098 3233 aut
1112 3207 1230 3234 Antium.
1282 3208 1340 3236 Pari
1428 3215 1480 3236 AT
1490 3215 1509 3234 R
1517 3216 1526 3234 1
1535 3216 1553 3235 D
1562 3214 1579 3235 E
1587 3215 1611 3241 s,
1630 3206 1684 3235 vid.
1702 3212 1782 3234 ATR
1790 3212 1807 3233 E
1817 3213 1838 3234 v
1846 3213 1868 3233 S.
2471 3206 2474 3224 ³

295 3251 356 3269 eum
373 3249 397 3269 at
418 3253 450 3270 ue
463 3244 522 3271 illos
536 3245 573 3271 im
593 3244 651 3271 erio
663 3244 711 3270 esse
725 3243 793 3270 iussit
813 3243 881 3278 Nep.
897 3252 935 3277 ¹4,
948 3251 972 3275 3,
986 3251 1008 3275 5.
1045 3242 1126 3269 Plauut.
1147 3244 1219 3269 Men.
1236 3251 1259 3276 5,
1275 3253 1295 3276 1,
1308 3251 1339 3277 52
1429 3251 1481 3271 AT
1490 3251 1509 3270 R
1520 3243 1578 3271 iri.
1588 3251 1649 3277 Ex,
1667 3242 1722 3270 icis.
1741 3251 1768 3268 n.
1788 3241 1953 3278 [ἐτράφαξις]
1974 3239 2068 3273 Herba,
2079 3239 2108 3266 de
2125 3246 2175 3276 qua
2186 3237 2253 3266 Plin.
2267 3246 2312 3270 20,
2323 3244 2369 3264 20

293 3278 393 3306 Pariter
400 3252 455 3305 ‘iuoc
468 3285 546 3314 atque
556 3289 571 3307 a
582 3281 619 3307 ias
630 3288 672 3307 res
683 3279 759 3306 soles.
795 3279 852 3306 Huc
858 3278 975 3315 referunt
982 3281 1056 3305 etiam
1075 3278 1159 3305 Plaut.
1172 3279 1268 3314 Amph.
1283 3288 1303 3312 1,
1318 3287 1339 3311 1,
1393 3279 1514 3314 Atriplex
1528 3286 1555 3307 et
1567 3279 1682 3306 siluestre
1693 3284 1719 3305 et
1731 3277 1846 3305 satiuum
1859 3277 1904 3304 est.
1947 3276 2119 3311 Pythagoras,
2140 3280 2266 3310 tanquam
2279 3273 2371 3301 facer-

294 3322 346 3347 ²24
364 3315 403 3340 Ita
418 3312 451 3340 Di
466 3314 573 3346 faciant,
592 3322 621 3342 vt
634 3322 662 3342 tu
677 3315 765 3350 potius
778 3313 808 3341 sis
822 3320 901 3350 atque
921 3322 987 3350 ego,
1007 3320 1034 3340 te
1045 3319 1074 3340 vt
1091 3313 1238 3341 verberem.
1293 3314 1342 3343 Sed
1393 3314 1527 3350 dropicos,
1544 3315 1706 3350 morbosque
1717 3315 1815 3348 regios,
1835 3319 1861 3340 et
1873 3312 2013 3348 pallorem,
2033 3316 2244 3346 concoqueretur
2263 3306 2345 3336 diffie·
2362 3316 2366 3325 *

293 3350 370 3377 aliter
394 3351 630 3386 interpungendum,
655 3352 695 3378 lta
707 3350 744 3377 dii
763 3350 876 3382 faciant,
895 3356 924 3377 vt
943 3357 972 3376 tu
991 3349 1079 3384 potius
1107 3352 1117 3381 ζ
1124 3359 1137 3375 o
1151 3351 1281 3383 Mercuri)
1307 3350 1340 3377 sis
1344 3363 1380 3389 90
1392 3359 1422 3377 ac
1434 3360 1467 3377 ne
1479 3351 1509 3378 in
1521 3350 1607 3378 hortis
1620 3350 1727 3386 quidem
1740 3349 1814 3376 iuxta
1828 3349 1856 3376 id
1868 3349 1938 3376 nasci
1956 3348 2114 3385 quicquam,
2133 3345 2182 3372 nisi
2195 3344 2349 3381 languidum
2362 3361 2364 3364 -

294 3383 410 3419 (Scfia)=
427 3390 452 3411 at
474 3394 506 3411 uc
525 3386 618 3418 (adeo)
637 3395 687 3421 ego
706 3393 733 3413 te
751 3393 780 3413 vt
793 3385 942 3414 vei-berem.
979 3386 1034 3412 Cic.
1047 3385 1080 3412 de
1092 3386 1167 3412 Orat.
1182 3394 1204 3419 3,
1221 3393 1261 3420 ¹¹7
1275 3395 1296 3412 c.
1306 3395 1339 3418 30
1393 3387 1475 3421 pauit.
1514 3386 1647 3414 Addidere
1658 3384 1797 3418 Dionysius
1809 3391 1836 3412 et
1848 3385 1962 3416 Diocles,
1981 3383 2111 3420 plurimos
2123 3381 2148 3417 g*
2169 3382 2245 3409 niex
2259 3389 2292 3408 eo
2309 3388 2360 3420 ξπ,

293 3420 341 3447 Sed
355 3419 444 3456 paullo
455 3394 528 3447 ‘secus
540 3429 555 3448 a
567 3430 609 3448 me
623 3428 701 3457 atque
713 3421 745 3450 ab
758 3422 807 3449 illo
824 3422 918 3458 partita
932 3426 1010 3456 atque
1024 3420 1172 3448 distributa.
1226 3422 1294 3448 Ter.
1310 3422 1339 3448 in
1393 3431 1441 3449 nec
1453 3422 1502 3450 nisi
1517 3421 1735 3457 mutata-saepius
1753 3430 1821 3456 aqua
1834 3420 2017 3456 coquendum:
2053 3417 2149 3445 stomac
2169 3426 2188 3444 o
2199 3422 2317 3444 contrari
2352 3428 2364 3440 ι.

294 3455 362 3483 Ptol.
385 3455 490 3483 Phorm.
510 3464 542 3489 32
575 3457 618 3484 Ne
632 3457 709 3485 simili
721 3463 828 3486 vtamur
845 3458 962 3490 fortuna,
970 3463 1049 3492 atque
1070 3456 1107 3483 vsi
1127 3457 1223 3483 sumus.
1280 3458 1336 3484 Cic.
1391 3455 1532 3493 lentigin'es
1553 3465 1579 3485 et
1592 3457 1698 3494 papulas
1714 3457 1831 3492 gignere.
1850 3463 1896 3484 etc.
1934 3455 2040 3483 Colum.
2061 3461 2094 3486 11,
2112 3461 2136 3486 3,
2154 3461 2191 3486 42
2210 3452 2366 3492 Olus-atri
2411 3466 2415 3481 κ

295 3491 408 3527 Philipp.
431 3499 452 3525 1,
465 3499 482 3524 9
494 3499 517 3519 c.
530 3499 550 3524 4
576 3492 619 3519 Ne
639 3502 672 3519 uc
689 3494 762 3521 enim
774 3494 853 3521 illum
873 3492 996 3521 similiter
1008 3498 1086 3527 atque
1103 3492 1158 3526 ipse
1170 3501 1251 3526 eram,
1266 3501 1336 3520 com·
1392 3495 1465 3529 quod
1479 3495 1574 3521 Gracci
1586 3499 1681 3521 vocant
1699 3492 1733 3519 οἷ-ι-
1748 3492 1853 3526 σι’φαξυν.
1889 3493 1920 3520 Et
1934 3500 1973 3525 ιο,
1985 3497 2035 3525 377
2054 3489 2086 3516 Et
2098 3489 2188 3523 grauis
2199 3487 2318 3523 atriplici
2329 3494 2353 3521 ς

294 3534 398 3567 motum
413 3526 479 3554 vidi.
521 3527 591 3567 Ter.
610 3528 627 3553 P
648 3536 716 3555 orm.
736 3537 758 3562 5,
772 3534 796 3562 8,
810 3538 841 3562 39
865 3529 937 3557 Faxo
949 3528 998 3556 tali
1011 3537 1072 3554 eum
1086 3527 1238 3561 maistatuun,
1256 3535 1336 3564 atque
1344 3539 1377 3566 95
1391 3529 1430 3564 git
1443 3530 1521 3565 longa
1534 3529 1647 3557 fasellus.
1707 3503 1756 3555 1⁷51·
1767 3530 1924 3564 Pomponius,
1936 3526 2055 3562 fffuerit
2067 3524 2185 3560 phaselus
2191 3526 2299 3564 propi-or
2310 3531 2333 3563 a·
2345 3536 2359 3562 ῃ,

294 3562 338 3590 huc
351 3563 396 3596 est,
416 3562 576 3590 infortunio.
620 3563 702 3590 Plaut.
716 3564 807 3592 Bacch.
824 3574 853 3599 4,
865 3573 894 3599 4,
907 3572 938 3600 73
958 3564 1028 3591 Euax
1041 3563 1123 3590 nimis
1135 3562 1229 3596 bellus,
1254 3570 1335 3599 atque
1390 3567 1530 3601 atrtplicmt
1547 3571 1626 3592 namt.
1680 3564 1800 3599 Atriplex
1812 3573 1891 3601 genus
1903 3561 1936 3597 est
1949 3563 2031 3592 oleris,
2049 3559 2115 3596 quod
2124 3558 2214 3593 rustici
2231 3559 2324 3594 Spmac
2338 3575 2353 3597 „¹

294 3604 323 3624 vt
336 3599 384 3626 esse
397 3598 514 3625 maxime
524 3597 658 3633 optabam,
670 3598 751 3626 locus.
787 3601 855 3627 Cum
870 3598 1108 3631 totidenrnauibus
1120 3604 1199 3633 atquc
1213 3606 1267 3626 erat
1275 3609 1335 3634 pro-
1389 3607 1457 3628 cant.
1509 3601 1604 3628 Pallad.
1617 3601 1681 3635 Apr.
1693 3608 1716 3633 3,
1734 3609 1747 3632 3
1768 3601 1828 3626 Hoc
1842 3599 1930 3626 mense
1950 3595 2105 3631 Atriplieem
2119 3595 2234 3622 feremus
2252 3608 2298 3615 —
2310 3592 2365 3632 swa,

293 3632 378 3660 sectus
395 3634 465 3669 Nep.
481 3643 500 3667 1,
513 3642 540 3669 7,
554 3642 582 3667 4.
617 3634 706 3660 Vnum
721 3641 746 3661 et
758 3635 830 3662 idem
837 3636 946 3664 videtur
952 3636 1000 3663 esse
1010 3640 1090 3670 atque
1104 3634 1142 3666 id,
1160 3635 1231 3670 quod
1246 3635 1278 3662 de
1292 3645 1335 3663 une
1388 3645 1450 3664 men
1462 3636 1635 3663 recidendum
1649 3637 1750 3671 semper
1766 3635 1812 3669 est,
1832 3635 1895 3670 quia
1907 3634 1945 3660 ita
1956 3631 2086 3668 pullulare
2101 3639 2157 3657 non
2169 3631 2252 3657 cessat.
2286 3627 2330 3657 m
2341 3631 2360 3651 1·-

294 3667 351 3702 ipso
363 3670 522 3696 nominatim
535 3667 619 3696 tulisti
639 3669 694 3695 Cic.
709 3678 757 3704 pro
772 3671 860 3698 Domo
874 3673 919 3698 sua
938 3680 972 3705 51.
1019 3668 1110 3704 Onusta
1121 3672 1212 3705 Aeque
1229 3671 1270 3698 vel
1280 3680 1336 3698 non
1389 3670 1505 3698 dendum
1522 3672 1595 3709 forte
1613 3681 1638 3698 eo
1646 3675 1772 3708 pertinet,
1791 3673 1851 3707 quia
1869 3671 1943 3696 etiam
1962 3673 2048 3694 neutro
2068 3675 2156 3704 genere
2174 3665 2289 3700 ffrmra
2308 3666 2320 3691 i
2353 3680 2357 3687 τ

294 3703 387 3738 magis,
406 3705 482 3739 Quae
493 3706 570 3732 succo
577 3711 647 3731 caret
660 3711 738 3739 atque
745 3712 818 3739 petra
833 3716 928 3741 pumex
953 3706 1064 3742 Priapei.
1084 3706 1172 3733 Carni.
1186 3714 1225 3738 32.
1280 3704 1301 3747 fl
1321 3712 1471 3745 8100nempe
1483 3708 1551 3735 olus.
1589 3708 1681 3735 Femin.
1697 3708 1795 3742 Macer.
1810 3713 1832 3738 1,
1845 3713 1879 3737 24
1895 3703 1954 3731 Atri
1974 3702 2051 3729 licem
2066 3702 2157 3729 tritam
2170 3710 2231 3729 cum
2241 3701 2368 3733 sumu

295 3738 391 3773 Atque,
405 3740 421 3765 si
437 3741 541 3774 genuina
553 3740 609 3773 fiat,
621 3746 708 3775 auget,
728 3740 894 3777 intenditque
903 3752 970 3776 rem,
983 3742 1015 3769 de
1028 3750 1081 3777 qua
1092 3741 1194 3776 agitur:
1215 3745 1243 3768 vt
1249 3750 1333 3769 anun-
1389 3749 1415 3770 et
1429 3748 1511 3776 aceto,
1532 3743 1630 3770 Dicunt
1646 3742 1788 3778 appositam
1800 3739 1912 3767 calidam
1924 3739 1949 3765 se
1968 3746 2013 3765 are
2026 3737 2177 3773 podagram.
2336 3752 2338 3754 v
2350 3750 2354 3754 >

295 3773 455 3801 aduertimus
473 3776 501 3802 in
520 3778 572 3810 Qu.
591 3776 670 3803 Ennii
688 3776 841 3809 annalibus,
861 3777 909 3804 nisi
917 3778 1047 3806 memoria
1060 3778 1088 3804 in
1101 3776 1234 3804 hocversu
1247 3776 1334 3810 labor,
1426 3786 1448 3806 A
1461 3786 1482 3806 T
1496 3786 1515 3806 R
1530 3787 1540 3806 1
1557 3785 1574 3806 Ρ
1590 3786 1607 3806 L
1622 3785 1640 3806 Ε
1653 3786 1674 3807 x
1689 3785 1710 3806 v
1724 3783 1760 3804 M.
1796 3774 1894 3803 Eadem
1906 3773 1999 3807 herba,
2018 3782 2086 3809 quae
2104 3782 2174 3800 nunc
2193 3770 2313 3807 Atriplex
2327 3764 2364 3789 «3¹

295 3809 381 3844 Atque
393 3815 471 3844 atque
486 3812 584 3838 accedit
598 3820 688 3839 muros
702 3812 819 3838 Romana
833 3813 955 3840 iuuentus
990 3813 1059 3840 Gell.
1080 3821 1118 3846 ιο,
1138 3820 1180 3845 29.
1226 3812 1334 3839 Nonius
1388 3814 1485 3841 Festus.
1696 3836 1697 3840 ,
2270 3810 2275 3813 ¹
2335 3813 2357 3828 “¹

296 3852 333 3876 12„
346 3853 384 3877 44
405 3845 505 3872 Festine
513 3853 538 3873 et
545 3848 736 3882 intrepidanter
754 3847 856 3874 hocloco
863 3847 1009 3885 Jignficare
1016 3849 1088 3876 dicit.
1124 3847 1171 3876 Sed
1183 3849 1257 3874 etiam
1269 3849 1336 3874 alias
1423 3857 1445 3877 Α
1457 3857 1478 3877 Τ
1487 3856 1506 3876 rt
1514 3857 1523 3876 1
1532 3856 1554 3876 Τ
1563 3856 1607 3877 As
1614 3860 1624 3882 ,-
1646 3847 1701 3877 uid.
1721 3853 1744 3874 A
1752 3851 1799 3872 TE
1808 3852 1838 3872 R.

291 3882 450 3916 geminatur:
486 3882 572 3917 Atque
583 3883 646 3910 deos
658 3889 684 3910 at
704 3891 737 3909 ue
751 3882 818 3909 astra
831 3889 908 3910 vocat
919 3885 1037 3912 crudelia
1052 3889 1137 3911 mater
1155 3883 1232 3918 Virg.
1244 3883 1296 3910 Ecl.
1309 3891 1383 3918 5,105
1422 3892 1445 3913 A
1455 3892 1476 3912 ‘r
1486 3892 1505 3913 R
1514 3892 1524 3912 1
1533 3892 1554 3914 v
1563 3891 1599 3919 M,
1618 3884 1638 3912 i.
1651 3892 1683 3915 m
1699 3881 1793 3918 [oleis.
1811 3881 2058 3921 ηρίέωονμῦσανλῡν-
2073 3881 2106 3908 ³¹·
2119 3877 2246 3916 ’ὖῐκίθζθθνι
2257 3872 2307 3903 ‘³⁴⁴³'
2340 3900 2343 3902 -
2356 3906 2360 3907 γ

292 3923 328 3947 23.
366 3915 452 3949 Atque
466 3915 542 3949 Geta,
561 3923 640 3953 atque
653 3920 695 3947 He
714 3927 769 3951 rus,
783 3919 955 3954 atqueAe‘cias
973 3920 1010 3948 ld.
1024 3921 1121 3956 Georg.
1135 3928 1164 3954 4,
1179 3921 1241 3954 468.
1275 3919 1331 3946 Cic.
2317 3927 2320 3930 “
