2474 4182
447 120 740 165 COE.

392 212 468 240 Tum
488 216 563 247 partu
590 215 660 236 terra
681 206 796 233 nefando

198 251 363 284 Coeumque,
382 251 551 284 Iapetumque
567 252 651 276 creat,
671 244 832 277 saeuumque
844 241 989 277 Typhoea,

198 287 229 313 Et
248 286 401 312 coniuratos
422 284 521 311 caelum
541 280 688 307 rescindere
709 279 811 305 fratres.

22 294 24 384 l
80 321 175 353 COE‘x
184 329 231 349 EM
242 329 256 348 1>
268 329 282 347 L
294 329 312 348 v
323 328 363 354 M,
385 321 403 347 i.
428 329 453 346 n.
489 315 649 350 Co'e'xemplo
662 314 710 340 suo
726 315 843 349 aliquem
855 314 888 341 ad
903 320 1017 341 mortem
1030 313 1085 340 ani—

48 368 118 389 mare
137 357 230 385 Sarisb.
246 362 269 390 s,
284 366 320 390 ¹9-
1072 387 1075 391 Ι

79 401 95 421 C
104 401 122 421 ο
133 395 151 421 ιε’
159 402 177 422 x
190 400 205 419 Ε
215 400 233 420 R
242 400 259 420 C
269 401 277 420 1
289 399 310 418 T
319 393 367 419 ᾸΤ
378 398 398 417 ν
408 398 420 418 s
429 410 437 422 ,
460 397 474 415 a
483 408 491 420 ,
511 394 563 413 um.
600 386 876 419 [συγγεγυμνασμένης]
918 386 975 411 Vna
994 394 1085 411 exerci-

45 437 119 457 tatus.
156 429 287 463 Quinctil.
308 429 338 460 2‚ff
351 435 388 461 17,
409 433 438 458 41
471 424 561 450 Artem
577 421 694 448 constare
711 431 742 448 ex
764 420 994 456 praeceptionibus
1012 421 1082 459 (piel.

43 465 273 502 perceptionibus)
288 459 507 490 consentientibus
521 464 546 484 ct
559 458 742 484 coexercitatis
756 458 788 484 ad
803 457 883 483 finem
900 456 991 482 vtilcni
1005 462 1083 481 Vitae.

78 502 328 531 coiistLTO‚
349 502 400 524 are.
436 494 546 522 Paullin.
567 494 645 528 Epist.
670 499 703 523 18.

30 155 34 158 -
46 137 122 182 989

21 558 25 571 l
57 573 65 579 <

19 574 25 665 1
47 573 96 635 hPs:
105 580 207 635 (iegitv
217 611 262 634 Lo
272 623 281 638 ,
299 608 351 632 are.
388 601 536 628 Coexulare
552 600 676 628 sidelibus
696 599 792 627 Sarisb.
812 599 857 634 Ep.
873 605 929 634 174.

16 672 25 723 32
419 675 573 706 co
672 674 700 705 o·

18 724 25 761 l
77 752 327 777 COGGYGRIA‚
348 754 388 772 ae.
409 745 428 771 f.
465 745 553 772 Arbor
574 744 609 771 est
624 743 777 770 Adrachnae
796 750 850 768 non
870 740 1012 773 absimilis,
1031 742 1085 767 fru-

43 784 113 812 istuiii
123 805 131 817 ,
156 783 292 817 lanugine,
319 790 398 816 quatu
419 782 532 816 Pappum
556 786 667 811 vocant,
687 780 822 818 amittens:
857 777 930 812 quod
948 777 1015 803 nulli
1037 777 1085 803 alii

41 820 133 848 arbori
146 820 232 846 euenit
253 817 319 843 Plin.
334 826 368 851 13,
381 826 422 843 22.
461 816 607 843 Htirduinus
624 817 685 851 legit
699 816 837 848 Coccygia.
1029 848 1034 852 .

78 863 94 884 C
102 862 121 883 O
129 862 149 883 G
158 854 198 881 fT
208 862 227 881 O
236 874 244 886 ,
265 857 318 879 ire.
356 854 448 884 [ἔννοὲω
457 873 464 885 ,
490 851 614 885 διοινοέμαι
622 871 630 883 ,
658 850 800 881 &Suadam
809 869 817 881 ,
828 847 926 873 *immisto
934 869 942 881 ‚
968 848 1084 882 Cogltal',

16 808 20 828 ,⁷

16 838 19 852 l

0 942 1 945 ¹
16 892 25 931 ll
39 934 116 954 mente
129 935 178 952 una
191 929 296 962 agitare.
342 925 468 958 Cogitate
483 933 496 950 a
509 922 626 957 cogendo
639 922 752 947 dicium:
780 928 852 946 niens
867 919 944 953 plura
957 919 986 944 in
1001 928 1083 958 vnum

17 956 19 964 ¹
39 961 124 997 cogit,
142 960 212 988 vnde
233 960 350 994 deligere
370 959 443 994 ponit
458 961 532 986 Varr.
546 960 576 985 L.
589 959 617 984 L.
638 965 660 990 5,
676 959 692 984 6
712 966 736 991 p.
757 963 797 988 52,
810 957 848 987 36.
880 955 968 995 ,plaut
984 955 1083 995 M¹¹·.²’

6 987 14 1019 1
39 1006 64 1029 2,
80 999 116 1031 46
155 996 388 1031 Qicmadinoduiii
408 996 506 1022 adstitit
527 995 615 1021 seuera
635 993 724 1019 fronte
740 1000 813 1018 cui-as
827 996 954 1030 cogitans.
1014 991 1081 1030 Cic.

0 1054 6 1062 .
18 1031 25 1079 l
39 1033 120 1060 Tusc.
137 1040 159 1065 5,
175 1042 210 1060 111
226 1042 246 1059 c.
261 1037 288 1064 38
308 1032 418 1067 Loquor
435 1032 505 1057 enim
519 1030 550 1056 de
568 1028 647 1055 doeio
660 1027 783 1059 homine,
797 1032 822 1052 ct
842 1025 964 1057 erudito,
978 1034 1020 1051 cui
1036 1027 1081 1051 Vi-

7 1067 25 1101 ’,ς
38 1071 100 1096 vere
121 1069 158 1095 est
178 1069 302 1103 cogitare.
649 1099 656 1104 .
954 1097 957 1101 ¹

23 1099 137 1140 *gitare‚
158 1104 193 1130 est
214 1104 356 1131 Dubitare:
392 1102 562 1133 Dcliberare,
581 1101 756 1127 Conni-mare.
792 1099 864 1124 Haec
886 1098 999 1138 Nonius⁴
1011 1103 1032 1129 5,
1050 1101 1081 1126 28

38 1141 71 1168 Ec
89 1140 213 1167 interdum
226 1140 288 1176 sane
308 1141 351 1175 qui
369 1138 485 1172 cogitare
498 1138 528 1174 se
546 1136 627 1169 dicit,
653 1135 759 1162 nondum
779 1132 937 1167 constitutum
948 1132 997 1165 Jrln
1018 1135 1082 1172 certi

37 1175 172 1213 quidquam
184 1176 296 1212 fatetur.
334 1173 380 1202 Sed
397 1183 444 1200 non
459 1171 492 1206 cst
505 1179 626 1209 perpetua
639 1172 697 1198 haec
710 1170 864 1204 dsfferentia.
894 1170 960 1208 Narp
973 1167 1081 1194 Delibe-

37 1220 97 1238 rare
111 1211 185 1248 fiiepe
204 1211 313 1243 dicitnr,
327 1212 369 1246 qui
382 1208 506 1240 confilium
519 1211 602 1244 petit:
624 1214 647 1234 et
661 1207 768 1241 Cogitat
786 1205 818 1232 de
835 1203 1017 1239 profectione,
1038 1207 1081 1239 qui

3 1244 10 1251 ’
32 1246 163 1284 proficisci
184 1251 233 1273 iam
246 1254 302 1273 ante
321 1243 456 1278 constituit.
890 1275 894 1279 .
952 1275 957 1280 ⁴
996 1276 1001 1280 ”

39 1284 151 1310 Animus
165 1283 261 1318 cogitat
274 1291 315 1308 res
332 1281 463 1307 diffimiles
477 1281 581 1307 Lucret.
596 1290 624 1314 4,
640 1284 695 1314 788.
748 1278 823 1304 Mens
839 1281 936 1316 cogitat
950 1275 978 1301 id
994 1277 1081 1316 ipsum

39 1319 115 1346 Idem
130 1329 156 1353 4,
169 1323 222 1354 781.
293 1317 347 1344 Cic.
360 1326 410 1353 pro
423 1316 519 1342 Milon.
534 1318 564 1348 56
578 1325 599 1341 c.
613 1324 640 1342 21
677 1313 756 1343 Nihil
775 1313 807 1339 de
825 1320 881 1338 eius
895 1318 1019 1337 extremis
1039 1321 1081 1338 co-

39 1354 151 1382 mitibus
164 1353 297 1389 cogitauit-
370 1352 517 1379 Acutillime
533 1352 588 1378 Cic.
601 1350 653 1377 Off.
669 1359 689 1382 1,
727 1369 733 1375 .
770 1368 776 1374 .
850 1347 998 1387 Commode
1012 1348 1082 1374 Ter.

39 1391 136 1418 Heaut.
151 1390 216 1425 prol.
228 1399 253 1416 v.
270 1398 307 1422 ¹4·
349 1389 411 1415 Dies
424 1394 449 1414 et
462 1387 551 1414 noctes
565 1385 667 1421 aliquid
680 1390 802 1420 reputare
816 1388 841 1409 et
855 1390 980 1417 cogitare.
1024 1384 1080 1411 Cic.

39 1435 90 1462 pro
104 1427 191 1453 Delot.
205 1430 242 1458 38.
276 1423 349 1459 Conf.
372 1424 410 1451 Id.
429 1432 478 1458 pro
496 1424 577 1450 Marc.
597 1431 618 1448 c.
643 1428 668 1456 7.
941 1455 946 1459 ι

39 1468 182 1489 MVLTVS.
252 1461 308 1487 Cic.
323 1461 393 1486 Fam.
407 1469 435 1493 4,
450 1467 463 1492 5
488 1458 573 1493 Coepi
588 1462 692 1491 egomet
711 1457 817 1482 Mecum
839 1455 871 1481 lic
888 1461 1006 1490 cogitare
1016 1475 1023 1487 ,
1036 1462 1081 1481 etc.

40 1497 148 1531 Cogites
169 1496 231 1524 haec
248 1502 347 1526 tecum,
365 1496 414 1522 Tu
437 1495 514 1527 illos,
529 1500 575 1520 etc.
600 1493 668 1519 Ter.
687 1492 762 1518 Adel.
776 1499 798 1524 5,
812 1500 834 1523 3,
849 1499 886 1531 ².²'
959 1492 1083 1531 Cogitate

39 1532 68 1558 in
81 1533 169 1558 animo
181 1532 254 1559 Idem
268 1531 341 1557 Adel.
357 1539 377 1563 1,
393 1539 413 1562 1,
427 1537 451 1564 7.
525 1530 583 1555 Hoc
602 1535 631 1555 tu
650 1529 732 1554 facito
748 1537 809 1553 cum
822 1535 912 1553 animo
926 1533 1023 1561 cogites
1044 1526 1083 1553 Id.

37 1567 105 1594 ibid.
115 1576 137 1600 3,
147 1575 218 1600 4‚5‚·.
254 1567 309 1593 Cic.
324 1566 431 1600 deLege
439 1566 502 1600 Agr.
517 1574 542 1597 2,
556 1567 590 1591 62
627 1566 681 1590 Vos
694 1570 781 1590 tamen
795 1563 823 1589 id
835 1563 941 1597 potestis
956 1572 1015 1589 cum
1029 1562 1085 1589 ani-

36 1603 88 1630 mis
107 1603 198 1629 vestris
216 1603 340 1636 cogitare.

35 1637 124 1672 cogito
137 1637 168 1664 ad
182 1637 310 1669 verbum,
332 1637 458 1664 scribenti
474 1636 679 1670 emendantique
695 1635 803 1668 similis,
822 1644 891 1660 nunc
910 1635 1001 1669 plura,
1014 1643 1082 1660 nunc

34 1673 168 1709 pauciora.
206 1673 338 1707 Quinctil.
355 1682 394 1705 10,
406 1680 433 1707 7,
447 1680 476 1705 25
506 1672 548 1698 Est
563 1671 609 1697 illa
623 1671 778 1697 exercitatio
792 1670 941 1705 cogitandi,
961 1676 1082 1704 totasque

35 1709 156 1736 materias
173 1709 215 1735 vel
233 1708 354 1740 silentio,
376 1708 440 1734 dum
460 1714 549 1734 tamen
568 1707 637 1742 quasi
657 1707 726 1733 dicat
745 1707 815 1732 intra
833 1707 858 1731 se
872 1706 974 1739 ipsum,
996 1706 1080 1740 perse-

237 1744 276 1771 Ad
289 1744 402 1771 verbum
415 1744 529 1778 cogitat,
540 1746 583 1778 qui
596 1742 666 1777 quasi
681 1741 746 1767 dicit
760 1742 829 1768 intra
843 1742 868 1767 se
882 1741 976 1775 ipsum.
1024 1741 1081 1767 Te-

35 1745 135 1781 quendi
153 1752 199 1771 etc.

33 1816 143 1843 tandum
164 1816 307 1842 instituere.
379 1815 434 1841 Cic.
449 1823 498 1849 pro
512 1815 588 1840 Font.
606 1821 634 1839 12
664 1813 724 1840 Nae
742 1813 829 1839 multo
848 1812 949 1839 vestrae
967 1821 1082 1839 maiores

35 1852 233 1886 Grauioresque
254 1856 338 1886 partes
358 1851 416 1877 sunt
434 1850 467 1877 ad
487 1848 671 1885 cogitandum,
689 1858 769 1884 quain
788 1848 821 1875 ad
836 1847 978 1875 dicendum
997 1857 1080 1875 meae.

35 1888 146 1915 Sumere
163 1888 275 1922 spatium
295 1886 336 1913 vel
358 1893 461 1921 tempus
480 1886 512 1912 ad
532 1885 702 1919 cogitandum
721 1885 778 1911 Cic.
791 1884 823 1910 de
836 1885 912 1911 Orat.
926 1893 946 1917 1,
984 1904 990 1910 .
1029 1904 1036 1911 .

34 1924 92 1950 Nec
105 1932 233 1958 aequum,
247 1931 313 1949 anne
326 1923 450 1963 iniquum
469 1922 599 1955 imperet,
612 1920 740 1955 cogitabit
757 1920 840 1947 Plaut.
854 1920 949 1955 Amph.
970 1929 990 1952 1,
1006 1929 1027 1952 1,
1043 1928 1080 1953 19.

33 1995 126 2030 gisque
138 1995 229 2029 cogito
248 1994 321 2020 Idem
334 1995 399 2020 Eun.
414 2002 436 2026 3,
452 2001 473 2026 3,
489 2001 507 2023 1,
564 1993 699 2024 Cernunt,
715 1992 847 2026 cogitant,
860 1993 976 2019 sentiunt
990 1992 1082 2021 omnia

33 2031 149 2058 certiora
160 2030 251 2057 vanimi
270 2030 326 2056 Cic.
341 2029 373 2056 de
387 2029 479 2056 Diuin.
496 2037 526 2061 2,
565 2048 571 2055 .
609 2048 616 2055 .
673 2028 786 2055 Terent.
800 2029 866 2054 Eun.
883 2038 911 2062 4,
926 2037 951 2061 2,
966 2037 978 2060 3
1010 2028 1082 2055 Dum

34 2075 79 2093 rus
93 2075 141 2098 eo,
155 2066 230 2101 coepi
242 2070 347 2100 egomet
363 2074 468 2091 mecum
483 2064 552 2092 inter
564 2064 636 2096 vias,
657 2063 694 2090 ita
706 2070 735 2091 vt
748 2063 792 2096 fit,
809 2064 858 2090 vbi
870 2064 933 2099 quid
947 2064 975 2090 in
988 2064 1079 2090 animo

33 2102 71 2128 est
90 2100 242 2133 molestiae,
262 2100 342 2128 aliani
359 2110 415 2128 reni
429 2109 461 2127 ex
482 2100 534 2127 alia
552 2100 678 2134 cogitare.
750 2099 833 2126 Nulla
851 2100 935 2133 specie
968 2100 1080 2133 cogitari

34 2137 134 2172 potest,
154 2136 202 2164 nisi
216 2137 330 2171 impulsu
345 2137 492 2170 imaginum
505 2145 533 2162 ex
545 2137 684 2162 Democriti
687 2134 816 2169 fintentia
829 2135 886 2160 Cic.
900 2135 932 2160 de

36 2181 80 2208 137
94 2182 114 2199 c.
129 2174 172 2207 67.
190 2172 222 2199 de
233 2173 291 2199 Fin.
307 2181 327 2204 1,
342 2181 369 2198 21
397 2172 542 2205 Imagines,
554 2179 622 2205 quae
643 2169 714 2195 idola
734 2169 889 2201 nominant,
903 2177 1019 2203 quorum
1038 2169 1079 2194 in-

33 2208 152 2234 cursione
169 2216 223 2233 non
240 2207 333 2239 solum}
343 2206 495 2238 videamus,
512 2205 556 2232 sed
576 2205 656 2232 etiam
675 2204 823 2239 cogitemus
895 2204 970 2239 Qiid
983 2204 1029 2231 Sui
1042 2205 1078 2231 ci-

32 2251 78 2269 ves
92 2242 232 2276 Cogitem,
247 2242 372 2274 sentiant,
383 2243 542 2277 opinentur,
558 2240 697 2276 expedient
712 2241 768 2267 Cic.
782 2240 814 2266 de
820 2241 895 2267 Orat.
910 2249 930 2272 1,
944 2249 991 2273 223
1006 2249 1028 2266 c.
1042 2248 1078 2274 51.

31 2275 54 2317 q
73 2287 90 2305 2
126 2276 324 2311 constructiones
341 2277 467 2314 diuet-fite:
502 2278 628 2312 Cogitate
641 2277 674 2303 ad
687 2275 790 2311 aliquid
803 2286 853 2302 non
871 2275 938 2303 νεξῗε
953 2276 1078 2311 probatur

30 2349 144 2385 nuptias.
166 2354 169 2356 ’
181 2351 266 2385 Neque
278 2352 342 2376 enim
356 2349 491 2386 fungendae
497 2349 560 2385 fient
573 2348 708 2383 cogitandi
722 2348 755 2375 ad
767 2349 885 2383 nuptias:
904 2347 953 2383 sed
963 2348 1077 2383 spatium

31 2385 182 2421 cogitandi,
198 2392 221 2412 et
235 2385 322 2421 rursus
336 2386 447 2420 spatium
462 2384 495 2411 ad
509 2384 688 2412 disturbandas
709 2385 824 2419 nuptias.
862 2385 910 2411 Sed
923 2384 1077 2419 frequenter

4 2425 7 2430 “
27 2422 140 2458 sequitur
150 2420 299 2456 Praepolitio
319 2421 373 2454 De,
405 2423 438 2448 Vt
451 2421 518 2448 Ter.
534 2421 598 2447 Eun.
614 2429 633 2452 1,
646 2429 671 2452 2,
685 2429 727 2454 114
762 2421 807 2447 Me
827 2419 962 2454 expectes,
983 2419 1077 2457 tie-me

30 2457 139 2492 cogites.
208 2457 287 2484 Toto
305 2457 396 2484 animo
415 2456 447 2483 de
464 2457 556 2492 aliquo
570 2457 626 2484 Cic.
641 2457 713 2483 Fam.
728 2465 748 2488 1,
761 2463 787 2490 7.
824 2455 897 2482 Idem
918 2453 950 2479 de
968 2454 1076 2481 Amicit.

0 2496 6 2518 Ι
27 2499 69 2529 pr.
89 2491 234 2527 Saepissime
247 2493 331 2528 igitur
343 2492 411 2519 mihi
428 2493 459 2519 de
477 2492 595 2520 amicitia
608 2491 752 2526 cogitanti,
767 2497 812 2516 etc.
837 2525 842 2529 ¹
884 2488 923 2529 Id.
937 2488 970 2530 de
983 2489 1076 2530 Diiiin.

0 2549 14 2555 ,.
29 2537 58 2562 2,
71 2537 119 2562 140
137 2528 322 2564 Maximaeque
336 2529 467 2563 reliquiae
473 2538 564 2556 rerum
575 2536 666 2554 earum
678 2531 823 2552 mouentur
836 2534 864 2550 in
877 2527 973 2552 animis
986 2532 1012 2551 et
1021 2533 1076 2560 agi-

31 2563 182 2597 tantm-,de
201 2563 299 2600 Quibus
317 2564 464 2597 vigilantes
482 2570 527 2590 aut
540 2562 717 2598 cogitauimus
733 2566 777 2587 aut
791 2561 902 2595 egimus.
973 2561 1028 2588 Cic.
1043 2561 1075 2587 de

29 2600 106 2627 Orat.
125 2608 149 2632 2,
168 2608 213 2626 102.
248 2601 285 2626 Vt
302 2598 435 2632 quidquid
452 2599 484 2624 de
503 2600 547 2626 sua
564 2607 594 2625 re
612 2598 737 2632 cogitarit
757 2597 786 2623 in
805 2597 924 2623 medium
946 2597 1075 2631 proferat.

29 2634 107 2666 Idem
118 2636 172 2661 Att.
186 2643 222 2668 13,
236 2643 266 2661 12
301 2634 341 2660 De
354 2633 502 2668 Scapulanis
521 2634 606 2661 hortis
623 2639 680 2660 toto
699 2632 807 2668 pec'iore
825 2633 984 2667 cogitemus:
1020 2633 1076 2659 dics

33 2669 118 2700 adest,
136 2672 162 2695 i:
176 2669 229 2696 dies
241 2667 380 2701 auctionis,
394 2678 441 2705 quo
453 2670 586 2705 Scapulani
605 2669 672 2696 horti
687 2669 813 2695 venibunt.

34 2714 82 2739 pus
101 2704 195 2738 agendi
214 2710 240 2731 et
261 2704 394 2739 cogitandi
413 2705 444 2731 de
464 2714 492 2731 re
512 2705 602 2740 aliqua
618 2705 839 2740 praetermittitur
866 2704 903 2731 Id.
927 2706 998 2731 Fam.
1019 2714 1038 2735 1,
1053 2713 1075 2738 5.

33 2740 73 2767 De
94 2740 186 2775 aliquo
204 2747 231 2767 et
249 2741 409 2767 ornamentis
429 2741 485 2767 eius
507 2747 533 2767 et
552 2741 698 2768 commodis
715 2741 833 2775 cogitare
856 2740 911 2767 Cic.
921 2741 993 2767 Fam.
1015 2750 1035 2773 1,
1048 2748 1074 2776 7.

34 2776 98 2812 Spe,
111 2781 190 2811 atque
207 2776 296 2803 animo
313 2775 345 2803 de
364 2777 406 2809 se,
420 2782 446 2803 et
461 2776 548 2811 gloria
562 2778 606 2804 sua
624 2777 740 2812 cogitare
760 2776 834 2803 Idem
852 2772 901 2811 pro
922 2777 1013 2803 Rabir.
1035 2785 1074 2810 29.

32 2813 66 2839 Et
78 2811 109 2838 de
116 2812 208 2838 Diuin.
221 2821 247 2845 2,
261 2821 308 2846 140
327 2811 399 2838 Tibi
413 2818 501 2839 autem
515 2812 548 2839 de
562 2813 669 2846 mekum
683 2811 854 2839 solicitudine
861 2813 990 2847 cogitanti
1004 2812 1075 2839 subi-

32 2852 62 2873 to
75 2848 131 2874 sum
144 2848 214 2874 visus
231 2849 345 2874 emersus
364 2857 378 2875 e
391 2849 510 2875 flumine.
564 2849 633 2877 Suet.
648 2850 677 2876 in
690 2848 784 2875 Claud.
800 2858 821 2874 c.
835 2857 861 2880 31
896 2850 1010 2884 Excepto
1024 2849 1075 2875 sto-

30 2882 118 2910 machi
137 2876 245 2917 dolore,
265 2893 319 2918 quo
337 2884 362 2910 se
381 2891 534 2919 correptum
552 2885 632 2912 etiam
650 2885 682 2911 de
702 2884 882 2911 consciscenda
895 2885 984 2911 Morte
1004 2886 1075 2919 cogi-

30 2919 90 2946 tasse
105 2918 183 2946 dixit.
257 2919 336 2946 Nihil
350 2929 467 2955 vnquani
481 2930 529 2947 nec
542 2921 573 2947 de
589 2922 648 2954 sua,
667 2930 714 2947 nec
728 2920 760 2947 de
778 2921 914 2947 communi
927 2921 1009 2947 salute
1030 2930 1074 2947 co-

6 2952 14 2986 l
29 2954 114 2988 gitans
129 2955 185 2982 Cic.
201 2964 248 2990 pro
260 2956 342 2985 Marc.
357 2965 378 2982 c.
393 2965 418 2991 7.
490 2958 530 2984 De
543 2956 779 2992 pernicic'alicuius
793 2955 866 2982 Ideni
878 2965 926 2991 pro
934 2957 1017 2984 Flacc.
1038 2977 1044 2983 .
1067 2977 1073 2983 .

28 2990 70 3017 De
83 2990 202 3025 periculo
215 2991 262 3018 suo
275 2992 392 3026 cogitare
410 2993 485 3019 Cnrt.
499 2995 526 3026 6,
540 2998 563 3026 8,
577 3001 598 3026 ς.
634 2993 690 3020 Cic.
705 2994 759 3019 Att.
773 3000 800 3026 7,
814 3001 844 3026 14
872 2993 921 3019 Tu
940 2993 994 3028 ipse
1012 3002 1073 3019 cuni

29 3025 108 3052 Sexto
121 3026 186 3053 scire
197 3027 280 3054 velim
293 3027 358 3062 quid
371 3028 470 3063 cogites
485 3028 518 3055 de
537 3029 657 3056 exeundo
666 3049 674 3062 ,
688 3029 720 3055 de
733 3034 842 3062 totaque
855 3037 884 3054 re
898 3029 964 3063 quid
983 3029 1072 3055 existi-

86 3081 92 3088 .
160 3061 191 3088 Si>
205 3062 270 3097 quid
290 3064 373 3090 amice
393 3064 425 3090 de
439 3065 565 3092 Romanis
578 3065 708 3100 cogitabis
729 3065 799 3098 Nep.
813 3072 853 3096 23,
866 3073 887 3095 2,
902 3066 927 3091 6.
984 3065 1071 3092 Eodem

41 3097 97 3133 ensu
111 3097 234 3132 Inposuit
248 3099 379 3126 Antonius
392 3099 423 3126 ad
443 3100 500 3127 Cic.
514 3102 568 3128 Att.
580 3110 625 3134 14,
637 3110 670 3133 13.
705 3100 754 3127 Sed
773 3099 922 3127 mehercule
941 3101 959 3127 si
979 3101 1071 3129 huma-

49 3133 116 3163 iter,
134 3139 160 3159 et
173 3133 302 3168 sapienter
313 3140 339 3161 et
358 3135 511 3163 amabiliter
528 3137 557 3163 in
570 3146 613 3163 me
634 3136 750 3171 cogitare
771 3136 828 3167 vis,
847 3136 954 3163 facilem
966 3143 991 3163 te
1010 3146 1071 3172 pro-

0 3170 16 3207 [ι
41 3168 101 3195 edio
125 3168 278 3203 praebebis,
295 3176 340 3197 etc.
397 3171 455 3197 Cum
471 3172 637 3209 Accufiztiuo,
658 3174 740 3199 Cui-as
764 3172 881 3206 cogitans
904 3173 1014 3199 vidimus
1041 3183 1071 3200 ex

0 3204 18 3241 l),
48 3204 114 3231 lauti
129 3204 188 3231 Mil.
203 3213 230 3237 2,
242 3213 268 3238 2,
282 3207 327 3240 46.

11 3249 16 3274 f
42 3249 140 3276 oepero
155 3241 289 3274 cogitare,
303 3241 360 3268 eius
379 3240 472 3269 ἓίδωλον
487 3243 556 3270 milii
574 3243 712 3271 aduolabit
732 3243 764 3270 ad
783 3243 882 3278 peetus.
931 3256 935 3261 ¹
953 3246 1028 3271 Curt.
1043 3247 1070 3278 6,

42 3283 64 3309 1,
78 3285 109 3312 37
128 3277 295 3303 Demetrium
309 3283 335 3304 et
349 3277 460 3312 seipsum
473 3278 502 3305 id
519 3279 629 3307 Facinus
643 3280 766 3314 cogitasse
779 3279 906 3306 confessus
919 3280 964 3307 est.
1001 3282 1069 3308 Hor.

47 3312 104 3347 pist.
120 3320 146 3345 2,
161 3321 181 3345 1,
195 3320 240 3339 122.
257 3311 322 3339 Non
334 3313 464 3340 Fraudeni
477 3314 565 3348 socio,
578 3325 662 3351 puero
675 3325 729 3341 non
743 3315 840 3349 cogitat
853 3315 934 3342 vllam
954 3317 1068 3352 Pupillo.

43 3353 70 3374 ta
76 3354 176 3374 veteres
190 3347 326 3378 editionem
341 3348 389 3384 scd
398 3348 493 3376 restim*
503 3351 595 3387 legitur
605 3352 679 3378 hodic
697 3352 816 3378 Pucroue
831 3351 959 3387 incogitat
976 3353 1069 3379 vllam.

30 3453 38 3459 ·
56 3417 110 3452 ini,
122 3428 177 3446 non
191 3420 293 3454 semper
306 3419 411 3446 ἑτι-111116
423 3421 520 3455 potius.
588 3423 796 3458 Proscriptiones
809 3429 834 3449 et
847 3423 990 3451 dietaturas
1011 3425 1068 3451 Cic.

69 3455 146 3482 Catil.
161 3464 186 3489 2,
201 3464 241 3482 20.
312 3456 338 3482 P.
352 3456 447 3489 Syrus,
467 3457 540 3483 Vnus
552 3457 608 3485 dies
615 3459 728 3486 Poenam
741 3458 826 3491 affert,
839 3459 926 3494 plures
941 3461 1069 3495 cogitant,

33 3492 47 3516 '.
65 3489 109 3517 diu
122 3496 292 3527 praeparatur
312 3491 379 3527 quast
392 3499 489 3527 poena,
542 3502 570 3519 ae
587 3503 635 3521 vno
658 3498 750 3530 impetu
768 3497 882 3530 erumpit.
933 3496 973 3523 Sic
993 3496 1068 3530 Qiid

41 3525 124 3560 agitet
145 3525 271 3554 humidus
291 3527 385 3555 Auster
421 3527 464 3554 Sol
483 3501 540 3554 figi:
555 3528 625 3564 signa
645 3529 735 3562 dabit,
760 3533 778 3556 i.
803 3533 830 3556 in
850 3539 921 3566 quam
928 3538 1027 3566 partem
1040 3531 1069 3568 fi

45 3604 60 3624 e
71 3595 164 3632 Legib.
180 3606 206 3631 2,
219 3606 232 3625 a
250 3598 330 3626 Nihil
344 3600 416 3625 enini
428 3599 470 3625 his
484 3599 513 3625 in
526 3599 591 3626 locis
609 3600 658 3627 nisi
671 3601 731 3627 saxa
744 3607 771 3627 et
791 3608 894 3628 montes
910 3602 1066 3636 cogitabam.

44 3632 198 3668 uspendium
210 3631 326 3668 cogitare
339 3635 453 3662 Martial.
468 3644 487 3667 1,
502 3637 551 3662 116.
749 3633 770 3673 q
789 3645 803 3668 3
839 3638 913 3664 Aliae
926 3638 1069 3674 ferundae:

68 3667 124 3703 gito
137 3668 165 3695 iri
178 3663 359 3698 Tusculanum
376 3671 433 3698 Cic.
448 3671 502 3697 Att.
517 3680 543 3703 2,
557 3676 571 3701 8
592 3669 670 3697 intell.
683 3673 722 3697 ire
734 3671 760 3706 s.
776 3671 870 3707 profici
882 3675 914 3699 ci.
950 3675 982 3700 Et
999 3673 1068 3701 Ibid.

41 3704 66 3734 6,
78 3711 95 3730 2.
113 3704 144 3730 In
156 3704 344 3739 Pompeianum
354 3706 519 3742 cogitabam,
531 3706 592 3733 inde
605 3706 762 3733 Aculanum.
798 3708 850 3733 Pau
869 3717 883 3734 o
894 3715 951 3735 ante
968 3709 1069 3736 dixerat

41 3780 125 3814 ogito.
159 3774 233 3810 Cons.
247 3775 287 3803 ld.
301 3777 371 3805 Fam.
385 3786 413 3814 7,
424 3788 452 3812 4.
489 3779 586 3811 Simili,
593 3778 642 3815 sed
655 3781 746 3804 maiore
757 3777 842 3813 ellipsi.
878 3779 934 3806 Cic.
948 3781 1001 3807 Att.
1015 3789 1043 3813 9,
1056 3789 1067 3807 1

55 3817 99 3835 inc
111 3816 183 3843 vero,
193 3809 275 3846 vulgo
293 3812 407 3846 vadunt,
420 3815 502 3842 etiam
516 3815 554 3842 M.
569 3813 700 3849 Lepidus,
715 3822 832 3848 quocum
846 3813 917 3840 diem
931 3823 1067 3842 conterere

0 3859 10 3873 ›,
38 3843 161 3877 olcham,
181 3853 236 3886 cras
254 3847 402 3882 cogitabat,
422 3853 470 3877 int.
491 3850 589 3877 vadere.
661 3850 711 3876 Tu
724 3849 756 3876 de
774 3856 822 3876 tuo
842 3849 939 3876 itinere
959 3851 1025 3886 quid
1041 3858 1067 3878 et

24 3878 132 3914 «quando
145 3886 260 3915 cogites,
274 3883 357 3910 velim
369 3893 411 3911 me
424 3886 566 3914 certiorem
579 3886 660 3913 facias
673 3885 730 3912 Cic.
745 3885 798 3912 Att.
815 3894 854 3917 10,
870 3893 883 3918 5
896 3893 960 3914 extr.
1009 3887 1064 3914 Ad-

29 3915 137 3958 110-6ι“ἀ.·ν
160 3916 284 3952 Cogitate
295 3919 364 3948 male
375 3920 442 3949 Ptin.
455 3926 490 3958 18,
502 3929 526 3958 5.

1110 358 1125 383 5

78 537 250 567 (Ζοὶὲκνι,
270 534 330 562 ulis.
347 534 432 561 Socim
450 532 528 556 exilii.
551 531 606 565 Ego
627 535 652 556 et
673 529 794 555 cocxules
815 527 968 562 experimur
987 525 1083 552 Sarisb.
1104 541 1134 559 10

1106 721 1133 748 15

373 1069 445 1094 Inter
458 1066 581 1101 Cogitare
594 1071 620 1091 et
633 1063 788 1090 Deliberat-e
808 1061 857 1088 hoc
872 1061 992 1092 intercst5
1031 1062 1080 1087 Co-
1099 1068 1132 1096 25
1147 1062 1314 1097 imperatoris
1329 1063 1475 1097 cogitatum
1490 1064 1602 1097 legimus
1618 1065 1686 1100 Nep.
1702 1075 1742 1100 14,
1757 1070 1782 1098 6,
1796 1071 1817 1097 8.
1856 1069 1929 1105 Conf.
1944 1070 1982 1096 Id.
1997 1080 2024 1104 4,
2036 1080 2059 1104 3,
2074 1081 2092 1098 1.

525 1243 614 1271 Labor
631 1242 764 1278 cogitandi
785 1241 840 1268 Cic.
861 1239 893 1266 de
913 1240 983 1266 Clar.
1004 1240 1079 1266 Orat.
1094 1252 1128 1276 30
1146 1251 1205 1269 cere
1222 1242 1336 1276 cogitata
1356 1243 1429 1268 Idem
1443 1252 1492 1277 pro
1506 1243 1595 1270 Deiot.
1611 1252 1647 1278 17.

398 1601 465 1628 Plin.
479 1601 558 1635 Epist.
573 1609 600 1633 9,
617 1602 648 1632 36
677 1600 775 1634 Cogito
791 1599 809 1625 si
823 1598 888 1633 quid
904 1599 933 1625 in
951 1598 1082 1630 inanibus,
1092 1608 1130 1636 40
1149 1599 1208 1626 dem
1223 1609 1297 1627 mora
1309 1600 1413 1626 consilii
1425 1600 1584 1635 explicandi.

33 1960 130 1994 Cogita
144 1958 224 1985 etiam
237 1965 315 1993 atque
328 1964 408 1985 etiam
421 1958 490 1985 Ter.
504 1956 622 1983 Eunuch.
638 1965 657 1988 1,
671 1965 690 1988 1,
705 1965 737 1982 11.
765 1965 767 1973 ¹
792 1957 900 1990 Qianto
914 1956 1012 1990 magiS,
1027 1965 1080 1982 uia-
1091 1964 1124 1991 50
1145 1957 1234 1984 subito
1253 1959 1372 1984 animum
1392 1960 1523 1993 cogitatio
1542 1960 1608 1985 Plin.
1625 1967 1652 1994 7,
1672 1969 1706 1986 12.

973 2135 1040 2159 iuin.
1054 2142 1080 2166 2,
1097 2141 1126 2167 55
1143 2141 1281 2168 percutere
1300 2135 1418 2169 aliquem
1441 2136 1497 2162 Cic.
1518 2145 1567 2171 pro
1586 2137 1683 2164 Milon.
1706 2143 1745 2168 80-

1091 2487 1122 2519 65

885 2669 998 2695 Nullum
1012 2676 1076 2695 tcm-
1084 2675 1120 2702 70

1528 123 1794 164 coo
2114 150 2195 187 990

1150 205 1249 246 Senecl.
1268 211 1293 236 18
1318 207 1473 247 Carthagini
1494 211 1562 249 male
1584 212 1684 239 iamdiu
1707 215 1834 248 cogitanti
1854 214 1952 243 bellum
1971 222 2056 248 multo
2076 230 2135 250 ante
2152 225 2195 252 de.

1151 248 1255 283 nuntio.
1328 243 1465 269 Incondite
1485 245 1604 279 aliquid,
1632 249 1683 274 oni.
1713 257 1803 277 1N<70
1815 258 1970 279 NDiTVS.
2041 259 2195 287 Libidinosa

1151 277 1273 320 q¹c'.0ffi
1289 286 1308 309 1,
1323 287 1360 311 14.
1406 314 1411 319 .
1433 280 1463 318 In
1478 283 1633 320 cogitando,
1655 294 1779 312 moerore
1797 295 1880 321 angor
1897 287 1979 315 Plaut.
1993 291 2072 317 Stich.
2088 299 2095 318 1
2122 304 2129 319 1
2158 305 2195 328 ‘4-

1152 315 1310 353 (dogitatum.
1324 314 1360 339 est
1376 313 1444 354 inihi
1463 317 1528 348 qnid
1543 317 1637 351 loquar
1649 320 1721 346 Ideni
1736 323 1817 348 Mcrc.
1834 332 1859 355 2,
1874 332 1895 355 3,
1912 333 1949 350 io.
2021 327 2087 353 Acer
2100 314 2123 354 et
2134 313 2193 356 'adu

1152 355 1192 375 tus
1208 348 1289 374 honio
1304 358 1332 374 in
1346 351 1487 383 cogitando
1501 352 1558 377 Cic.
1572 354 1602 378 dc
1612 358 1685 380 Orat.
1700 364 1722 388 2,
1760 377 1765 383 .
1805 378 1810 383 .
1882 359 2002 386 Alicuius
2024 363 2126 388 vultum
2150 366 2194 391 ob-

1151 390 1292 425 tiitiiiiique
1306 386 1446 411 oculorum
1461 386 1489 411 in
1508 388 1648 420 cogitando
1662 394 1731 417 nolle
1752 392 1823 419 Ideni
1838 393 1870 420 de
1884 398 1958 422 Orat.
1974 405 1986 428 3
2013 405 2051 431 17.
2123 383 2196 426 sdcni

1150 420 1202 459 Ost:
1220 429 1240 452 1,
1252 429 1290 460 *24
1305 430 1324 446 c.
1340 426 1353 451 8
1385 422 1499 460 Cumis,
1514 423 1560 456 qui
1574 432 1668 450 nocere
1685 426 1761 453 alteri
1775 430 1889 463 cogitat,
1903 417 2043 465 tiiiiet,’nc‚
2056 433 2103 459 nili
2119 434 2145 459 id
2159 435 2193 460 sc-

1151 461 1233 487 cerit,
1250 457 1303 489 ipse
1318 457 1410 491 aliquo
1425 457 1554 483 afliciatur
1568 459 1746 488 incommodo.
1821 466 1884 492 Non
1904 468 2010 494 sunium
2027 477 2058 494 cx
2081 469 2187 503 fulgore

1151 490 1194 517 sed
1210 499 1241 516 cx
1255 493 1330 518 suino
1344 493 1405 519 dare
1419 493 1505 519 lucem
1519 494 1617 528 cogitat
1638 497 1705 522 Hor.
1721 499 1775 524 Art.
1791 498 1862 526 Poct.
1876 511 1928 536 ¹43·
2133 492 2137 494 .
2188 489 2195 501 ’

1187 534 1203 553 C
1213 534 1232 553 O
1242 533 1262 552 G
1272 534 1280 552 I
1290 534 1311 553 T
1320 535 1341 553 A
1351 535 1372 553 N
1382 535 1394 554 S
1404 547 1410 558 ‚
1423 529 1507 568 nanti&
1535 530 1628 556 Partic-
1666 531 1775 567 [ἐννοῶν]
1817 537 1850 561 Γπ
1858 557 1865 568 ‚
1879 539 2015 572 Cogitanti
2036 545 2090 566 non
2108 540 2195 566 affiliit

1149 563 1305 603 Praeceptor
1318 563 1449 602 Qunchl.
1465 572 1484 596 1,
1499 574 1520 596 2,
1537 573 1571 591 12.
1645 566 1724 592 Nihil
1745 570 1801 595 vidi
1817 577 1869 597 tam
1889 567 2050 604 ὤνῆἃοησὺῆον
2079 582 2133 602 tam
2151 586 2195 602 nc-

1150 599 1204 624 scio
1219 597 1284 632 quid
1299 605 1415 632 cogitans
1435 600 1490 625 Cic.
1505 601 1556 626 Att.
1572 609 1608 632 io,
1623 610 1650 626 10
1663 610 1727 629 extr.
2057 596 2065 609 ⁹

1186 635 1373 661 COGiTsiT
1384 641 1424 660 vs
1442 654 1448 664 .
1474 644 1505 667 a,
1531 645 1584 662 uiii.
1625 638 1717 664 Partic.
1754 639 1766 672 [
1780 640 1954 678 ἒννεωημένος]
1996 646 2065 673 Suet.
2094 648 2193 675 Tiber-

1150 679 1171 696 e.
1187 678 1222 702 ¹9-
1247 669 1420 709 *Tormentis
1433 673 1547 704 expressa
1560 672 1684 700 confessio
1697 674 1732 700 cst
1747 676 1853 709 cogitati
1869 678 2002 707 facinoris.
2054 683 2122 709 Aila.
2138 686 2194 711 Cic„

1151 714 1200 740 pro
1214 705 1273 732 Mil.
1288 714 1309 731 c..
1327 714 1362 746 12.
1382 741 1386 746 .
1400 705 1535 745 ldempro
1549 708 1644 735 Milon.
1659 718 1688 741 32
1702 719 1722 736 c.
1740 717 1768 744 17
1796 712 1918 745 Sperallct
1933 717 1956 741 se
1970 718 2038 750 poli'e
2050 720 2196 753 rempubli-

1150 750 1206 768 cam
1220 741 1326 767 cludere
1339 751 1366 767 in
1380 741 1432 767 illis
1443 742 1495 767 suis
1509 743 1629 775 cogitatis
1638 746 1792 772 Furoribus.
1820 748 1888 775 Suet.
1899 750 2046 781 mesurae.
2056 763 2082 780 12
2105 759 2197 789 Quini

1150 777 1199 803 sint
1220 777 1327 812 quidam
1345 777 1481 810 mitiores,
1503 778 1588 812 ipsum
1608 780 1709 812 polica,
1729 789 1754 808 et
1774 782 1792 808 ii
1805 792 1860 810 non
1880 785 1911 810 dc
1930 780 2046 820 perfecto
2080 797 2104 816 at
2123 799 2195 818 certe

1150 812 1182 839 de
1197 814 1314 847 cogitato
1335 813 1468 848 quondam
1488 813 1634 840 parricidio
1653 817 1801 849 profcss'iiiii.
1873 821 1930 847 Plus
1951 809 2135 852 necotii'facit
2154 837 2196 854 res

1149 849 1254 882 cognita
1274 858 1353 883 quam
1373 850 1486 883 cogitata
1508 849 1598 876 lustin.
1621 859 1656 882 21,
1674 860 1701 883 4,
1715 861 1741 884 4.
1797 855 1853 881 Cic.
1868 856 1899 882 de
1921 844 2063 892 Semi-⁶148
2097 862 2196 890 Adsum

41 893 184 922 “5m3m5
204 888 345 924 20713‘57005
364 888 521 921 &finfzen-ou,
540 887 660 923 μεριμνᾷ,
678 884 810 917 ,Gratias-m
831 885 890 909 Vct.
910 883 1009 916 Glosst]
1044 881 1085 916 Est
1106 885 1258 916 20amici5,
1281 886 1360 911 venio
1380 885 1409 911 in
1429 885 1550 911 Senatum
1569 886 1710 926 frequens,
1731 887 1855 922 vitroque
1875 892 1956 919 affero
1976 904 2017 921 res
2037 897 2149 924 multum
2170 905 2196 925 et

1149 920 1196 946 diu
1209 921 1333 953 cogitatas
1343 941 1351 953 ,
1372 930 1467 955 easque
1479 927 1557 947 tueor
1569 930 1653 948 animi
1670 931 1724 948 non
1738 926 1857 957 corporis
1875 928 1986 955 viribus,

1148 955 1261 981 ditatum
1282 963 1307 982 et
1332 957 1477 990 cogitatum
1497 956 1569 983 Idem
1586 957 1699 992 Philipp.
1715 967 1738 991 2,
1751 964 1780 991 85
1794 969 1815 985 c.
1831 970 1871 994 34.

1149 991 1241 1025 spiciet
1255 991 1317 1017 deus
1331 993 1387 1018 Sen.
1403 992 1516 1025 Thyest.
1530 1002 1593 1027 490.

1180 1033 1196 1053 C
1206 1033 1254 1053 OG
1265 1035 1273 1052 1
1283 1034 1303 1053 T
1313 1034 1334 1053 Α
1345 1034 1366 1053 Τ
1375 1034 1395 1052 v
1405 1035 1447 1060 M,
1469 1029 1486 1054 i.
1512 1038 1537 1054 n.
1574 1026 1781 1065 [διανενοημένον]
1818 1033 1881 1065 Quo
1903 1041 1988 1069 neque
2004 1038 2104 1064 acutius
2117 1039 2196 1067 vllius

2137 1076 2196 1102 ser.

1146 1097 1253 1124 Phorm.
1271 1107 1291 1130 1,
1304 1106 1327 1131 5,
1342 1107 1378 1139 53.
1433 1100 1489 1125 Cic.
1504 1102 1536 1139 dc
1551 1101 1620 1134 Lege
1637 1102 1699 1136 Agr.
1715 1111 1723 1127 1
1735 1110 1778 1136 pr.
1806 1104 1900 1130 Vtrum
1915 1107 2029 1140 cogitata
2043 1109 2198 1143 sapientum,

1145 1143 1178 1160 an
1191 1141 1280 1169 optata
1299 1135 1464 1161 furiosorum
1486 1135 1621 1162 Videntur.
1694 1138 1817 1171 Cogitata
1837 1142 1932 1167 mentis
1952 1143 2085 1175 praeclare
2105 1145 2197 1180 eloqui

1146 1170 1203 1196 Cic.
1221 1170 1253 1196 de
1274 1170 1344 1197 Clar.
1362 1171 1437 1197 Orat.
1458 1180 1479 1197 c.
1492 1178 1536 1205 72.
1607 1172 1644 1198 Ex
1666 1174 1776 1199 caeteris
1796 1174 1892 1208 dictis,
1911 1178 2004 1210 sac'tis,
2023 1180 2199 1215 cogitatisque

1146 1206 1214 1232 Sext.
1236 1206 1354 1239 Naeuii,
1372 1207 1463 1241 quiuis
1482 1206 1565 1241 potest
1582 1208 1734 1243 intelligere
1754 1209 1809 1236 Cic.
1831 1220 1880 1245 pro
1895 1214 1989 1246 Qiint.
2004 1224 2046 1246 90.
2120 1217 2198 1243 Perti-

1258 1279 1262 1283 η
1554 1280 1559 1283 .
1717 1245 1854 1274 Interdum
1869 1250 1937 1275 male
1951 1250 2020 1276 faeta
2033 1260 2113 1286 quam
2129 1254 2198 1287 opti-

1148 1287 1191 1304 nie
1205 1285 1319 1312 cogitata
1332 1278 1479 1313 probantur
1491 1288 1573 1314 magis
1589 1279 1656 1306 Vell.
1670 1289 1695 1311 2,
1710 1289 1743 1313 13,
1758 1291 1783 1314 4.

1181 1321 1198 1340 C
1207 1321 1225 1340 0
1235 1321 1255 1340 G
1266 1321 1276 1340 1
1285 1322 1306 1341 T
1315 1321 1365 1341 AT
1375 1322 1395 1341 V
1404 1323 1416 1342 s
1427 1335 1435 1347 ‚
1455 1314 1493 1341 [ις.
1519 1325 1553 1341 iii.
1589 1316 1645 1342 Sen.
1664 1316 1742 1351 Epist.
1760 1326 1781 1343 11
1809 1318 1835 1343 O
1852 1318 1959 1346 felicem
1972 1321 2048 1349 illum
2057 1343 2064 1355 ,
2075 1324 2127 1358 qui
2142 1333 2198 1351 non.

1147 1349 1283 1384 adspetitus
1304 1356 1421 1382 tantum,
1439 1350 1482 1377 sed
1502 1352 1581 1377 etiam
1603 1352 1731 1386 cogitatus
1752 1353 1880 1380 emendat.
1929 1356 2003 1393 Coris.
2026 1359 2144 1386 Termss.
2167 1361 2199 1387 de

1147 1385 1243 1411 Idolol.
1258 1395 1277 1411 c.
1291 1395 1330 1417 23.
1368 1386 1400 1412 de
1414 1387 1488 1420 Virg.
1503 1387 1612 1412 Veland.
1627 1397 1647 1414 c.
1665 1396 1697 1420 15.
1716 1395 1739 1414 et
1755 1389 1787 1414 de
1800 1390 1905 1416 Resurr.
1920 1401 1941 1418 c.
1958 1402 1991 1426 15.
2029 1395 2061 1420 Er
2076 1396 2128 1422 Pet.
2142 1397 2199 1423 Ble-

2042 933 2127 959 Scclus
2143 944 2197 961 iiie—

1943 965 2012 991 Bene
2029 969 2142 1002 cogitata
2157 979 2197 997 re-

740 1420 859 1446 Multum
891 1426 916 1445 et
946 1419 1010 1451 diu,
1028 1419 1082 1446 vid.
1101 1426 1129 1452 35
1148 1420 1224 1446 sensis
1240 1421 1319 1455 Epist.
1336 1428 1373 1452 35.
1409 1422 1548 1456 Cogitatus
1569 1429 1628 1449 tuos
1650 1430 1675 1449 et
1695 1424 1833 1451 inchoatae
1849 1429 2056 1455 conuersationis
2072 1439 2199 1460 euentum

1149 1456 1221 1482 illius
1238 1457 1376 1482 committe
1396 1457 1519 1484 arbitrio.
1593 1460 1719 1493 Cogitatu
1739 1469 1805 1494 opus
1819 1461 1855 1486 cst
1875 1462 1976 1496 ingenii
1996 1466 2065 1492 Vitr.
2103 1487 2109 1492 .
2146 1487 2152 1494 .

1148 1492 1222 1528 Conf.
1239 1492 1344 1527 Vulgat.
1360 1492 1528 1519 Ecclesiastic.
1541 1502 1568 1526 9,
1583 1502 1608 1526 23
1625 1503 1648 1520 et
1660 1496 1729 1521 alibi.

1186 1534 1434 1560 COGlTATIO,
1459 1529 1527 1555 [mis.
1549 1530 1568 1555 f.
1607 1531 1710 1560 stivam,
1731 1530 1874 1563 ἔνθύμησις,
1894 1533 2070 1569 ἔπιλογισμός]
2100 1537 2188 1564 Festus

1148 1564 1285 1599 Cogitatio
1308 1563 1379 1590 diola
1391 1565 1465 1591 velut
1482 1565 1649 1598 Coagitatio;
1671 1567 1689 1592 i.
1709 1567 1788 1601 longa
1802 1567 1919 1594 eiusdem
1932 1570 1972 1595 rei
1991 1571 2102 1605 agitatio
2116 1574 2142 1599 in
2158 1559 2200 1600 eal

1631 1602 1738 1628 Vitruu.
1756 1612 1775 1634 1,
1790 1611 1805 1629 2
1834 1604 1972 1638 Cogitatio
1985 1608 2021 1632 est
2036 1616 2097 1634 cura
2117 1610 2200 1636 studii

1147 1636 1224 1670 plena
1242 1642 1268 1662 et
1291 1635 1436 1662 industriae
1460 1637 1670 1672 vigilantiaeque
1696 1638 1803 1664 effeetus
1823 1640 1949 1674 propositi
1968 1651 2028 1669 cum
2054 1644 2199 1679 voluptate.

1147 1672 1213 1698 Plin.
1230 1681 1263 1704 11,
1278 1680 1309 1707 37
1330 1673 1427 1706 Magna
1443 1674 1572 1707 cogitatio
1592 1673 1724 1700 obcaecat.
1783 1675 1875 1702 Vellei.
1893 1685 1915 1709 2,
1931 1684 1972 1711 73,
1989 1687 1997 1704 1
2038 1680 2090 1706 Hic
2110 1681 2197 1708 adole»

1147 1708 1217 1733 scens
1234 1714 1290 1734 erat
1315 1708 1409 1734 studiis
1427 1709 1517 1741 rudis,
1538 1709 1658 1735 sermone
1679 1709 1820 1743 barbarus,
1841 1711 1943 1746 inipetu
1963 1713 2097 1748 strenuus,
2118 1726 2199 1745 manu

1146 1750 1283 1778 pronitus,
1305 1744 1467 1778 cogitatione
1481 1744 1566 1776 celer,
1580 1751 1624 1770 etc.
1662 1745 1718 1772 Cic.
1734 1747 1808 1772 Verr.
1823 1755 1848 1779 2,
1862 1756 1906 1780 134
1936 1749 2006 1776 Nam
2029 1751 2114 1785 ipsum
2136 1755 2199 1780 Ver-

35 1786 103 1808 rent.
116 1779 221 1807 Phoriu.
236 1789 256 1812 1,
273 1787 295 1813 5,
309 1788 337 1806 10
364 1781 402 1806 Ita
417 1780 472 1805 suin
483 1779 617 1810 irritatus,
636 1777 755 1804 animum
769 1783 798 1803 vt
817 1785 948 1812 nequeam
961 1776 994 1803 ad
1010 1777 1081 1817 cogi·
1091 1784 1126 1811 45
1147 1787 1204 1805 rem
1227 1785 1330 1805 tantum
1348 1780 1451 1813 semper
1472 1780 1584 1806 auaritia
1604 1780 1694 1807 hiante
1711 1787 1791 1816 atque
1802 1783 1956 1810 imminenti
1975 1786 2068 1820 fuisse,
2088 1788 2198 1823 ingenio

1146 1820 1172 1854 et
1187 1815 1349 1849 cogitatione
1363 1815 1453 1850 nulla,
1471 1823 1516 1842 etc.
1559 1816 1632 1842 Idem
1646 1817 1729 1843 Tusc.
1746 1826 1769 1851 5,
1785 1826 1819 1845 111
1835 1828 1856 1845 c.
1869 1825 1898 1852 38
1927 1820 2054 1855 Sapientis
2068 1824 2139 1850 enim
2155 1834 2199 1852 co-

1146 1851 1242 1884 gitatio
1256 1859 1310 1876 11011
1323 1851 1408 1877 ferme
1425 1851 1458 1878 ad
1473 1852 1685 1887 inuestigandum
1703 1853 1813 1880 adhibet
1827 1856 1918 1882 oculos
1937 1857 2093 1892 aduocatos,
2108 1864 2135 1886 in
2147 1863 2199 1887 lau·-

1146 1885 1174 1912 dc
1187 1887 1228 1912 vel
1240 1887 1403 1922 consolatione
1417 1894 1482 1914 certe
1494 1891 1632 1914 caecitatis.
1693 1890 1723 1915 Et
1736 1890 1788 1916 Off.
1803 1898 1822 1923 1,
1836 1899 1853 1923 9
1882 1892 1977 1919 Omnis
1992 1900 2080 1921 autem
2100 1897 2199 1931 cogita-—

1146 1922 1185 1948 tio
1206 1929 1346 1957 motusque
1367 1923 1466 1956 animi,
1484 1929 1529 1950 aut
1549 1924 1578 1950 in
1596 1923 1712 1951 consiliis
1729 1926 1879 1960 capiendis,
1894 1934 1939 1954 etc.
2012 1931 2198 1959 Transuolanu

1182 1994 1185 1997 Ι
1647 1996 1651 1999 .
1779 1962 1869 1988 Motus
1889 1965 2060 1998 cogitationis
2074 1968 2199 1995 celeriter

1145 2000 1274 2028 agitatus,
1287 1995 1370 2030 perse
1384 1995 1435 2031 ipft
1449 1992 1556 2021 delectat
1571 1996 1626 2022 Cic.
1644 2005 1673 2022 in
1686 1997 1762 2023 Orat.
1778 2005 1830 2031 ¹34-
1866 1998 1940 2026 Idem
1954 2002 2006 2027 Att.
2022 2010 2056 2035 15,
2071 2011 2098 2036 25
2125 2005 2199 2030 Haec

1145 2039 1189 2056 ine
1202 2031 1298 2063 species
1313 2030 1495 2066 cogitatioque
1509 2031 1654 2066 perturbat.
1726 2034 1863 2059 Acerriina
1876 2040 1954 2069 atque
1969 2038 2135 2065 attentiffima
2155 2049 2199 2066 coa

1146 2065 1242 2099 gitatio
1256 2065 1295 2091 Id.
1310 2065 1342 2091 de
1355 2066 1430 2093 Orat.
1452 2076 1475 2098 3,
1490 2075 1526 2101 i7.
1597 2068 1720 2093 Fortuita
1736 2068 1846 2101 Qiinct.
1861 2077 1899 2102 10,
1913 2079 1935 2102 3,
1950 2079 1992 2104 29.

1144 2100 1254 2126 tissimae
1275 2101 1450 2134 cogitationes
1464 2101 1640 2135 cupiditatum
1660 2102 1734 2129 Idem
1754 2112 1791 2136 12,
1809 2113 1828 2135 1,
1850 2108 1874 2131 6.
2064 2075 2199 2110 Impooen-

1944 2107 2021 2134 Inani
2035 2110 2198 2144 cogitatione

1485 2172 1490 2176 ι
1818 2141 1953 2176 Inquieta
1967 2145 2097 2178 cogitatio
2127 2148 2198 2174 Cels.

1295 2171 1415 2198 Peterem
1429 2180 1536 2198 veniam
1550 2179 1639 2199 errato
1653 2174 1683 2200 L.
1699 2175 1813 2202 Caecilii
1831 2185 1863 2202 ex
1876 2178 1979 2206 intimis
1992 2181 2084 2207 vestris
2099 2183 2199 2217 cogita—

1141 2205 1263 2232 tionibus
1276 2212 1356 2242 atque
1370 2216 1403 2235 ex
1422 2207 1587 2234 humanitate
1608 2211 1746 2236 communi
1769 2211 1825 2238 Cic.
1839 2221 1889 2246 pro
1901 2213 1965 2240 Sull.
1978 2217 2014 2249 64
2034 2225 2056 2243 c.
2070 2225 2110 2249 23.
2128 2222 2146 2244 ι’.
2167 2222 2197 2245 in

1138 2242 1245 2277 petenda
1263 2246 1338 2269 venia
1356 2243 1391 2269 ad
1409 2247 1505 2270 animos
1525 2242 1620 2276 vestros
1639 2251 1663 2270 et
1681 2246 1857 2281 cmiscientiam
1869 2255 2046 2284 pronon-arem,
2060 2260 2084 2278 et
2096 2254 2197 2289 stnfiam

1138 2277 1208 2304 illum
1223 2277 1398 2304 humanitatis.
1469 2279 1525 2305 Cic.
1540 2287 1589 2312 pro
1603 2279 1700 2306 Milon.
1715 2288 1749 2314 79
1763 2291 1784 2307 c.
1800 2290 1834 2315 29
1860 2283 1966 2318 Fingite
1980 2287 2090 2314 animis:
2115 2289 2195 2316 Libe-

1143 2170 1228 2196 Praef.
1239 2179 1257 2196 1.

31 2324 61 2341 ex
73 2314 142 2341 Ter.
156 2313 238 2341 Andr.
255 2321 275 2347 1,
291 2323 316 2346 2,
331 2322 353 2340 11
383 2315 419 2340 Vt
433 2323 466 2340 ne
481 2314 541 2340 esset
561 2313 674 2347 spatium
688 2311 822 2347 cogitandi
841 2312 874 2339 ad
894 2311 1076 2339 disturbandas
1086 2315 1121 2340 60
1141 2322 1186 2340 rae
1200 2313 1273 2339 enim
1286 2313 1346 2338 sunt
1359 2314 1552 2347 cogitationes,
1567 2320 1608 2346 et,
1620 2324 1688 2349 quae
1701 2317 1812 2350 volunt,
1833 2318 1866 2345 sic
1881 2319 2035 2355 intuentur,
2055 2329 2084 2350 vt
2097 2333 2127 2351 ea
2140 2335 2196 2352 cer-

1140 2349 1245 2387 nimus,
1266 2356 1333 2387 quae
1353 2349 1484 2376 videmus.
1541 2350 1646 2384 Fingite
1666 2351 1749 2386 igitur
1769 2355 1931 2388 cogitatione
1951 2357 2095 2393 imaginem
2114 2360 2196 2388 huius

1141 2383 1305 2409 conditionis
1322 2393 1395 2410 meae
1416 2391 1460 2411 etc.
1532 2385 1626 2413 Tacit.
1641 2388 1708 2414 Ann.
1723 2396 1761 2421 15,
1776 2397 1808 2423 54
1837 2391 1924 2427 Atque
1940 2393 1995 2428 ipse
2017 2396 2129 2423 moestus
2169 2403 2196 2424 et

1141 2427 1250 2460 magnae
1264 2420 1435 2454 cogitationis
1455 2421 1607 2448 manifestus
1621 2430 1690 2450 erat:
1715 2425 1838 2459 quamuis
1856 2427 1986 2455 laetitiam
2006 2432 2079 2466 vagis
2098 2417 2197 2460 [611110-

1139 2454 1219 2481 nibus
1232 2456 1372 2482 uniularet.
1425 2457 1607 2490 Molliffimae‚
1627 2459 1680 2486 vid.
1704 2467 1830 2488 MOLLIS.
1866 2463 1935 2491 Suet.
1951 2466 2108 2501 Calig.c.48
2129 2469 2195 2495 Vix-

1140 2499 1193 2526 que
1206 2499 1219 2531 ²¹.
1232 2497 1285 2517 tam
1294 2492 1435 2527 Praecipiti
1450 2494 1614 2528 cogitatione
1628 2502 1766 2523 reuocatus
1780 2497 1900 2526 inhiberi
1913 2496 1988 2528 nullo
2000 2503 2082 2530 inodo
2095 2506 2193 2538 potuit.

1139 2527 1249 2567 Prouisa
1262 2533 1289 2568 et
1299 2528 1415 2568 formata
1428 2530 1557 2564 cogitatio
1571 2531 1672 2565 semper
1692 2532 1808 2560 nostram
1829 2543 1922 2562 vocem
1943 2538 1992 2571 (in
2006 2538 2131 2575 dicendo)
2151 2550 2196 2568 ex-

1140 2569 1222 2603 cipiat
1236 2563 1368 2605 (ψη-18111.
1386 2573 1423 2605 10,
1438 2572 1466 2600 7,
1481 2570 1503 2595 8.
1575 2567 1726 2601 Proponere
1744 2568 1794 2596 fibi
1815 2572 2034 2600 exercitationem
2054 2576 2082 2602 in
2097 2577 2194 2610 Qioti-

1140 2598 1225 2625 diariis
1244 2600 1452 2634 cogitationibus
1479 2602 1536 2628 Cic.
1556 2601 1588 2628 de
1599 2603 1674 2630 Orat.
1698 2614 1714 2635 1,
1731 2613 1776 2639 154
1795 2615 1816 2632 c.
1838 2616 1880 2640 34.
1901 2611 1920 2635 i.
1940 2613 2185 2639 commentationibus

1139 2638 1316 2675 effercitationc
1329 2635 1446 2670 dicendi,
1460 2637 1489 2663 de
1508 2647 1557 2673 qua
1571 2648 1626 2665 mox
1642 2639 1754 2666 dabimus
1765 2643 1843 2668 locum
1863 2644 1972 2678 Qun&
1986 2655 2025 2679 10,
2041 2650 2067 2680 6,
2080 2657 2098 2674 1.
2137 2633 2194 2676 Ta:

1139 2676 1191 2697 cita
1203 2672 1261 2712 Cic.
1276 2671 1329 2712 Off}
1344 2681 1408 2713 3,·4.
1480 2673 1595 2700 Tacitae
1609 2676 1785 2709 cogitationes
1804 2678 1925 2707 iudicum
1939 2682 2049 2716 Qun&
2069 2686 2095 2716 6,
2112 2693 2132 2716 1,
2145 2694 2191 2717 44.

1139 2707 1250 2747 'I'acitas
1269 2713 1443 2742 cogitationes
1459 2710 1606 2737 extimescit
1632 2712 1688 2738 Cic.
1704 2721 1753 2747 pro
1767 2713 1855 2748 Ligar.
1927 2717 2073 2751 Vigilantes
2094 2721 2192 2753 cogita*

1139 2748 1225 2784 tiones
1247 2743 1336 2770 insunt
1353 2744 1381 2770 in
1397 2745 1493 2771 animis
1514 2746 1587 2774 Idem
1606 2746 1638 2774 de
1657 2748 1750 2775 Diuin.
1769 2758 1796 2782 2,
1812 2759 1864 2783 139.
1937 2753 2070 2787 Quinctil.
2087 2762 2125 2787 10,
2141 2758 2167 2787 6,
2180 2764 2190 2781 1

1139 2779 1343 2820 ProximaUstilo
1354 2781 1493 2820 *cogitatio
1512 2781 1566 2814 est,
1586 2792 1653 2817 quae
1667 2790 1693 2811 et
1706 2786 1761 2819 ipsa
1774 2786 1845 2813 vires
1859 2785 1892 2813 ab
1907 2786 1957 2814 hoc
1971 2790 2084 2824 accipit,
2109 2797 2134 2817 et
2153 2790 2190 2817 est

1139 2821 1210 2841 inter
1229 2815 1361 2856 scribendi
1381 2816 1501 2843 laborem
1520 2820 1780 2856 extemporalemque
1794 2822 1930 2849 fortunam
1951 2824 2037 2851 media
2051 2826 2190 2860 quaedam,

1138 2856 1165 2877 et
1183 2852 1272 2878 nescio
1291 2860 1325 2878 an
1343 2853 1403 2879 vsus
1422 2853 1634 2888 frequentissinii.
1670 2871 1716 2877 —
1752 2858 1825 2884 Haec
1846 2859 1935 2892 paucis
1954 2859 2096 2888 admodum
2114 2861 2190 2889 horis

1138 2896 1244 2922 magnas
1258 2888 1337 2915 ctiam
1357 2890 1444 2915 causas
1458 2890 1654 2925 complectitur.
1711 2893 1783 2919 Haec
1803 2894 1908 2927 quoties
1923 2895 2080 2923 intermissus
2099 2898 2136 2924 est
2149 2899 2189 2925 so-

1138 2932 1231 2964 mnus,
1255 2923 1315 2958 ipsis
1336 2924 1423 2951 noetis
1446 2925 1563 2952 tenebris
1587 2927 1735 2954 adiuuatur.
1785 2930 1856 2955 Haec
1877 2930 1947 2956 inter
1971 2931 2073 2958 medios
2096 2943 2189 2961 rerum

1138 2958 1210 2985 aetus
1223 2960 1328 2986 inuenit
1348 2960 1450 2996 aliquid
1471 2963 1566 2995 vacui,
1586 2972 1634 2989 nec
1647 2964 1734 2989 otium
1749 2964 1856 2998 patitur.
1909 2966 2005 3001 Neque
2018 2977 2084 2995 vero
2096 2978 2189 2997 rerum

1137 2995 1261 3022 ordinem
1276 2996 1358 3023 modo
1371 2996 1442 3023 intra
1454 2998 1479 3024 se
1491 2998 1545 3033 ipsa
1559 2998 1692 3033 disponit,
1711 3000 1753 3025 sed
1766 3000 1848 3027 verba
1864 3002 1944 3028 etiam
1958 3003 2079 3038 copulat,
2092 3010 2189 3032 totam-

1094 3032 1127 3058 80
1136 3040 1189 3066 que
1203 3032 1239 3058 ita
1251 3034 1369 3059 contexit
1381 3033 1549 3066 orationem,
1562 3040 1591 3060 vt
1603 3043 1629 3060 ci
1643 3034 1712 3060 nihil
1726 3042 1830 3069 praeter
1843 3045 1951 3064 manum
1966 3038 2040 3072 defit,
2047 3047 2093 3066 etc.
2124 3042 2187 3068 Sunt

403 3207 459 3234 Cic.
473 3208 545 3234 Fam.
560 3216 595 3241 15,
610 3211 639 3235 16
667 3207 716 3234 Sed
735 3207 753 3234 si
774 3207 886 3234 insulani
899 3209 1065 3236 Britanniam
1087 3209 1117 3239 85
1133 3216 1236 3237 tantum
1256 3211 1364 3239 roboris
1377 3212 1520 3244 habemus,
1539 3218 1568 3239 vt
1580 3213 1742 3246 cogitatione
1761 3215 1839 3241 tacita
1851 3223 1866 3241 a
1886 3217 2031 3245 solitudine

47 3383 83 3410 ic.
95 3383 128 3410 de
141 3384 216 3411 Orat.
231 3392 251 3416 1,
264 3391 296 3418 75
322 3384 436 3418 Quando
453 3385 526 3412 enirn
537 3395 579 3414 me
591 3387 639 3414 ista
651 3387 747 3414 curasse
761 3393 807 3413 aut
824 3388 944 3422 cogitasse
956 3389 1068 3415 arbitra·
1084 3396 1120 3422 90
1134 3396 1190 3416 tere
1208 3392 1398 3425 cogitationem
1417 3400 1432 3417 a
1451 3391 1580 3422 miseriis,
1601 3398 1625 3417 et
1646 3391 1673 3417 in
1695 3393 1886 3427 cogitationem
1909 3396 1975 3424 belli
1995 3406 2100 3432 regem,

20 3576 21 3581 =
46 3560 128 3594 estat,
139 3568 223 3589 vtrum
234 3563 268 3590 ad
274 3565 403 3598 pluuium,
423 3573 456 3589 an
469 3563 504 3589 ad
510 3563 669 3599 firmitatem
680 3566 755 3600 Virg.
769 3566 867 3600 Georg.
884 3574 904 3598 1,
917 3568 978 3600 462..
1012 3568 1069 3594 Cic.
1080 3571 1114 3597 95
1132 3568 1243 3602 animis,
1257 3575 1283 3596 ct
1301 3569 1462 3603 cogitatione
1481 3569 1554 3595 Idem
1568 3578 1617 3603 pro
1631 3569 1713 3598 Flacc.
1733 3574 1776 3599 66.

1133 3612 1194 3631 nem
1214 3606 1303 3637 sensu,
1325 3610 1371 3631 aut
1391 3605 1552 3639 cogitatione
1577 3604 1617 3639 Id.
1632 3605 1664 3632 de
1678 3607 1754 3634 Orat.
1772 3617 1795 3641 3,
1833 3629 1838 3635 .
1877 3629 1884 3636 .

1133 3638 1195 3667 dere
1209 3647 1235 3667 et
1253 3640 1420 3674 intelligere,
1439 3640 1602 3674 cogitatione
1622 3642 1679 3669 Cic.
1691 3643 1774 3671 Tusc.
1788 3653 1808 3676 1,
1823 3653 1863 3677 50.
1879 3654 1883 3663 ¹

1133 3684 1206 3703 curas
1222 3677 1449 3711 cogitationesque
1462 3676 1490 3701 in
1504 3684 1562 3702 rem
1577 3677 1694 3712 aliquam
1714 3679 1788 3706 Idem
1801 3679 1852 3706 Off.
1868 3688 1888 3711 2,
1902 3688 1919 3706 2
1934 3689 1954 3705 c.
1969 3689 1987 3706 1.

194 3737 202 3743 ,
782 3741 787 3746 ι
1133 3719 1192 3738 rere
1205 3711 1308 3747 aliquid
1328 3711 1491 3745 cogitatione
1510 3711 1596 3741 Id.,de
1609 3714 1683 3740 Orat.
1698 3723 1722 3747 2,
1735 3723 1780 3747 131.

47 3740 282 3778 ›ie-praepositioni,
300 3741 349 3768 Sed
367 3743 495 3778 quoniam
508 3743 579 3770 Euro
599 3742 665 3769 villa
685 3741 865 3776 extrudimus,
893 3743 1066 3771 Brundusium
1075 3747 1207 3774 motione
1220 3748 1276 3774 Cic.
1292 3746 1324 3773 de
1338 3745 1439 3772 Sene&

1841 3081 1852 3091 ο

1137 3070 1201 3093 enim
1222 3068 1335 3104 pluscula
1356 3067 1422 3095 IeHu
1448 3069 1597 3106 digiigffin1a.
1796 3069 1817 3109 fl
1889 3074 2016 3101 Formulae
2042 3076 2187 3104 verborum:

1137 3103 1194 3130 Cic.
1207 3103 1239 3129 de
1253 3104 1361 3131 Amicit.
1375 3114 1401 3137 31
1423 3105 1502 3132 Nihil
1518 3105 1590 3132 enim
1604 3105 1701 3137 altum,
1721 3105 1791 3132 nihil
1804 3109 1990 3143 magnificum,
2011 3119 2040 3137 ac
2061 3111 2187 3140 diuinum

1136 3139 1266 3174 suspicere
1279 3142 1398 3175 potsunt,
1420 3141 1466 3176 qui
1480 3142 1535 3167 suas
1550 3149 1641 3167 omnes
1658 3141 1831 3176 cogitationes
1845 3143 2007 3172 Abiecerunt
2020 3147 2049 3173 in
2062 3157 2120 3175 reni
2132 3156 2187 3176 tam

1135 3174 1266 3202 humilem
1286 3182 1394 3211 tamque
1414 3182 1582 3203 contemtani.
1654 3178 1710 3204 Cic.
1725 3178 1777 3204 Off.
1793 3187 1816 3211 3,
1830 3188 1849 3212 4
1880 3181 1938 3207 Nos
1951 3189 2056 3216 autem,
2070 3185 2117 3219 qui
2130 3194 2185 3211 non

1134 3256 1205 3280 mur,
1224 3247 1256 3274 ad
1269 3247 1336 3275 hanc
1351 3248 1483 3275 scribendi
1496 3257 1605 3283 operam
1617 3257 1696 3274 omne
1708 3249 1823 3276 studium
1837 3260 1980 3288 curamque
1992 3219 2182 3283 conecti-tiliiiilss.

1134 3283 1260 3318 Accipere
1274 3285 1448 3319 cogitationes
1467 3283 1592 3316 alicuius,
1605 3288 1756 3320 participem
1767 3285 1830 3321 fieri
1848 3291 2027 3324 cogitationum
2047 3299 2091 3318 aut
2110 3291 2184 3325 const-

1134 3319 1222 3345 Iiorum
1236 3319 1311 3354 ipsius
1325 3319 1410 3347 Catul.
1424 3326 1461 3353 35,
1474 3326 1496 3352 5.
1552 3319 1684 3353 Quinctil.
1699 3329 1719 3352 1,
1734 3329 1771 3353 12,
1786 3330 1809 3348 11
1830 3323 1914 3350 Porro
1926 3331 1956 3352 vt
1970 3326 2124 3362 frequenter
2139 3335 2183 3352 ex-

1135 3355 1206 3388 perti
1217 3355 1321 3388 sumus,
1340 3356 1429 3381 minus
1442 3353 1531 3382 Afficit
1544 3356 1630 3382 sensus
1643 3356 1783 3390 fatigatio,
1804 3367 1884 3393 quain
1898 3361 2034 3396 cogitatio.
2098 3363 2181 3388 Auer-

2127 3397 2180 3423 vid.

1134 3432 1305 3454 AVERTO.
1377 3426 1433 3453 Cic.
1447 3427 1520 3453 Fam.
1534 3436 1562 3461 4,
1578 3435 1591 3460 5
1630 3427 1715 3455 Etiam
1734 3434 1764 3455 tu
1776 3429 1808 3456 ab
1828 3430 1898 3458 hisce
1917 3433 1995 3459 rebus
2012 3441 2130 3460 animum
2147 3432 2180 3458 ad

1134 3461 1323 3496 cogitationem
1337 3467 1410 3489 tuam
1424 3462 1522 3488 Auoca.
1594 3462 1695 3489 Cadere
1714 3464 1743 3490 in
1762 3466 1969 3501 cogitationem,
1990 3469 2043 3495 vid.
2064 3473 2080 3494 c
2092 3474 2140 3494 AD
2149 3475 2179 3494 o.

1134 3497 1270 3533 Colligere
1280 3498 1442 3532 cogitatione
1457 3504 1483 3524 et
1496 3497 1685 3531 cogitationem
1694 3519 1703 3532 ,
1720 3500 1773 3527 vid.
1797 3508 1814 3528 c
1826 3509 1845 3529 ο
1857 3509 1872 3528 L
1883 3510 1898 3529 L
1909 3511 1918 3530 1
1928 3510 1947 3530 G
1960 3511 1988 3531 o.
2057 3503 2180 3537 Comple-

1134 3531 1172 3559 &i
1190 3534 1352 3568 cogitatione
1373 3533 1506 3560 absentem
1528 3533 1584 3559 Cic.
1599 3534 1671 3562 Fam.
1686 3543 1708 3568 3,
1722 3544 1754 3562 11.
1827 3538 2059 3573 Comprehendere
2078 3539 2180 3573 aliquid

1849 3574 2079 3609 Comprehendere
2097 3575 2180 3601 ratio-

2000 3609 2179 3645 Comprehen-

1936 3645 2066 3672 Conferre
2086 3653 2179 3672 onmes

2059 3682 2178 3716 Conqui-

1852 3715 1986 3748 Consequi
1998 3716 2068 3743 nihil
2081 3719 2178 3751 cogita-

1511 3747 1584 3774 Idem
1597 3749 1650 3776 Off.
1666 3759 1687 3782 1,
1702 3758 1731 3785 17
1762 3750 1879 3783 Agitatio
1892 3751 2004 3783 mentis,
2025 3762 2091 3786 quae
2111 3761 2177 3778 mm.

1132 3791 1213 3818 quan-i
1233 3782 1390 3817 acquiescit,
1411 3782 1495 3817 potest
1514 3792 1562 3810 nos
1582 3785 1610 3810 in
1628 3785 1722 3812 studiis
1742 3785 1910 3819 cogitationis
1930 3786 2011 3812 etiam
2031 3788 2084 3814 sine
2097 3796 2177 3822 opera

1130 3819 1218 3846 nostra
1233 3818 1387 3845 Continere.

1131 3860 1235 3881 vei-tere
1249 3855 1274 3879 se
1285 3853 1392 3885 animo,
1406 3859 1432 3879 et
1445 3855 1608 3889 cogitatione
1619 3856 1712 3891 aliquo
1726 3856 1781 3882 Cic.
1797 3855 1829 3882 de
1843 3857 1917 3882 Orat.
1930 3865 1950 3887 1,
1963 3859 1988 3883 6.

1130 3890 1157 3916 sa
1171 3889 1316 3924 cogitatio,
1341 3888 1394 3915 vid.
1416 3895 1594 3918 CONVELLO.

597 3921 700 3951 Callicle
715 3921 785 3957 Nep.
797 3929 838 3955 14,
852 3925 876 3955 8,
889 3930 916 3956 4.
959 3922 1015 3956 Cic.
1031 3923 1114 3954 deio3
1132 3920 1188 3954 C'ic.
1204 3924 1236 3952 ad
1249 3925 1321 3953 Caes.
1335 3925 1389 3950 Att.
1403 3926 1429 3957 6,
1444 3933 1468 3953 11
1499 3926 1540 3953 De
1551 3926 1636 3962 gratia
1651 3933 1676 3954 et
1689 3927 1721 3955 de
1734 3935 1785 3962 ope
1799 3926 1863 3961 quid
1875 3927 2048 3962 significares,
2071 3935 2175 3954 mecum

1459 3819 1618 3846 Conuellere
1632 3821 1820 3855 cogitationem
1833 3820 1871 3846 Id.
1887 3821 1957 3847 Fam.
1971 3829 1994 3854 5,
2009 3831 2042 3855 13-
2107 3825 2176 3882 Coq-

2060 3860 2154 3885 Conuu
2166 3873 2176 3878 -

1666 3891 1801 3918 Deducere
1822 3891 1854 3917 ad
1868 3892 2057 3925 cogitationem
2071 3903 2095 3919 v.
2109 3893 2134 3918 b.
2149 3901 2173 3917 v.

1303 3960 1354 3989 61
1389 3968 1406 3987 2
2121 3962 2176 3998 ips:
