2474 4182
667 55 963 99 DISSERT.
999 51 1077 89 DE
1107 51 1509 91 PRAECIPVIS
1540 55 1818 94 LEXICIS
1847 57 1982 94 LAT.

268 167 415 209 Vtroque
443 158 584 196 aticfforc
601 187 610 202 ‚
639 153 780 202 Lipsiae,
844 150 954 186 Vertit
979 149 1013 184 in
1041 146 1192 195 linguam
1209 150 1298 185 Ger-

265 216 436 250 manicam
462 211 604 250 Lutheri
627 207 898 245 commentarios
930 206 964 240 in
987 202 1136 240 Gcnefin
1161 216 1168 239 :
1213 206 1299 240 Item

265 270 449 304 Saxoniam
474 266 619 304 Cranzii
635 291 644 308 ,
680 260 781 309 Lips'
804 260 899 307 1563.
972 261 1110 294 Denato
1140 271 1157 293 r
1174 272 1192 293 A
1209 272 1225 294 B
1240 272 1259 294 R
1274 272 1295 294 0

264 322 395 370 prodiit
411 321 610 357 Thcffiurus
626 328 706 352 cura
721 315 889 353 Filiorum
908 312 1056 364 Philippi
1078 321 1112 348 et
1133 313 1185 348 M.
1203 311 1298 348 Chri-

255 375 403 427 stophori
419 372 522 410 Fabri
546 375 643 419 1587.
674 369 734 408 fol.
797 372 870 419 Qu
894 370 935 418 a)
963 369 1045 404 huic
1062 366 1273 415 expoliendo
1290 395 1300 413 ‚

263 429 458 467 illustrando
475 455 485 471 ,
523 426 755 477 augendoque
789 426 905 474 postea
932 434 1054 459 manus
1083 422 1273 458 admouere
1289 451 1299 467 ,

263 493 598 522 erantrAVLLVS
622 493 872 525 rnAncvs,
893 489 1154 515 Avovsrvs
1176 488 1300 512 nven-

266 548 426 574 Nnnvs
455 565 466 582 ,
516 549 740 573 ucoBvs
786 544 1070 572 THOMASIVS
1095 560 1106 577 ,
1157 544 1298 568 CHRI-

263 603 558 628 STOPHORVS
588 602 879 628 ceiranivs
903 617 914 634 ,
946 599 1095 624 ANDR.
1116 597 1298 622 srvssr-

260 660 278 682 1.
295 660 372 683 1vs
392 676 402 689 ,
433 660 537 683 cna.
565 661 618 684 r».
635 660 652 682 L
670 659 721 682 ετ
740 657 864 681 ERvs
884 672 895 690 ,
924 652 958 678 et
976 641 1300 689 postremusomni-

258 714 319 738 um
344 714 365 738 G
381 715 399 738 ε
415 716 430 739 s
443 715 466 738 Ν
480 716 498 738 E
515 716 536 738 R
550 715 572 738 ν
586 716 600 738 s
626 700 643 739 ὁ
665 692 768 740 παύυ.
848 698 1016 737 Certatim
1039 708 1163 732 omnes
1191 707 1302 745 eaque

256 769 365 807 paene
390 759 494 794 animi
509 756 755 799 contentione,
771 767 837 805 qua
863 752 904 790 ad
919 749 1117 804 Calepinum
1141 749 1297 797 locuple-

257 812 402 849 tandum
419 825 544 848 eorum
561 814 714 848 Maiores
729 808 953 853 aduolarunt,
983 806 1039 843 sed
1059 804 1181 853 dispari
1198 804 1298 853 plane

257 866 418 905 successu,
474 867 627 912 Primus,
655 876 690 902 vt
705 865 873 901 admonui
890 891 900 908 ,
927 871 998 898 erat
1018 875 1047 897 p,
1067 873 1084 896 r
1100 872 1118 894 R
1136 873 1156 895 A
1172 873 1194 896 Ν
1210 873 1229 895 c
1244 871 1266 894 ν
1281 871 1295 894 s

257 920 487 959 Bescouieniis
505 920 674 958 Professor
690 920 873 956 Viadrinus
890 946 900 962 ,
933 919 992 966 qui
1010 916 1053 951 A.
1081 915 1176 950 1622.
1223 915 1299 962 Spi-

258 977 418 1025 cilegium
436 977 534 1013 suum
550 975 698 1020 addidit,
717 984 751 1010 et
769 987 786 1009 r
804 987 823 1009 A
841 987 858 1009 B
872 984 893 1008 R
909 985 930 1007 ν
945 985 970 1007 M
990 968 1150 1007 nonnihil
1166 967 1299 1007 auftio-

258 1046 333 1069 rem
352 1031 509 1069 reddidit.
566 1032 729 1067 Proxime
752 1028 906 1078 sequitur
926 1025 1163 1062 illustriffimus
1187 1036 1295 1072 paene

257 1089 418 1126 omnium
445 1097 718 1122 Avasrvs
748 1093 1056 1120 ssvanERvs
1076 1110 1086 1128 ,
1120 1081 1179 1130 qui
1197 1078 1295 1115 The-

256 1143 355 1179 saum
376 1141 508 1178 addidit
530 1150 564 1177 et
587 1141 659 1176 suas
684 1138 973 1188 locupletationes
995 1145 1029 1173 et
1054 1134 1181 1172 famam
1200 1133 1294 1171 haud

255 1199 428 1245 exiguam.
485 1197 595 1233 Cuius
619 1196 709 1232 curis
731 1195 880 1244 grauiter
906 1186 1070 1229 a⁰daudius
1089 1190 1219 1239 prodiit
1236 1191 1295 1225 Vi-

255 1250 364 1288 temb.
382 1252 523 1300 laepius.
579 1253 617 1286 In
638 1264 654 1286 B
670 1263 692 1286 ν
708 1263 726 1285 c
743 1263 766 1285 Η
781 1262 804 1285 Ν
821 1262 840 1284 F.
854 1261 875 1284 R
890 1262 902 1284 1
928 1245 1104 1284 laboribus
1118 1243 1206 1282 nihil
1224 1253 1295 1280 erat

254 1307 471 1358 querendum
488 1335 499 1354 ,
535 1305 594 1343 nifi
609 1305 706 1356 quod
724 1302 853 1355 aliquid
879 1299 1129 1352 posterioribus
1153 1299 1295 1350 reliquit

253 1361 495 1411 supplendum.

252 1417 335 1468 pola
352 1417 535 1463 honestus,
550 1417 609 1466 qui
629 1429 646 1451 B
661 1428 684 1451 ν
699 1429 717 1450 c
734 1428 757 1450 n
772 1427 796 1450 Ν
813 1427 832 1450 Ε
847 1426 869 1449 R
884 1427 896 1449 1
925 1414 991 1450 vita
1010 1408 1120 1448 funt‘ii
1138 1408 1295 1447 lucubra-

253 1475 368 1510 tiones
383 1484 494 1509 nouas
517 1483 594 1508 aere
611 1470 758 1507 redemit
777 1499 787 1516 ,
824 1477 859 1504 et
875 1480 958 1504 cum
974 1465 1147 1515 Symbolis
1173 1478 1211 1501 M.
1233 1479 1245 1500 1
1259 1478 1295 1501 A-

257 1538 651 1564 COB.THOMA811
680 1553 690 1570 ,
739 1533 1295 1560 M.10H.GOTHOFRED1

255 1596 350 1619 ΗΒΚ
368 1593 558 1618 menen
591 1589 626 1617 et
652 1585 750 1616 lon.
776 1590 987 1614 VORSTII
1013 1577 1086 1612 Viri
1103 1573 1298 1614 Celeberri-

253 1641 304 1676 mi
327 1637 445 1675 denuo
469 1635 603 1673 recudit
626 1635 726 1683 1672.
754 1632 845 1682 Lips
869 1630 930 1671 fol.
993 1633 1059 1668 His
1095 1630 1295 1679 superuenit

255 1702 691 1730 CHRISTOPHORVS
723 1699 1012 1725 CELLARIVS
1037 1715 1047 1732 ,
1085 1687 1146 1721 Vir
1173 1685 1292 1721 nostro

251 1749 443 1798 praeconio
464 1748 577 1783 maior
592 1774 602 1792 ‚
644 1753 679 1780 et
700 1746 736 1779 in
758 1743 814 1779 his
835 1741 941 1778 literis
969 1740 1266 1778 exercitatissimus
1285 1753 1293 1776 ε

250 1804 310 1840 cui
326 1801 412 1839 haec
427 1800 631 1838 demandata
655 1804 728 1836 erat
756 1809 874 1846 opera,
892 1805 928 1833 vt
946 1809 964 1832 r
980 1811 1000 1832 A
1017 1809 1034 1833 Β
1048 1808 1069 1831 R
1083 1808 1107 1832 v
1121 1808 1148 1830 M
1175 1793 1219 1830 ab
1242 1796 1293 1830 in-

253 1858 409 1896 numeris
424 1856 560 1893 mendis
575 1853 783 1898 vindicaret,
812 1864 894 1888 cum
911 1851 949 1887 id
965 1848 1217 1901 aliquantulum
1233 1861 1294 1885 ne-

256 1912 363 1963 glexit
383 1924 401 1948 n
417 1925 441 1948 v
457 1924 476 1947 c
492 1924 515 1947 H
528 1922 583 1946 NE
594 1922 615 1946 R
627 1921 673 1945 vs
695 1910 731 1944 in
751 1907 817 1943 suis
842 1905 1082 1942 additamentis
1104 1903 1292 1940 inserendis

256 1969 366 2016 magis
384 1974 584 2015 occupatus.
645 1965 788 2000 Nouem
803 1962 908 2010 igitur
921 1958 1094 1997 mensibus
1117 1960 1154 1995 in
1177 1969 1216 1995 ea
1234 1968 1292 2005 pa-

255 2023 372 2060 laestra
389 2021 564 2066 insumtis,
579 2017 711 2068 prodiit
732 2031 752 2053 c
767 2031 786 2054 E
803 2031 820 2053 L
835 2030 853 2052 L
868 2029 889 2053 A
903 2028 926 2052 R
939 2029 952 2051 1
966 2028 979 2050 1
1006 2014 1169 2051 industria
1183 2024 1292 2061 paene

254 2076 414 2127 fingulari
430 2080 471 2114 A.
491 2076 592 2120 1686.
610 2084 645 2112 et
660 2073 773 2111 rursus
790 2072 883 2120 1691.
897 2070 1004 2119 1696.
1018 2077 1053 2105 et
1069 2079 1172 2118 1700.
1213 2065 1292 2102 Post

255 2144 549 2170 οεῑιΑΒῐνΜ
588 2142 711 2167 manus
734 2127 893 2165 admouit
917 2121 1294 2164 ANDREAs‘srv-

257 2202 277 2226 B
292 2203 311 2225 E
327 2203 344 2225 L
359 2202 371 2224 1
386 2201 409 2230 ν
424 2199 440 2224 s
460 2201 467 2224 :
502 2187 563 2237 qui
589 2193 723 2235 praeter
749 2182 979 2220 acceffionem
1003 2192 1136 2217 vocum
1161 2188 1267 2226 7000
1283 2205 1294 2222 ,

254 2243 448 2290 addiderat,
463 2253 551 2293 quae
574 2240 616 2278 ad
633 2241 825 2288 marginem
847 2237 897 2274 sui
912 2235 989 2274 libri
1025 2233 1088 2281 (in
1102 2231 1296 2271 Bibliothe-

256 2311 333 2336 cam
355 2301 468 2334 Seren.
493 2293 599 2333 Elest
620 2294 721 2333 Palat.
743 2307 826 2331 cum
846 2291 919 2330 aliis
939 2291 1019 2340 post
1043 2288 1110 2327 fata
1127 2286 1293 2325 Audieris

255 2351 456 2402 migrantis)
485 2350 658 2389 adleuerat
681 2352 734 2386 vir
749 2347 1049 2398 praestantissimus
1068 2359 1093 2382 1.
1111 2358 1134 2381 G
1147 2356 1166 2381 E
1183 2357 1205 2380 o
1219 2355 1242 2379 R
1255 2355 1293 2378 G.

258 2422 282 2446 G
294 2421 315 2445 R
329 2423 350 2445 A
364 2422 383 2444 E
397 2422 420 2444 v
432 2422 445 2444 1
459 2420 483 2443 ν
499 2419 515 2443 s
532 2421 539 2444 :
574 2408 634 2457 qui
652 2418 765 2456 neque
781 2406 817 2441 in
831 2403 902 2440 hoc
919 2402 1093 2440 literarum
1109 2398 1211 2436 laude
1226 2398 1294 2434 stu-

257 2463 375 2501 diosos
398 2462 567 2499 demereri
591 2461 742 2498 destituit
761 2473 768 2496 :
796 2461 885 2499 item
900 2456 1058 2505 Arusiani
1073 2451 1174 2499 Meffi
1190 2454 1294 2503 primi

257 2519 389 2556 ordinis
409 2519 449 2553 V.
475 2517 516 2554 C.
543 2518 613 2552 CR.
637 2516 787 2554 Comitis
814 2512 974 2562 exempla
1003 2511 1227 2549 locutionum
1249 2521 1294 2545 ex

262 2571 407 2627 Virgilio
422 2601 433 2620 ,
468 2568 621 2616 Sallustio
638 2599 649 2616 ,
689 2571 847 2606 Terentio
863 2599 873 2616 ,
910 2569 1068 2605 Cicerone
1097 2578 1159 2616 per
1182 2564 1294 2601 literas

257 2629 395 2678 digesta.
451 2625 583 2664 Prodiit
605 2627 640 2662 in
655 2622 840 2662 Publicum
861 2624 961 2660 vsum
976 2624 1020 2660 A.
1041 2633 1137 2671 1710.
1165 2618 1228 2657 fol.
1257 2627 1293 2656 et

257 2684 371 2721 rursus
382 2685 422 2720 A.
438 2694 530 2730 1717.
558 2678 595 2728 h)
625 2677 793 2716 adiunffis
809 2676 982 2727 Symbolis
1001 2692 1013 2713 1
1026 2691 1049 2713 ο
1062 2691 1083 2713 Α
1097 2690 1116 2712 c
1132 2689 1168 2712 H.
1186 2689 1200 2711 1
1213 2687 1238 2710 v
1251 2687 1292 2710 R-

260 2752 283 2776 G
297 2752 315 2775 E
328 2751 352 2775 N
368 2752 380 2774 1
395 2751 408 2774 1
433 2745 468 2773 et
485 2733 677 2773 incredibili
693 2732 847 2771 audiario
869 2744 998 2769 vocum
1018 2743 1126 2779 paene
1148 2740 1291 2768 20000.

257 2793 389 2832 Prodiit
423 2792 574 2842 denique
603 2788 795 2836 Thcfhurus
823 2784 1035 2825 Eruditionis
1060 2781 1291 2830 scholasticae,

257 2849 400 2886 omnium
414 2859 435 2883 v
451 2848 487 2883 ui
508 2855 541 2883 et
553 2842 740 2897 dfiiplinis
758 2839 908 2879 omnihus
933 2836 1208 2884 accommodatus,
1223 2835 1291 2889 post

258 2900 557 2941 Celeberrimorum
575 2901 726 2937 virorum
742 2896 911 2936 Buchneri
925 2926 935 2943 ‚
966 2894 1122 2941 Cellarii,
1149 2892 1292 2929 Graeuii

256 2968 379 3010 operas
392 2966 427 2994 et
441 2953 693 3001 adnotationes,
721 2963 756 2990 et
772 2949 972 3004 multtPIices
981 2947 1135 2987 Andreae
1148 2944 1292 2985 Stubelii

258 3025 361 3050 curas
375 3043 386 3061 ,
412 3008 593 3058 recenfitus
610 3039 621 3058 ,
649 3005 845 3046 emendatus
858 3037 869 3056 ,
896 3016 931 3044 et
945 3002 1164 3058 locupletatus
1180 3016 1203 3040 a
1227 3016 1240 3038 1
1254 3013 1291 3039 o.

558 1359 729 1398 Nonnihil
747 1361 782 1396 in
800 1359 865 1395 hac
880 1367 975 1406 parte
992 1354 1151 1393 satisfecit
1166 1353 1295 1391 Biblio-
1319 1375 1321 1377 >

1365 160 1391 184 M
1408 161 1427 183 A
1446 159 1605 187 TTHIA
1634 163 1788 189 GESNE
1805 166 1890 196 R03
1917 151 2010 200 Lips.
2028 154 2123 201 1726.
2142 154 2202 194 fol.
2231 160 2290 209 qui
2306 171 2397 208 opus

1364 203 1406 240 ad
1422 202 1492 239 hoc
1510 206 1606 252 quod
1629 205 1735 244 hodie
1750 208 1984 256 conspicimus
2000 207 2140 246 culmen
2155 209 2299 250 feliciter
2314 227 2396 262 pro-

1365 259 1465 295 duxit
1483 286 1491 302 ,
1527 266 1562 318 et
1580 263 1695 298 onmia
1718 275 1805 312 quae
1821 261 1863 299 ab
1880 263 2111 300 eruditiffimo
2126 265 2394 317 Lexicographo

1366 315 1483 363 reique
1499 312 1647 350 Criticae
1663 317 1865 364 peritiffimo
1887 316 2076 366 exsped'tari
2093 327 2250 367 poterant
2267 351 2277 368 ,
2303 326 2394 372 opti-

1367 382 1423 406 me
1439 377 1473 426 et
1490 365 1637 404 fideliter
1652 372 1822 417 praestitit.
1887 372 2000 420 Qale
2014 373 2050 410 id
2066 372 2103 411 fit
2120 402 2130 420 ,
2162 374 2241 411 vide
2263 380 2395 424 praete'r

1365 424 1614 481 praelationem
1649 424 1812 464 Audioris
1834 456 1844 472 ‚
1881 428 1907 463 I.
1942 426 2021 464 Chr.
2059 427 2171 465 Coleri
2203 431 2394 482 Antholog.

1365 488 1453 515 tom.
1473 490 1497 513 1.
1515 477 1623 514 fascic.
1641 490 1670 525 3.
1688 490 1719 526 p.
1737 492 1809 528 172.
1838 491 1871 518 et
1893 481 2082 519 Walchium
2108 496 2217 532 nuper
2239 483 2396 535 allatum,

1366 535 1426 584 qui
1452 535 1486 568 in
1501 532 1683 570 Thefimro
1705 546 1723 569 r
1739 548 1760 570 A
1776 549 1792 571 B
1805 549 1824 572 R
1843 551 1855 572 1
1878 537 1957 586 plus
1981 537 2208 576 destribendo
2232 541 2395 588 praestitit

1364 600 1468 638 quam
1486 589 1520 623 in
1542 590 1683 625 caeteris
1702 588 1874 627 omnibus.
1931 595 2036 629 Hunc
2052 594 2157 641 igitur
2173 594 2398 634 Thetim-um

1365 655 1449 702 pace
1471 641 1641 679 Borrichii
1656 644 1739 679 Foro
1754 644 1902 683 Romano
1920 677 1930 694 ,
1966 646 2118 685 Boecleri
2142 647 2307 687 Ludouico
2329 652 2397 689 Lu-

1366 696 1543 758 Clo‘audssx
1561 708 1737 746 antepono
1753 727 1763 744 ,
1792 698 1852 735 vsu
1867 729 1878 746 ,
1905 703 2101 740 eruditione
2115 732 2126 750 ,
2155 717 2304 755 curaque
2322 692 2396 744 cae-

1363 760 1443 813 teris
1460 762 1566 812 paene
1584 751 1748 790 omnibus
1766 755 1903 792 Lexicis
1918 756 2020 806 longe
2038 760 2397 810 commendatiorem,

1365 819 1400 841 1n
1411 817 1527 854 paucis
1544 815 1660 843 tamen
1675 809 1849 846 emendari
1867 809 1981 849 adhuc
1995 812 2251 851 defiderantem.
2306 818 2398 854 Nam

1365 860 1451 898 dum
1475 862 1660 899 Primitiuis
1688 865 1886 902 Deriuatiua
1902 894 1912 911 ,
1950 867 2168 916 Simplicibus
2192 870 2396 919 Composita

1365 915 1544 962 adtexuit,
1573 917 1670 967 quod
1687 920 1831 956 minime
1847 918 1951 957 laudo
1969 950 1980 968 ,
2009 923 2052 959 ad
2068 936 2145 961 eam
2162 925 2395 964 neceffitatem

1364 971 1577 1018 detruditur,
1606 981 1642 1008 vt
1659 985 1764 1010 voces
1780 973 1967 1025 aliquando
1984 974 2153 1016 obsoletas
2168 1009 2178 1026 ,
2209 979 2396 1031 aliquando

1363 1028 1514 1063 Graecas
1531 1055 1541 1071 ‚
1569 1025 1754 1077 aliquando
1776 1041 1884 1077 paene
1907 1043 1972 1079 pro
1986 1033 2127 1080 ingenio
2144 1033 2239 1072 ficffas
2255 1048 2320 1073 nro
2336 1049 2396 1084 ge-

1361 1083 1452 1118 neris
1470 1090 1504 1118 et
1522 1079 1669 1119 familiae
1685 1085 1796 1131 capite
1812 1082 1908 1121 fistat.
1966 1085 2155 1125 Led'torem
2172 1074 2330 1140 inde⁴per
2344 1093 2397 1128 in-

1361 1138 1492 1173 curiam
1513 1135 1698 1186 aliquando
1727 1137 1770 1175 ad
1794 1137 1908 1186 plures
1932 1142 2061 1178 radices
2085 1144 2242 1181 amandat
2265 1147 2309 1184 de
2331 1159 2396 1185 vna

1360 1204 1452 1228 voce
1473 1191 1730 1242 quaesiturum:
1764 1191 1950 1244 aliquando
1978 1197 2129 1234 destituit
2154 1207 2189 1234 et
2213 1198 2334 1238 deserit
2359 1204 2396 1238 in
2443 1206 2448 1208 ⁷

1359 1256 1487 1284 totum.
1547 1249 1643 1284 Loca
1660 1245 1863 1286 Αυέὶοτωη
1883 1262 1955 1287 non
1971 1263 2009 1288 ea
2026 1265 2105 1289 cura
2120 1263 2177 1290 aut
2192 1253 2261 1291 fide
2275 1268 2397 1306 perpe-

1360 1311 1423 1339 tuo
1439 1313 1505 1352 qua
1526 1314 1585 1351 par
1599 1312 1670 1340 erat
1685 1301 1833 1341 addud‘ta
1853 1334 1863 1351 ,
1891 1315 2108 1357 caeterasque
2123 1309 2318 1347 istiusmodi
2333 1313 2398 1348 mi-

1360 1359 1474 1394 nutias
1489 1387 1499 1404 ,
1528 1369 1593 1406 pro
1620 1360 1720 1395 tantis
1740 1360 1871 1396 meritis
1886 1358 1986 1397 facile
2007 1362 2259 1401 condonamus.
2316 1368 2397 1403 Pro-

1361 1412 1423 1449 diit
1454 1425 1598 1463 quoque
1620 1415 1784 1462 Epitome
1810 1414 1984 1453 Thesauri
2008 1429 2025 1452 F
2040 1431 2061 1454 A
2076 1430 2093 1453 B
2110 1431 2128 1454 R
2144 1430 2157 1455 1
2181 1419 2271 1469 Lipfi
2297 1433 2395 1470 1594,

1361 1476 1396 1505 et
1414 1467 1636 1517 Heidelberg.
1661 1469 1763 1515 1608.
2393 1471 2414 1494 ⁸

1485 1552 1600 1593 Editio
1617 1569 1632 1593 s
1639 1568 1660 1592 τ
1668 1570 1687 1594 E
1696 1570 1714 1594 P
1721 1571 1757 1594 n.
1778 1555 1947 1607 Thesauri
1955 1556 2166 1608 Londinenfis
2180 1570 2269 1613 1735.

1441 1620 1488 1656 Vt
1504 1620 1643 1657 tandem
1661 1620 1704 1658 ad
1725 1632 1869 1671 operam
1892 1622 2043 1659 nostram
2065 1633 2167 1674 atque
2191 1625 2234 1661 ad
2253 1624 2397 1662 huiusce

1359 1674 1531 1712 Editionis
1553 1674 1765 1715 methodum
1789 1686 1824 1713 et
1845 1679 2017 1713 rationem
2041 1678 2286 1727 deueniamus,
2314 1681 2398 1717 [cire

1358 1728 1476 1767 auebit
1500 1728 1632 1767 Letfior
1652 1732 1825 1776 eruditus,
1847 1732 1932 1782 quid
1955 1742 2090 1769 tantum
2114 1735 2191 1782 post
2217 1735 2416 1772 molimina,

1358 1786 1438 1822 Car.
1462 1785 1500 1834 c)
1517 1794 1552 1822 et
1567 1786 1652 1823 Hen.
1669 1784 1852 1838 Stephani,
1868 1784 2031 1835 Miltoni,
2047 1787 2298 1835 Baliolenfimn,
2323 1791 2396 1826 Ku-

1349 1838 1439 1884 steri
1455 1839 1605 1888 denique
1619 1869 1630 1886 ,
1664 1851 1970 1892 caeterorumque,
1984 1845 2044 1894 qui
2066 1846 2222 1882 animum
2242 1845 2286 1881 ad
2307 1844 2398 1881 hanc

1358 1892 1554 1941 ipfiffimam
1570 1891 1820 1943 professionem
1833 1897 2066 1944 aduerterunt,
2094 1899 2264 1949 (quorum
2278 1909 2396 1937 tamen

1356 1945 1431 1982 fere
1447 1948 1610 1981 omnium
1624 1947 1759 1985 labores
1774 1951 1959 1999 intercepit
1966 1951 2020 1988 vel
2036 1950 2146 1991 fatum
2156 1954 2394 2001 immaturum,

1357 1999 1413 2038 vel
1429 2000 1550 2036 iniuria
1569 2000 1756 2047 temporis)
1772 2010 1807 2036 et
1823 2014 1889 2038 nos
1904 2004 1964 2050 ipsi
1979 2007 2228 2056 praestitimus,
2246 2019 2281 2047 et
2298 2022 2395 2059 prae-

1358 2054 1471 2093 stitiffe
1484 2052 1526 2091 ab
1542 2052 1613 2090 aliis
1629 2053 1807 2091 voluimus
1821 2054 1973 2104 intelligi.
2026 2060 2123 2095 Haec
2138 2073 2211 2097 non
2227 2064 2292 2098 effe
2308 2064 2395 2110 figil-

1358 2109 1455 2147 latim
1470 2118 1506 2147 et
1520 2110 1653 2146 minute
1672 2107 1924 2157 describenda,
1940 2123 2021 2147 cum
2044 2124 2082 2148 ea
2102 2114 2329 2164 vnufiluisque
2345 2114 2393 2151 le-

1359 2165 1438 2204 &or
1453 2176 1562 2215 paene
1582 2163 1644 2202 suo
1658 2165 1732 2201 iure
1752 2165 1788 2201 in
1808 2163 1864 2201 tali
1887 2177 1923 2201 re
1944 2169 2140 2215 praecipere
2156 2169 2328 2214 videatur,
2357 2176 2393 2205 et

1360 2218 1453 2272 quasi
1469 2218 1572 2257 nobis
1586 2217 1842 2269 praescripsisse,
1870 2221 1905 2257 in
1926 2222 2045 2267 initio,
2065 2225 2278 2261 monuimus.
2307 2225 2392 2261 Pau-

1358 2289 1397 2314 ca
1413 2285 1530 2313 tamen
1545 2274 1638 2321 sunt,
1662 2286 1750 2326 quae
1766 2276 1883 2324 paucis
1900 2274 2158 2317 declarabimus,

1438 2333 1785 2384 Lexicographorum
1811 2336 1944 2384 Gente,
1986 2345 2024 2373 vt
2045 2337 2216 2384 vidimus,
2250 2339 2286 2374 in
2308 2336 2392 2374 duas
2428 2368 2431 2369 γ

1357 2389 1449 2443 qmfi
1463 2389 1607 2428 familias
1631 2389 1756 2438 diuisa,
1783 2401 1929 2440 quarum
1951 2403 2016 2428 vna
2040 2405 2298 2439 STEPHANVM,
2329 2405 2394 2428 FA-

1363 2460 1474 2484 BRVM
1499 2444 1599 2483 altera
1621 2443 1799 2482 audiorem
1820 2443 1943 2493 habet,
1996 2449 2150 2495 primum
2171 2449 2333 2485 omnium
2355 2447 2393 2484 id

1358 2500 1462 2553 nobis
1479 2501 1589 2538 visum
1611 2500 1659 2537 est
1683 2500 2025 2548 commodiffimum,
2052 2501 2076 2539 fi
2091 2515 2156 2553 qua
2181 2505 2313 2540 ratione
2334 2510 2394 2538 aut

1359 2567 1429 2594 arte
1444 2556 1478 2593 id
1497 2563 1628 2606 poterat
1642 2555 1715 2592 fieri
1725 2583 1735 2601 ,
1763 2563 1799 2591 vt
1814 2554 1920 2593 effent
1935 2558 1971 2592 in
1986 2557 2105 2593 nostro
2126 2555 2293 2607 Thesauro
2308 2557 2395 2594 haec

1358 2612 1431 2649 duo
1447 2609 1586 2655 confilia
1603 2611 1853 2647 communione
1876 2610 2025 2661 quadam
2039 2613 2128 2650 inter
2147 2613 2181 2649 se
2195 2610 2392 2650 coniuneta.

1356 2668 1402 2703 Ea
1411 2676 1529 2703 mente
1538 2674 1631 2703 erant
1640 2676 1777 2715 operae,
1784 2677 1867 2716 quas
1877 2663 2024 2703 inFabro
2034 2665 2257 2704 reformando
2265 2667 2394 2704 insum-

1355 2721 1469 2758 serunt
1477 2722 1549 2758 Viri
1565 2720 1849 2770 praestantiffimi,
1865 2720 1968 2758 nobis
1982 2719 2212 2759 conferendae
2228 2732 2329 2773 atque
2340 2721 2393 2759 di-

1354 2777 1534 2824 gerendae.
1563 2775 1784 2814 Contulimus
1793 2784 1828 2813 et
1836 2776 2046 2824 digeffimus.
2098 2776 2302 2814 Dolendum
2312 2786 2394 2823 erat,

1354 2832 1624 2870 commoditates
1632 2843 1714 2883 quas
1723 2829 1778 2867 vel
1784 2829 1869 2868 hinc
1876 2830 1931 2868 vel
1939 2831 2019 2869 inde
2026 2843 2149 2881 capere
2156 2831 2394 2881 potuissemus,

1355 2885 1446 2925 nulla
1455 2888 1647 2925 neceffitate
1655 2885 1792 2924 distrahi
1800 2895 1834 2923 et
1843 2886 1996 2935 discerpi.
2024 2886 2268 2925 Concludendi
2277 2889 2394 2939 itaque

1356 2952 1450 2980 erant
1467 2952 1502 2979 et
1512 2940 1775 2992 conglutinandi
1789 2940 1977 2978 hominum
1992 2940 2127 2979 labores
2143 2941 2317 2980 literarum
2331 2955 2393 2980 ne·

1357 2998 1560 3036 ceffitudine
1574 3006 1671 3036 antea
1684 2994 1964 3035 coniunstiffuni.
2019 2997 2155 3036 Deinde
2171 3006 2306 3047 praeter
2321 2996 2392 3035 cul-

2342 3062 2393 3091 tas
2444 3069 2459 3078 '¹

294 3173 324 3203 a)
343 3170 444 3198 Mirum
459 3168 510 3202 est,
530 3170 558 3196 in
567 3179 648 3206 quam
663 3164 766 3195 diuersa
779 3166 877 3193 abeant
894 3163 996 3192 Eruditi
1011 3162 1043 3190 de
1052 3161 1142 3189 Lexici
1156 3160 1232 3187 huius
1248 3157 1414 3197 praestantia.
1443 3155 1606 3191 Subiungam
1622 3155 1699 3185 duos.
1719 3154 1808 3183 Verba
1822 3163 1926 3182 mecum
1943 3153 2088 3194 perpende.
2130 3176 2149 3190 „
2163 3153 2309 3183 Plurimum
2323 3154 2392 3191 abes}

335 3235 355 3250 ‚,
368 3212 466 3248 (Fabri
489 3212 649 3250 'Ihqfimrnm
671 3211 704 3239 ab
719 3220 764 3244 ea,
780 3219 860 3250 quam
873 3210 904 3236 in
918 3208 983 3236 Foro
998 3208 1115 3235 Romano
1128 3202 1280 3242 ſjiefflnmus
1295 3201 1460 3239 persi-&ione
1474 3220 1484 3234 ,
1511 3200 1667 3228 immensum
1680 3207 1809 3238 quantum
1828 3209 1842 3226 a
1858 3200 1957 3227 virtute
1977 3199 2153 3228 consummati
2165 3200 2253 3228 Lexici
2266 3218 2275 3235 ,
2301 3200 2391 3237 primo

338 3278 358 3292 ,‚
374 3254 449 3294 quod
464 3253 579 3292 plurima
595 3255 636 3282 hic
650 3254 773 3282 deficiant
785 3275 793 3288 ,
816 3251 932 3280 secundo
947 3273 955 3285 ‚
976 3250 1052 3288 quod
1066 3248 1180 3288 plurima
1197 3267 1205 3280 ,
1232 3247 1293 3275 licet
1315 3247 1488 3275 inueniantur
1503 3266 1511 3280 ,
1538 3244 1614 3273 nullo
1633 3252 1720 3274 tamen
1741 3243 1849 3271 laudato
1864 3244 1982 3272 Aueiore
1999 3266 2008 3279 ,
2037 3244 2209 3284 suspicionem
2230 3244 2391 3273 barbarismi

337 3323 357 3337 ‚,
371 3299 521 3336 legentibus
536 3306 684 3334 moueant,
706 3300 788 3328 tertio
801 3319 809 3332 ,
843 3297 918 3336 quod
933 3296 1047 3335 plurima
1063 3295 1178 3323 barbara
1192 3295 1245 3322 fine
1260 3294 1431 3332 praeinonitu
1446 3314 1454 3326 ,
1483 3290 1579 3318 lettori
1594 3291 1674 3321 crude
1689 3289 1865 3318 detrudantur
1878 3311 1887 3324 ,
1914 3298 2012 3328 quarto
2026 3311 2035 3324 ,
2061 3290 2134 3329 quod
2154 3290 2183 3316 in
2194 3291 2389 3327 quantitatibus

338 3369 358 3384 ,‚
371 3355 467 3382 magna
482 3344 696 3383 deprehendatur
712 3343 861 3371 sinisteritas
874 3363 883 3377 ,
904 3341 973 3369 adeo
992 3349 1020 3368 vt
1033 3341 1082 3368 hac
1095 3347 1172 3378 parte
1187 3339 1261 3377 longe
1274 3339 1351 3375 infru
1365 3338 1562 3365 Decimatmm
1575 3337 1675 3376 cenftri
1688 3343 1832 3364 mereatur.
1853 3356 1873 3370 ,‚

342 3413 362 3426 ,‚
377 3391 449 3418 tinae
465 3389 582 3424 Linguae
597 3388 708 3415 Roberti
729 3387 855 3426 Stephani
874 3393 900 3414 et
916 3387 1015 3414 Forum
1034 3386 1182 3413 Romanum
1197 3383 1281 3411 Cael-ii
1300 3381 1411 3410 Secundi
1426 3382 1552 3409 Curionis

1907 3336 2070 3365 Borrichiur.
2129 3355 2149 3369 „
2166 3335 2324 3364 Thesaurus
2342 3339 2390 3365 La-

1715 3381 1821 3415 Qiibus
1836 3383 1934 3419 merito
1955 3389 2100 3417 anteponas
2110 3379 2248 3409 Bafiliense
2263 3383 2389 3412 Lexicon.

340 3456 360 3470 ‚‚
378 3435 406 3461 ln
424 3431 504 3461 Fabri
524 3431 652 3467 7hesauro
663 3431 722 3467 plus
737 3431 876 3459 doflritme
890 3429 924 3466 est
937 3451 946 3464 ,
974 3430 1016 3456 cui
1030 3430 1133 3468 copiam
1146 3450 1154 3462 ‚
1176 3427 1254 3456 decus
1268 3450 1276 3463 ,
1305 3425 1396 3454 limam
1412 3425 1513 3454 addidit
1529 3424 1666 3461 singularis
1680 3426 1808 3455 industria
1821 3434 1849 3455 et
1863 3426 1985 3455 deas-ina
1999 3423 2039 3453 Cl.
2052 3425 2195 3460 Buchneri,
2216 3428 2262 3464 qui
2278 3437 2310 3454 cx
2324 3437 2390 3466 opu.

340 3499 360 3514 ,‚
375 3477 447 3506 sculo
468 3486 536 3514 opus
557 3475 638 3504 dedit.
662 3496 682 3509 „
719 3476 832 3504 Boeclcr.

899 3475 925 3509 b)
946 3474 1047 3503 Eodem
1068 3483 1140 3502 anno
1164 3474 1266 3512 prodiit
1291 3479 1308 3500 c
1323 3479 1342 3500 Η
1354 3479 1373 3500 R
1384 3479 1394 3499 1
1407 3479 1421 3499 s
1434 3478 1456 3498 T
1471 3478 1489 3498 ο
1502 3478 1517 3498 P
1531 3479 1550 3499 Η
1563 3478 1582 3499 0
1597 3479 1616 3499 R
1627 3478 1638 3499 1
1663 3480 1680 3501 F
1692 3481 1715 3501 Λ
1726 3480 1742 3500 1.
1752 3480 1765 3501 s
1776 3478 1798 3499 Τ
1809 3480 1824 3500 ε
1835 3480 1854 3500 R
1866 3481 1876 3500 1
1896 3469 2102 3509 Supplememum
2116 3471 2233 3499 Latinae
2249 3472 2367 3510 Liburnae
2379 3492 2389 3506 ‚

340 3521 400 3549 Siue
415 3542 423 3555 ,
444 3519 642 3559 Olgs‘ertsatiomr
655 3519 697 3547 ud
710 3521 829 3548 lnxicam
843 3520 930 3549 Fabro
940 3519 1137 3548 mellan-sanum
1152 3541 1161 3554 ‚
1185 3521 1260 3547 cuins
1279 3516 1352 3545 mille
1364 3516 1465 3556 aliquot
1485 3515 1594 3544 lacmme
1614 3526 1650 3545 ex
1664 3516 1818 3546 mct‘loribus
1830 3525 1926 3546 aureae
1941 3537 1947 3549 ,
1968 3523 2114 3552 argenteae
2135 3523 2161 3543 et
2175 3525 2272 3544 aeneae
2291 3518 2390 3546 aetatis

330 3566 504 3605 fitpplentttr,
530 3564 642 3593 adwflis
653 3564 742 3602 pqffiin
755 3567 821 3593 notis
836 3567 943 3594 Criricis
959 3573 984 3593 et
1000 3563 1174 3602 Philologicic‚
1187 3572 1292 3591 ›zecnon
1310 3560 1395 3590 indice
1407 3560 1584 3600 quadruplici.
1631 3563 1737 3591 Dicitur
1757 3571 1784 3591 et
1794 3559 1962 3590 francofurti
1982 3558 2016 3587 ad
2031 3559 2162 3588 Viadrum
2184 3561 2219 3593 (fi
2233 3560 2298 3588 fides
2317 3562 2388 3590 Mor·
2403 3575 2406 3580 ·

339 3609 421 3643 hosio)
441 3609 552 3637 vberior
565 3608 650 3636 latere
665 3607 860 3636 vocabulorum
872 3608 998 3637 colleffio
1012 3631 1021 3643 ,
1048 3617 1128 3646 quam
1149 3607 1242 3635 Toln'ar
1260 3608 1379 3644 Magirm
1396 3605 1428 3633 ad
1443 3613 1460 3633 F
1474 3613 1494 3633 Α
1506 3612 1522 3633 Β
1535 3613 1552 3632 R
1565 3614 1586 3633 v
1596 3614 1621 3634 M
1645 3607 1691 3635 fibi
1715 3606 1868 3642 collegerat.

1934 3610 1960 3638 c)
1987 3604 2057 3632 Vide
2072 3604 2160 3632 Caroli
2174 3605 2300 3643 Stephani
2313 3609 2390 3636 Prae-

341 3650 473 3679 sationem
492 3652 524 3679 ad
538 3652 734 3680 Diffionarium
747 3653 1004 3681 Latino-Gallicum.
1052 3650 1199 3680 Confilium
1214 3651 1287 3679 suum
1302 3650 1335 3678 de
1349 3660 1378 3678 ea
1393 3660 1422 3678 re
1436 3652 1521 3688 aperit
1537 3651 1663 3682 Henricus
1677 3651 1821 3689 Stephanus
1839 3651 1868 3677 in
1885 3648 2056 3687 praefatione
2072 3649 2104 3677 ad
2118 3650 2291 3678 Thesaurum
2307 3652 2391 3680 Grae.

343 3703 402 3721 cuin
419 3715 427 3727 ,
448 3702 526 3732 atque
540 3697 567 3723 in
584 3694 700 3734 Epistola
716 3697 748 3725 de
762 3696 822 3724 suae
837 3697 1051 3736 Typographiae
1065 3698 1140 3725 statu.
1188 3699 1227 3724 Dc
1244 3695 1354 3723 Miltoni
1368 3696 1507 3723 conatibus
1528 3697 1586 3724 vide
1609 3698 1687 3736 ipfius
1704 3698 1792 3726 Vitam
1807 3715 1816 3728 ‚
1847 3693 2045 3722 Praefationcm
2065 3695 2099 3723 ad
2114 3696 2309 3723 Diffionarimn
2323 3717 2331 3731 ‚
2361 3704 2390 3726 vt
2441 3695 2443 3697 ’

343 3736 456 3770 dicitur,
477 3738 697 3790 fantabrigiense
711 3762 720 3774 ,
741 3747 768 3769 et
783 3740 927 3768 Antonium
944 3742 1033 3771 Wood
1044 3743 1071 3769 in
1086 3741 1196 3769 Athenis
1214 3741 1410 3769 Oxonienfibus
1425 3738 1458 3768 ad
1473 3742 1598 3770 notitiam
1612 3743 1644 3771 de
1661 3740 1786 3771 Eduardo
1802 3737 1919 3775 Phillipr.
1959 3738 2119 3768 Sodalitium
2133 3739 2273 3776 Baliolense
2285 3761 2294 3774 ,
2316 3741 2389 3779 quod

340 3785 377 3812 est
393 3785 496 3836 (Jxonsi
510 3806 518 3818 ‚
536 3786 596 3836 ¹hoc
615 3787 720 3816 saeculo
734 3789 866 3840 ineunte,
895 3786 947 3815 tale
962 3788 1063 3827 aliquid
1078 3789 1104 3815 in
1117 3789 1208 3816 animo
1222 3788 1333 3815 instituit
1353 3784 1442 3834 nescio
1457 3798 1512 3825 quo
1527 3788 1584 3817 fato
1605 3791 1787 3826 interceptum.
1834 3787 1866 3815 A.
1881 3784 1921 3813 Ci.
1942 3784 2050 3820 Ktstero
2067 3789 2157 3816 omnia
2179 3789 2285 3825 egregia
2303 3788 2391 3828 exspe.

340 3830 424 3858 &auit
437 3830 510 3858 orbis
523 3828 651 3863 literatus.
692 3835 832 3863 Subiunxit
846 3831 893 3862 ille
908 3833 1039 3872 specimen
1054 3844 1155 3874 operae
1170 3833 1313 3862 destinatae
1326 3832 1359 3861 ad
1373 3831 1473 3862 calcem
1487 3834 1625 3864 traehmdi
1639 3834 1677 3863 sui
1691 3834 1730 3862 De
1746 3831 1791 3860 vsu
1806 3832 1890 3860 Verbi
1913 3830 2003 3862 medii.
