2474 4182
3 1914 8 1928 .-
49 1902 102 1928 iam
112 1901 152 1928 illi
159 1901 214 1928 dies
222 1907 413 1936 computantur,
421 1900 518 1936 quibus
527 1900 663 1935 ignorauit
675 1902 701 1927 se
715 1900 839 1928 heredem
850 1902 1014 1928 institutum:

0 3119 13 3243 uw.f

72 180 141 224 357
443 168 601 210 CE
695 167 726 207 R

73 262 146 295 caui,
165 260 244 288 modo
257 259 341 287 Diuisi
357 270 362 286 τ
399 268 468 295 quae
487 258 577 286 onmia
595 266 609 283 a
629 256 731 283 duobus
752 256 842 283 verbis
862 257 959 284 Cresco
977 264 1003 285 et
1023 259 1113 286 Cerno

71 296 180 325 veniunt
193 308 199 322 z
233 296 307 322 cuius
321 296 399 322 vnius
413 297 492 330 origo
505 303 536 320 ex
548 295 648 319 Graeco
658 291 791 324 trahitur,
813 293 886 327 quod
902 294 944 320 illi
964 295 1061 330 κραίνειν
1074 294 1114 320 di-

72 340 132 360 cunt
144 331 277 368 perficere.
322 333 385 358 Item
399 332 472 358 Non.
481 339 507 363 4,
520 332 554 361 69
571 330 640 354 cuius
654 329 772 362 exeniplis
786 331 836 354 iam
851 328 886 363 vsi
893 330 990 365 finnus.
1030 332 1114 366 Neque

69 378 125 396 vero
142 370 190 394 no'n
203 367 308 403 profuit
321 367 392 394 nohis
407 369 474 394 acris
488 368 553 391 inter
567 365 724 390 Perizonium
742 371 766 390 et
781 363 909 397 Kustcrum
929 366 958 392 de
975 366 1020 392 hoc
1040 366 1113 393 verbo

37 409 39 430 ἱ
69 404 217 440 disputatIo,
235 406 305 430 cuius
318 410 396 430 totum
409 399 594 435 instrumentum
608 398 656 424 huc
667 401 851 427 transtulimus.

106 445 261 466 CERNEN
272 447 301 470 S,
325 438 401 465 entis.
434 437 532 463 Omnes
555 434 636 468 longo
656 435 751 461 ordine
770 445 878 462 cernens
892 436 988 470 Virgil.
1004 437 1069 463 Aen.
1087 438 1112 466 6,

70 479 128 508 482.
161 481 184 500 et
208 485 237 508 4,
250 480 301 508 408
330 474 396 507 Qiis
410 471 460 498 tibi
474 477 551 502 tunc,
571 469 659 502 Dido,
677 472 795 498 cernenti
809 472 886 498 ltalia
899 473 1002 498 sensus?
1038 471 1112 498 Caeli

68 510 210 541 scintillare
224 511 315 537 omnia
327 508 422 543 templa
435 511 567 533 cernentes
582 506 686 532 Luci‘ct.
702 509 728 539 6,
742 510 805 542 644.
842 508 909 534 Add.
925 508 993 541 Nep.
1009 515 1035 542 7,
1050 516 1077 540 9,
1090 515 1112 539 3.

103 553 120 573 C
130 553 145 572 Ε
156 554 175 573 R
187 553 208 572 N
219 554 236 573 Ε
245 553 266 572 N
275 553 294 572 ι)
305 552 324 571 ν
334 553 347 572 s
356 564 363 577 ,
386 542 452 569 nulli
465 541 545 568 Ouid.
562 550 593 567 ex
611 543 694 569 Ponto
703 552 725 575 3,
735 551 756 575 ς,
772 553 798 577 4.
819 546 893 580 vulgo
906 543 1047 577 inuiyibilis.

1139 403 1153 430 5
1181 409 1249 427 crae.

1578 175 1853 217 CER
2161 199 2231 240 853

1219 262 1261 284 cE
1270 264 1288 284 R
1300 264 1319 284 0
1329 265 1345 284 L
1357 265 1411 289 ΙΑ,
1433 268 1472 286 ae.
1497 262 1516 287 f.
1536 263 1637 291 videtur
1648 265 1728 301 suiſje
1741 267 1789 293 loci
1800 277 1885 294 nomen
1899 271 1926 294 in
1939 271 1998 297 vrbe
2005 278 2117 310 antiqua.
2146 277 2232 308 Varro

1183 293 1215 320 de
1224 294 1253 319 L.
1264 293 1294 319 L.
1302 298 1349 326 4,8
1365 303 1389 334 p.
1405 302 1434 327 i4
1456 295 1524 322 Cum
1532 299 1623 326 Caelio
1631 302 1788 329 coniunctae
1802 304 1925 337 Carinae,
1948 305 1992 332 scd
2006 308 2073 336 inter
2087 322 2128 338 eac
2173 325 2233 343 uem

1182 329 1270 370 iocum
1283 329 1466 370 Ceroliensem
1479 333 1636 366 appellatum
1654 345 1770 372 apparet.
1808 355 1839 359 ——
1874 341 2033 368 Cerolienfis
2046 354 2060 370 a
2075 325 2232 379 Caiin‘irum

1184 364 1277 391 ιιιηξὶιι
1290 365 1375 407 dictus
1384 367 1511 407 Carinae:
1530 369 1616 401 postca
1625 372 1768 406 Cei-ionia,
1778 375 1850 409 quod
1863 376 1925 403 hi'nc
1938 377 2026 405 oritur
2040 387 2115 414 caput
2124 382 2188 413 Viae
2198 389 2213 413 s
2225 405 2232 408 -

1292 401 1350 426 Vni.
1372 401 1483 427 Nardin.
1497 403 1566 429 Rom.
1590 407 1644 432 Vct.
1660 417 1682 439 3,
1697 418 1722 441 9.
2209 398 2221 414 a

1218 442 1234 462 C
1246 444 1261 463 E
1271 443 1317 480 izo
1328 443 1351 462 M
1363 444 1383 463 Α
1394 457 1402 469 ,
1422 441 1480 479 atis.
1500 447 1525 480 n.
1563 439 1700 478 [pienum]
1739 447 1823 472 Oleum
1843 456 1962 481 ceratum,
1977 459 2023 486 quo
2038 452 2145 479 athletae
2159 465 2192 481 vn
2212 468 2233 484 e.

1180 472 1280 512 bantur.
1322 474 1416 498 Terrae
1428 474 1527 508 ahquid
1532 493 1540 506 ,
1556 478 1581 509 J·
1593 478 1705 509 pulueris
1718 484 1795 507 terrei
1811 483 1943 524 admisceri
1951 486 2069 521 solitum,
2088 468 2233 524 apparetgex

1181 509 1248 535 Plffl,
1264 516 1302 540 33,
1319 517 1342 539 13
1356 509 1374 534 s.
1389 516 1425 543 47
1447 507 1502 544 post
1516 514 1661 537 ”tentionem
1670 516 1782 547 pulueris
1794 517 1885 553 diuersi
1897 525 2012 559 generis,
2039 531 2087 558 quo
2106 534 2133 550 m
2153 528 2233 560 palae·

1173 542 1234 576 stra
1247 551 1393 575 urerentur,
1428 544 1505 571 Plura
1523 545 1555 571 de
1579 545 1626 572 hac
1645 556 1717 581 parte
1741 559 1793 577 non
1808 554 1864 580 sum
1878 555 2015 590 dichirus,
2037 566 2091 585 non
2106 557 2234 589 Hercules

1766 412 1873 438 Turneb.
1887 412 1992 450 Aduers
2014 420 2059 447 Ζῶ,
2075 424 2110 448 33.

107 587 124 608 0
137 587 326 613 ERNm-vs,
347 589 378 611 a,
399 587 458 608 um,
487 583 537 612 pro
558 578 660 604 Cretus.
698 579 859 606 Lomentum
878 579 1026 606 Fabaceuni
1045 578 1111 604 bene
1132 587 1164 613 10·
1181 579 1265 613 magis
1283 585 1361 613 quam
1379 579 1411 605 de
1428 586 1513 606 teri-ae
1533 582 1579 607 vsu
1598 582 1627 608 in
1647 587 1801 620 ceroinatis,
1826 590 1922 624 quibus
1942 594 2088 622 exercendo
2111 597 2234 625 iuuentus

69 618 199 644 cernitum
212 615 319 644 Theod.
330 615 404 642 Prisc.
417 622 442 645 2,
456 621 483 645 4.

104 659 121 680 C
131 660 203 680 RET
213 659 234 679 v
247 660 260 679 s
269 672 277 684 ,
294 660 325 683 a,
343 658 395 676 um.
417 648 557 675 Cribratus.
577 650 689 677 Cretum
704 655 745 677 tus
759 650 841 677 Sci-ib.
850 659 909 677 222.
929 648 1111 684 Add.70,14;.

67 689 137 716 Bene
156 694 240 715 cretus
254 687 318 714 cinis
336 683 430 712 Pallad.
448 693 491 715 ιο,
506 693 547 711 22.

102 729 304 753 CRETVRA,
334 729 372 747 ae.
409 720 429 746 f.
474 721 604 755 Triginta
623 721 754 748 columbis
774 721 927 748 volantibus
948 718 1037 747 dim-ni
1061 726 1114 747 tres

66 760 172 786 sextarii
185 758 265 786 tritici
278 755 421 788 sufficient,
442 762 486 783 aut
499 763 619 784 creturae
634 758 730 784 Pallad.
746 766 766 790 i,
780 766 820 790 24.
855 760 872 783 i.
891 763 1044 783 recrementa
1065 759 1114 782 cri-
1135 764 1160 791 ις

38 795 40 824 l
64 795 196 821 iurationis.
230 792 295 820 Add.
310 792 381 819 Idem
397 801 432 825 12,
444 801 480 819 22.
517 793 607 820 Barth.
615 793 683 820 Adii.
695 802 736 826 39,
751 798 772 823 8.
814 794 941 819 Vocantur
953 799 976 818 et
994 793 1114 825 Excreta,

35 858 36 861 ,
64 834 95 857 it.
111 832 278 858 Excrementa
296 828 435 855 frumenti.

38 894 40 896 ,
101 871 252 894 CERNEN
263 870 351 897 ΤιΑ,
371 874 410 891 ae.
437 864 458 891 f.
501 863 584 900 Visus.
621 864 700 890 Mart.
714 863 815 898 Capell.
830 872 849 896 4
870 873 895 898 p.
910 871 946 896 ¹¹5
966 864 1114 898 Opponun-

32 910 33 914 ¹
63 908 107 929 tui·
123 901 170 928 sibi
204 915 250 920 —-
285 906 314 926 vt
334 900 440 927 habitus
453 900 607 933 orbationi,
625 906 654 926 vt
666 899 809 926 Cernentia
821 900 960 926 caecitati:
982 898 1015 933 ist
1032 902 1114 936 igitur

59 937 157 965 habitus
170 934 294 962 cernmdi.

97 978 265 1004 cana-10,
296 971 364 998 onis.
402 972 422 998 s.
467 971 625 999 Sollemnitas
639 991 647 1003 ,
674 979 734 1006 quae
757 969 920 996 adhibebatur
941 973 969 996 in
990 970 1111 996 adeundis

295 1009 335 1034 vel
356 1007 414 1043 Ipsa
432 1007 580 1034 hereditatis
599 1006 686 1034 aditio,
742 1006 799 1032 Cic.
815 1007 868 1032 Att.
889 1013 929 1038 ii,
951 1013 979 1032 12
1004 1009 1031 1032 in
1044 1006 1110 1041 fine,

524 1044 590 1070 Puto
605 1042 677 1068 enim
692 1042 840 1068 cretionem
858 1041 935 1067 fuisse
955 1041 1109 1076 simplicem,

573 1078 724 1112 Siinplicem
733 1098 741 1110 ,
760 1081 778 1103 i.
792 1087 846 1103 cuin
860 1079 926 1103 nullo
941 1075 1110 1109 commissam,

34 1010 35 1014 ¹
58 1007 236 1035 hereditatibus
250 1018 257 1032 .-

59 1043 182 1070 Galeonis
196 1042 371 1070 hereditatem
386 1043 469 1070 creui.

59 1079 185 1114 quoniam
200 1078 232 1105 ad
245 1088 288 1105 me
302 1079 374 1106 nulla
388 1079 460 1106 inissa
475 1078 520 1105 est.

57 1122 80 1141 et
93 1114 213 1149 adeostm·
227 1115 397 1142 coheredibus:
418 1122 447 1141 vt
463 1124 505 1151 ego
518 1123 584 1140 imus
594 1116 722 1141 creuerim.
760 1114 835 1140 Missa
854 1113 905 1145 est,
932 1116 950 1139 i.
957 1111 1107 1152 significata
1142 1116 1154 1125 ¹

34 1159 35 1169 ³
55 1153 154 1184 literis,
171 1151 265 1183 abiis,
278 1154 322 1187 qui
335 1160 384 1177 meo
396 1153 492 1177 nomine
502 1156 641 1176 creuerunt.
683 1148 775 1175 Eidem
791 1158 825 1182 13,
839 1151 876 1182 46
893 1149 929 1175 Ex
943 1157 975 1174 eo
991 1156 1108 1183 cognom

55 1187 202 1213 cretionem
216 1187 309 1214 Cluuii
331 1186 366 1219 (ὁ
394 1185 545 1213 Vestorium
569 1185 766 1221 negligentem)
794 1185 907 1212 liberam
942 1184 1106 1217 cretionem,

55 1222 163 1257 (intell.
195 1233 210 1248 a
243 1225 348 1259 legatis,
380 1228 409 1248 vt
431 1221 542 1258 solidum
568 1220 606 1255 stt
621 1241 628 1254 ,
661 1220 728 1257 quod
759 1231 787 1248 ex
821 1230 849 1248 ea
874 1220 1040 1260 percipitur)
1067 1226 1105 1246 te-

55 1257 140 1285 stibus
160 1259 355 1293 praesentibus,
380 1257 514 1292 sexaginta
532 1256 634 1283 diebus.
690 1256 845 1284 Metuebam
863 1264 896 1282 ne
912 1255 959 1281 ille
978 1255 1105 1284 arcendus

54 1295 116 1321 esset
130 1305 135 1321 :
162 1304 231 1321 nunc
251 1294 409 1321 mittendum
426 1293 478 1326 est,
499 1299 528 1320 vt
541 1301 602 1320 meo
623 1293 689 1320 iussu
706 1299 803 1320 cernat.
848 1293 927 1318 Locus
944 1291 1056 1326 clafficus
1072 1290 1106 1325 est

10 1346 15 1354 ι
55 1330 165 1365 leiani
179 1331 240 1357 Tit.
253 1339 301 1361 22,
321 1338 356 1365 27
374 1330 429 1365 sqq.
503 1329 597 1356 Cretio
615 1329 667 1361 est,
689 1329 831 1356 Certorum
850 1326 956 1353 dierum
975 1328 1104 1362 spatium,

55 1366 128 1400 quod
142 1368 218 1393 datur
231 1366 354 1393 instituto
368 1365 461 1392 heredi
475 1365 507 1392 ad
519 1365 735 1396 deliberandum,
750 1370 840 1391 vtrum
854 1363 976 1397 expediat
989 1363 1015 1390 ei
1030 1363 1106 1390 adire

54 1401 229 1429 hereditatem
248 1411 330 1431 necne
344 1413 350 1428 :
375 1401 467 1434 velut,
490 1403 576 1428 Titius
591 1401 660 1427 heres
672 1399 736 1433 esto,
756 1402 897 1435 cernitoque
914 1402 942 1425 in
955 1399 1039 1426 diebus
1052 1409 1105 1426 cen-

54 1445 107 1464 tum
117 1440 257 1474 proximis,
277 1438 364 1474 quibus
371 1437 480 1473 scieris,
496 1440 639 1473 poterisque
652 1447 660 1461 .·
684 1435 731 1469 nist
745 1438 784 1461 ita
798 1438 906 1461 creueris
916 1454 922 1466 ,
935 1436 1033 1462 exheres
1048 1434 1104 1468 esto.

55 1474 186 1506 Cernere,
204 1473 241 1500 est
253 1473 342 1500 Verba
356 1474 481 1500 cretionis
495 1474 598 1505 dicere,
615 1471 646 1499 ad
660 1471 729 1497 hunc
742 1470 868 1502 modum,
886 1472 969 1506 chm
983 1481 1019 1498 me
1034 1473 1104 1498 Mac-
1123 1473 1152 1500 35
1173 1481 1242 1510 opus.

54 1512 113 1536 vius
126 1509 233 1536 heredem
246 1508 397 1543 instituerit,
418 1519 469 1536 eam
481 1509 639 1536 hereditatem
653 1506 712 1534 adeo
725 1517 854 1543 cernoque.
911 1507 972 1533 Sine
985 1508 1105 1534 cretione

55 1545 131 1572 heres
148 1545 297 1577 institutus,
314 1545 332 1572 si
351 1545 516 1572 constituerit
529 1544 600 1570 nolle
614 1543 639 1569 se
658 1542 784 1570 heredem
801 1544 867 1576 esse,
885 1542 972 1569 statim
985 1543 1103 1570 excludi-

0 1603 8 1611 ,,
53 1586 98 1607 tur
111 1581 145 1607 ab
158 1581 321 1614 hereditate,
339 1587 365 1607 et
378 1581 492 1615 amplius
505 1589 562 1606 eam
575 1579 649 1605 adire
669 1588 723 1605 non
738 1579 831 1614 potest.
892 1580 963 1606 Cum
982 1580 1103 1607 cretione

0 1630 9 1647 ’,ι
52 1625 119 1642 vero
134 1616 208 1642 heres
227 1617 374 1648 institutus,
395 1615 459 1642 ficut
472 1615 604 1642 cernendo
618 1615 648 1641 fit
660 1615 751 1647 heres,
771 1616 809 1642 ita
820 1624 875 1641 non
894 1615 972 1642 aliter
986 1615 1102 1642 excludi-

52 1656 113 1684 tur,
129 1661 207 1686 quam
221 1651 239 1677 si
259 1652 329 1678 intra
343 1651 415 1678 diem
434 1652 562 1679 cretionis
581 1660 635 1677 non
654 1651 778 1677 creuerit.

50 1687 225 1720 constituerit,
233 1687 306 1714 nolle
322 1688 347 1714 se
360 1687 485 1714 heredem
501 1688 564 1718 esse,
583 1692 672 1713 tamen
694 1686 712 1712 fi
734 1686 860 1722 supersint
882 1687 938 1714 dies
960 1688 1103 1720 cretionis,

0 1734 4 1753 t
49 1723 214 1758 poenitentia
226 1723 316 1756 aetus,
337 1723 469 1750 cernendo
482 1723 558 1749 heres
572 1722 632 1749 fieri
646 1722 740 1757 potest.
797 1723 904 1754 Cretio,
924 1728 970 1749 aut
983 1723 1102 1758 vulgaris

0 1762 2 1769 '
51 1758 167 1792 dicitur,
186 1764 231 1785 aut
249 1759 385 1785 continua.
444 1758 584 1793 Vulgaris,
610 1759 638 1784 in
657 1767 709 1792 qua
733 1757 898 1785 adiiciuntur
919 1758 983 1784 haec
1003 1758 1101 1791 verba,

0 1806 2 1816 ι
48 1795 142 1830 ‚Quibus
145 1795 248 1835 scieris,
252 1798 403 1830 poterisque.
439 1795 582 1826 Continua,
591 1793 918 1828 inquanonadiiciuntur.
938 1795 978 1827 Ei,
986 1795 1034 1829 qui
1043 1795 1101 1821 vul-

48 1839 139 1865 garem
146 1837 293 1857 cretionem
299 1829 387 1862 habet,
395 1829 450 1856 dies
457 1829 499 1856 illi
507 1829 762 1865 daticomputqntur,
770 1829 867 1864 quibus
876 1830 933 1863 scit,
942 1831 966 1856 se
975 1830 1102 1858 heredem
1114 1836 1148 1863 45
1169 1834 1217 1862 Sed
1228 1835 1270 1860 hic
1287 1837 1362 1860 etiam
1377 1836 1445 1861 locus
1456 1836 1628 1872 controuersiis
1641 1838 1663 1869 ej

551 1865 642 1900 Ei,qui
649 1865 804 1892 continuam
814 1865 893 1892 habet
901 1867 1100 1899 cretioneni‚et-

1051 1909 1099 1930 aut

2 1955 6 1963 ι
47 1938 125 1964 sciuit
133 1937 299 1972 quidem,sed
306 1946 361 1963 non
367 1937 454 1972 potuit
463 1946 579 1963 cernere.
617 1938 654 1963 Ex
661 1937 748 1972 quibus
757 1937 840 1963 verbis
846 1936 913 1964 reste
920 1935 1058 1974 castigatus
1065 1936 1100 1971 <ft

45 1974 113 2000 locus
119 1973 174 1999 Cic.
183 1972 215 1999 de
221 1973 295 1999 Orat.
302 1982 323 2006 i,
331 1982 379 1999 100
386 1981 448 2000 ειη
467 1973 506 1999 De
513 1972 554 1999 his
561 1972 641 1999 credo
649 1971 737 2005 rebus,
743 1975 827 2008 inquit
834 1973 947 2006 Crassus,
961 1980 990 2000 vt
1003 1974 1031 2000 in
1045 1983 1100 2001 cre-

45 2008 163 2035 tionibus
170 2009 318 2045 (legebatur
325 2008 535 2039 conditionibus,
544 2015 587 2035 aut
593 2007 824 2041 condictionibus>
839 2009 921 2036 scribi
934 2009 1010 2042 solet,

46 2044 108 2071 Bvs
130 2044 237 2071 SCIAM
258 2045 489 2078 POTEROQVE.
515 2044 658 2079 Metaphor.
672 2044 813 2077 Plin.2,26
811 2044 862 2080 fin.
871 2046 988 2072 Caeloin
997 2046 1100 2073 heredi—

44 2086 96 2108 tate
103 2079 205 2106 cunetis
212 2079 320 2112 relidio,
328 2080 348 2107 si
354 2080 555 2114 quisquam‚qui
563 2080 710 2107 cretionem
718 2085 887 2116 eam'caperet
895 2084 1019 2108 inuentus
1027 2083 1096 2109 esset.

82 2123 100 2144 C
110 2123 154 2143 ER
163 2122 214 2142 NV
224 2122 243 2142 ο
252 2135 259 2147 ,
278 2120 331 2142 are.
368 2114 500 2149 [uniri-rei»,
518 2117 622 2149 κυβιςᾲῖν
635 2117 693 2143 Vet.
708 2116 807 2150 Gioffi]
844 2116 886 2150 Est
899 2117 967 2153 quast
979 2118 1096 2144 cernendi

44 2151 117 2188 caufiz
131 2157 206 2186 caput
212 2151 340 2188 profunde
353 2151 489 2178 demittere.
562 2151 641 2179 Glotr.
652 2151 710 2178 [fid.
731 2152 881 2185 Cernuare,
901 2153 1091 2187 praecipitare:

43 2188 86 2214 vbi
104 2186 136 2213 :d
147 2195 244 2221 etymon
256 2187 327 2214 verbi
344 2187 520 2221 praecipitare
531 2193 555 2212 et
567 2195 688 2221 praeceps
707 2187 850 2221 respicitur.

44 2222 182 2249 no-Arab.
202 2222 270 2257 apud
286 2222 351 2256 Voffi
363 2223 468 2256 Etymol.
489 2223 610 2253 cernuo,
629 2221 771 2248 humiliter
783 2230 826 2248 me
841 2220 958 2248 infledto.

44 2258 76 2283 de
91 2258 144 2284 Vit.
156 2258 217 2291 Pop.
231 2257 309 2283 Rom.
324 2266 334 2284 1
356 2257 423 2292 apud
436 2257 508 2284 Non.
523 2265 543 2289 i,
558 2259 594 2291 76
612 2257 698 2284 Etiam
713 2257 794 2292 pelles
814 2256 928 2284 bubulas
948 2257 1012 2285 oleo
1031 2267 1089 2293 pei·-

43 2293 111 2319 fusas
126 2291 328 2327 pei-currebant,
347 2292 442 2328 ibique
456 2292 617 2323 cernuabant
632 2303 638 2319 :
672 2302 687 2320 a
702 2301 757 2328 quo
778 2298 854 2320 vetus
877 2293 914 2320 est
933 2294 981 2320 ille
998 2295 1089 2325 versus

43 2328 70 2355 in
84 2327 261 2361 nominibus,
280 2327 324 2355 Ibi
336 2328 451 2364 pastores
463 2328 540 2356 ludos
553 2329 655 2356 faciunt
668 2329 750 2355 coriis
765 2329 900 2356 consualia
909 2349 918 2362 ‚
949 2331 1006 2357 Vct.
1020 2330 1089 2357 Edit.

43 2365 141 2392 Cei—nui
152 2372 201 2400 pro
215 2364 315 2391 Coriis.
385 2365 443 2391 Sen.
460 2364 539 2400 Epist.
553 2370 566 2395 8

43 2406 121 2433 tuna,
136 2399 181 2427 sed
196 2406 304 2427 cernuat
317 2406 343 2427 et
361 2399 458 2427 allidit.
530 2402 588 2428 Alii
607 2402 732 2427 Cernulat.
804 2402 924 2428 Cernuat
944 2411 993 2429 ora
1013 2403 1091 2429 senex

43 2435 163 2464 barbatus
177 2442 203 2463 et
214 2436 303 2463 oscula
315 2435 373 2471 figit
379 2435 510 2463 Cruribiis
525 2436 681 2471 aeripedum
690 2457 699 2470 ,
716 2436 735 2463 si
748 2437 787 2464 fas
801 2437 837 2464 est
845 2438 952 2465 credere
958 2447 1091 2472 equorum

43 2471 116 2499 Prud.
130 2472 191 2498 adu.
205 2472 302 2505 Synnn.
318 2481 338 2503 1,
349 2480 405 2505 350.
424 2475 443 2500 i.
457 2473 568 2500 demittit
575 2473 619 2509 se,
626 2472 682 2507 flue
694 2479 803 2500 cernuat
815 2471 899 2500 aHiue
906 2474 1007 2509 sumas,
1024 2472 1092 2507 quod

43 2508 205 2544 accusatiuum
219 2517 266 2535 ora
280 2508 402 2545 adsciscat
413 2519 421 2534 .·
449 2507 504 2543 fiue
516 2510 680 2541 neutraliter,
699 2515 728 2535 vt
743 2518 792 2535 ora
798 2508 837 2543 stt
849 2508 1006 2544 accusatiuus
1015 2510 1091 2534 Grae-

43 2553 81 2571 ,τις
94 2545 134 2571 vel
147 2544 349 2579 Syriecdochicus.
1070 2544 1075 2548 ”

66 2586 138 2607 atum
153 2580 181 2606 in
194 2581 293 2607 flumen
307 2588 388 2615 paene
401 2586 518 2608 cernuat.
538 2583 557 2607 i.
566 2582 732 2616 praecipitat.
911 2576 931 2615 fi
951 2587 968 2605 2
1006 2581 1088 2606 Etiam

0 2621 11 2640 -ι
55 2615 127 2650 afflue
136 2617 176 2642 uel
185 2615 314 2652 deponent.
349 2615 469 2651 Solin.17
488 2616 516 2642 de
529 2616 655 2649 tigribus,
673 2615 703 2640 In
717 2614 798 2640 litore
810 2613 888 2640 irrita
901 2613 976 2640 rabie
995 2624 1089 2643 cernu-

49 1865 200 1892 institutum
207 1867 265 1899 esse,
272 1873 298 1892 ct
303 1866 391 1900 potuit
398 1873 513 1891 cernere.

999 2223 1087 2249 Varro

0 2647 12 2678 θ’
55 2651 79 2678 ri
92 2658 224 2682 notantur,
241 2651 328 2678 veluti
341 2651 476 2685 propriam
493 2647 646 2678 tarditatem
663 2649 815 2676 voluntaria
835 2649 987 2684 castigantes
999 2652 1088 2678 ruina.

3 2697 11 2720 f·
53 2686 78 2713 d.
92 2695 115 2712 c.
127 2694 160 2720 45
178 2686 207 2712 de
221 2695 279 2726 equo
293 2687 419 2712 Cintareti
426 2705 433 2717 ‚
453 2687 531 2721 Isque
544 2686 610 2713 adeo
626 2685 723 2720 spreuit
737 2685 857 2720 lupatos‚
877 2692 906 2712 vt
919 2685 951 2712 de
958 2686 1087 2715 industria

62 2763 187 2792 uruagus,
206 2756 271 2792 quod
283 2757 359 2784 nihili
370 2755 412 2790 {⁸st-

75 2799 230 2819 cmmvvs.
247 2792 308 2819 Adi.
327 2791 544 2828 [neminmltlroes]
581 2793 652 2820 Non.
660 2801 680 2825 i,
688 2795 724 2827 76
744 2793 970 2822 Cernuusdicitur
977 2795 1087 2830 proprie

52 2827 195 2859 nelinatus,
215 2828 286 2863 quasi
305 2828 376 2864 quod
393 2835 490 2855 terram
504 2835 594 2856 cernat
612 2829 731 2855 Lucilius
743 2830 794 2856 Sat.
808 2829 856 2856 lib.
871 2838 884 2862 3
905 2831 1025 2858 Cernuus
1040 2840 1084 2858 ex-

51 2863 138 2899 emplo
151 2864 250 2898 plantas
267 2864 396 2891 conuenit
408 2863 537 2892 honestas.
609 2864 706 2899 Virgil.
718 2865 782 2892 Aen.
801 2875 842 2897 10,
862 2871 913 2899 894
939 2867 1085 2903 Eiectoque

50 2899 168 2926 ncumbit
179 2909 292 2927 cernuus
303 2909 387 2927 armo.

56 2936 77 2962 it
95 2936 123 2962 in
137 2935 247 2968 faciem,
266 2935 337 2971 quasi
356 2937 386 2963 in
400 2945 458 2963 eam
478 2943 578 2971 partem
593 2937 702 2970 cadens,
723 2947 804 2972 quam
824 2946 964 2967 cernimus.
1007 2939 1084 2967 Vnde

53 2977 64 2998 t
77 2971 171 3004 Pueri,
186 2981 254 3007 quos
275 2973 304 2998 in
327 2971 397 2999 ludis
422 2972 560 3005 videmus,
585 2982 615 2999 ea
635 2979 726 3008 parte,
752 2983 804 3009 qua
826 2981 953 3008 cernunt,
972 2975 1082 3009 stantes,

63 3007 107 3033 Ma
119 3009 167 3034 uic.
181 3009 338 3040 κνβιςῶντες)
359 3009 459 3036 Cernui
472 3014 620 3035 vocantur:
639 3015 670 3036 vt
689 3010 769 3036 etiam
784 3011 870 3036 Varro
884 3011 913 3037 in
925 3011 995 3039 ludis
1011 3012 1083 3038 thea-

49 3041 98 3068 rali
117 3051 148 3069 us
165 3042 251 3070 docet.
306 3045 378 3071 Forte
396 3044 499 3081 refin'cit
516 3045 551 3071 ad
567 3046 645 3072 locum
666 3046 811 3078 Varronis,
839 3055 906 3082 quem
925 3047 1036 3075 dedimus
1054 3052 1083 3074 in

61 3113 138 3140 ucilii
149 3113 207 3144 boc,
222 3115 306 3142 Modo
320 3116 420 3142 sursum
435 3116 517 3143 modo
532 3117 672 3150 deorsum,
689 3124 815 3152 tanquam
828 3118 911 3146 collus
925 3122 956 3151 (i.
970 3120 1081 3152 collum)

51 3149 138 3181 ernui,
156 3151 175 3175 i.
189 3151 356 3189 numen-ripas,
370 3151 436 3177 illud
447 3152 524 3188 ipsum
535 3162 612 3190 genus
627 3154 720 3180 ludicri
732 3156 884 3187 exercentis,
900 3155 965 3191 quod
976 3159 1004 3182 in
1018 3157 1081 3183 Cer-

57 3193 90 3212 uo
103 3186 232 3211 Varronis
248 3185 331 3212 verbis
343 3185 490 3222 defiriptum
504 3186 552 3222 cst,
565 3199 680 3225 quemque
693 3188 868 3222 α’σκωλικσμδν
881 3199 971 3218 vocant
981 3194 1079 3220 Graeci.

54 3229 135 3248 tonos
150 3226 176 3246 et
186 3229 298 3248 cernuos
311 3230 388 3254 ruere
401 3222 531 3264 Arnob37
550 3233 575 3260 p.
589 3227 653 3258 246.
707 3226 779 3252 Nam
792 3225 881 3253 flendo
897 3236 998 3262 pernox
1017 3229 1080 3256 irri-

54 3312 62 3325 ‚
77 3301 119 3326 43.
192 3292 266 3332 Idem
279 3292 355 3320 Cath.
370 3301 394 3326 3,
407 3302 454 3328 ¹49
473 3295 556 3329 Quod
568 3296 650 3324 modo
662 3297 770 3324 Cernua
781 3297 889 3324 feminis
904 3299 1002 3335 Vipera
1017 3310 1078 3336 pro-

21 3364 27 3370 .
46 3329 131 3355 eritur
149 3327 270 3362 pedibus.
340 3329 419 3364 Apul.
432 3331 498 3357 Met.
517 3339 535 3365 9
557 3341 583 3366 p.
595 3340 654 3366 235,
668 3338 699 3363 28
726 3333 810 3368 Super
828 3335 944 3362 mensam
965 3345 1079 3364 cernuus

49 3371 168 3392 omnem.
239 3365 412 3391 Recentiorum
444 3375 519 3392 vnum
554 3369 705 3404 alterumque
735 3370 814 3396 Iocum
843 3370 930 3397 laudat
956 3375 985 3399 in
1018 3373 1077 3400 Ind.

63 3397 233 3434 menhorslius.
304 3400 460 3435 Despectam
494 3411 591 3430 cernua
627 3409 727 3431 terram
765 3405 852 3432 Sedul.
890 3415 919 3439 3,
956 3417 1012 3436 201.
1049 3408 1078 3436 de

73 3479 91 3499 2
122 3471 260 3498 Sit-*eitum
274 3471 398 3505 audimus,
404 3473 522 3500 Cernuus
535 3474 572 3500 est
584 3475 751 3503 calciamenti
765 3485 854 3511 genuS.
891 3478 938 3505 sed
950 3482 1001 3506 iam
1011 3481 1079 3508 vide-

89 3510 157 3549 ιιιὶνὶ
175 3507 284 3541 eruditi,
302 3511 440 3544 quicunque
455 3508 634 3545 obseruationis
651 3508 739 3539 auHor
752 3511 795 3546 ςΙὶ,
808 3512 932 3548 deceptum
949 3514 992 3548 effi
1005 3517 1080 3553 versu

58 3542 190 3576 uciliano,
242 3553 278 3570 em
289 3543 360 3571 modo
371 3544 483 3571 dedimus
496 3554 525 3571 ex
558 3545 630 3572 Non.
644 3556 663 3579 ι,
675 3550 711 3582 76
731 3548 852 3575 cernuus
860 3551 993 3585 extemplo
1007 3552 1078 3587 plan-

75 3578 205 3607 conuestit
231 3579 408 3616 onestassquod
414 3579 448 3606 ad
452 3578 544 3617 gestum
551 3581 677 3609 induentis
676 3583 728 3617 sthi
735 3585 776 3611 vel
780 3585 828 3611 alii
834 3586 939 3612 calceum
941 3591 1061 3621 pertinet.

27 3647 30 3654 '
68 3648 130 3684 ertit
141 3650 265 3684 fortuna,
281 3651 327 3679 sed
339 3651 456 3679 cernulat
470 3659 496 3679 et
511 3651 609 3680 allidit.
659 3653 765 3682 Videtur
778 3656 917 3683 cernulare
930 3663 956 3684 et
969 3658 1078 3687 allidere

81 3684 180 3717 'unc'lim
187 3686 273 3722 fianta
279 3689 339 3723 plus
354 3687 412 3722 effi,
426 3698 498 3724 quam
521 3693 656 3715 euertere:
675 3696 758 3725 nempe
775 3692 898 3724 κυβιςᾷν,
926 3694 992 3729 quod
1003 3694 1036 3729 qs}
1049 3699 1078 3722 in

23 3738 26 3741 Δ
57 3727 90 3749 et.
105 3721 187 3749 Glosl'.
203 3724 233 3748 in
247 3729 322 3758 caput
330 3722 442 3757 statuere
456 3745 467 3757 ,
492 3731 515 3750 et
527 3723 567 3758 fic
580 3724 633 3760 ipfh
653 3727 735 3760 capite
754 3726 871 3760 allidere,
899 3737 953 3756 cum
974 3737 1077 3758 euertat

19 3761 24 3768 ·
63 3759 68 3765 ”
126 3760 173 3798 qui
176 3757 334 3794 supplantat.
367 3761 426 3788 Vet.
440 3760 520 3787 Gloss.
531 3760 658 3787 Cernulat
677 3762 779 3794 κυβις-ᾇ.
808 3762 811 3763 ’

19 3842 22 3849 ¹
51 3845 58 3855 ·
69 3837 95 3866 g.
106 3828 191 3864 Apul.
202 3837 221 3862 9
233 3837 259 3864 p.
268 3837 322 3870 235,
334 3836 365 3861 28
392 3832 480 3868 ‚Supra
495 3833 613 3860 mensam
626 3831 749 3859 cernulus
761 3841 894 3861 corruens.
929 3836 1060 3866 Cei-nulus
1067 3858 1078 3871 ‚

15 3871 17 3873 ·
77 3863 187 3899 κυρῶ-»ξς
205 3865 464 3904 Cei-nunnunquam)
471 3869 532 3896 Vet.
545 3869 588 3895 Gl.
1072 3899 1076 3903 .

30 3917 39 3925 .
65 3903 539 3939 canorERARivs‚velcnnii›iionv
543 3912 568 3937 s,
575 3905 594 3931 i.
603 3913 638 3930 m.
647 3905 840 3937 cleruus‚cuius
845 3914 933 3932 munus
938 3914 993 3934 erae
999 3907 1076 3945 adsa-

42 3939 125 3962 *rorm
131 3933 299 3970 mysteriorum
300 3944 415 4001 pomgam
421 3941 531 3977 accmfhs
537 3950 618 3968 cereos
640 3942 763 3967 erre.A11·o
770 3943 866 3967 nomine
872 3942 1074 3972 vocabaturAco-

45 3969 302 4036 ythmssAcolutlIius.
319 3974 361 4006 Vi,
383 3973 514 4010 Ifid.7,ia..
522 3975 582 4004 'Ano‘

123 4013 155 4034 <V
163 4012 184 4034 0
193 4013 221 4034 i..
261 4026 270 4035 ι

1131 943 1163 964 20
1180 938 1274 963 monio
1289 937 1389 964 luteum
1403 944 1535 964 ceromate
1549 947 1644 974 corpus
1679 941 1832 974 Perfundit,
1854 953 1898 972 etc.

922 2187 1000 2213 Gloss.
1016 2187 1088 2213 Lati·
1113 2187 1142 2215 55

587 2365 643 2399 Qui
657 2364 708 2391 hoc
722 2365 842 2398 faciunt,
861 2374 917 2392 non
931 2366 1029 2393 euertit
1036 2366 1091 2393 sor·
1100 2371 1136 2397 60
1157 2366 1226 2393 dium
1239 2376 1335 2403 genere.

420 2545 499 2580 Apul.
512 2545 578 2572 Met.
594 2553 604 2571 1
618 2554 643 2579 p.
658 2553 706 2577 iii,
716 2552 734 2576 9
753 2544 877 2578 Denique
890 2552 985 2577 corpus
1000 2552 1089 2570 exani·
1105 2545 1137 2575 65
1156 2546 1373 2581 piirationesque.
1411 2547 1450 2574 De
1463 2547 1509 2584 vsu
1527 2552 1554 2574 in
1574 2549 1736 2584 aedificando.

53 2727 177 2748 ernuatus
189 2730 267 2748 ruina
280 2721 380 2756 pariter
393 2726 419 2748 et
431 2722 457 2748 se
469 2727 495 2749 et
508 2722 626 2758 equitem
640 2721 777 2756 affligeret.
814 2722 856 2749 sic
867 2721 1006 2757 Salmqfius.
1042 2725 1086 2751 Al.
1098 2730 1134 2760 70
1155 2734 1261 2752 carnem
1280 2724 1454 2760 coe‘tibilem,
1474 2735 1520 2754 etc.

430 2901 478 2927 Vbi
490 2901 611 2933 Seruius,
627 2902 748 2928 Cernuus
761 2911 844 2937 equus
857 2902 965 2943 dicitur,
984 2904 1032 2939 qui
1044 2913 1084 2930 ca-
1099 2908 1132 2936 73
1150 2906 1244 2939 alium,
1269 2907 1431 2937 contendere,-

1148 3021 1178 3040 ac
1197 3014 1337 3041 velocitati
1357 3022 1458 3043 certare

60 3085 145 3104 ernuo
162 3087 191 3104 ex
208 3079 276 3115 ipso,
293 3089 362 3115 quem
382 3081 450 3107 modo
473 3080 629 3108 laudauimus
650 3081 724 3109 Non.
738 3091 764 3114 i,
786 3083 831 3116 76,
854 3085 898 3117 qui
915 3083 988 3110 addit
1007 3088 1082 3111 etiam
1097 3088 1130 3115 80
1149 3092 1205 3113 tum
1219 3086 1271 3120 cst,
1292 3095 1355 3116 nam
1374 3087 1458 3115 hodie
1471 3090 1553 3117 Certo
1565 3096 1654 3116 tecum
1667 3089 1796 3123 dicimus,

1144 3122 1202 3149 vid.
1223 3130 1348 3151 ACIES.

1147 3165 1212 3185 certe
1229 3168 1295 3186 nunc
1307 3159 1416 3196 secundo
1434 3170 1500 3187 nunc
1520 3160 1633 3197 aduerso.

1147 3199 1218 3221 tante
1237 3195 1305 3222 feret
1324 3196 1465 3232 quisquam
1483 3205 1600 3232 aequore
1618 3195 1731 3232 palmam
1769 3198 1866 3233 Erepto
1881 3197 1890 3226 ἓ
1925 3201 1955 3228 de
1973 3204 2047 3240 cursu
2065 3209 2092 3232 in
2104 3205 2200 3242 stadio.

52 3262 124 3284 atum
138 3256 276 3292 puluerem
292 3257 375 3284 Humi
391 3258 520 3286 madentis
535 3269 583 3287 ore
609 3260 695 3296 pressit
719 3270 820 3288 cernuo
848 3262 925 3290 Prud.
957 3264 1078 3291 Cathem.
1098 3266 1127 3295 85
1145 3274 1262 3302 occupare
1275 3274 1299 3293 et
1305 3271 1455 3303 praeuenire
1467 3269 1553 3305 Cursu.

1146 3308 1170 3328 et
1183 3303 1329 3340 aduersari,
1365 3305 1441 3339 Virg.
1455 3303 1520 3331 Aen.
1540 3311 1579 3338 10,
1599 3311 1616 3340 7
1646 3304 1823 3341 Tantumque
1845 3306 1943 3335 animis
1961 3312 2067 3340 certatis
2080 3313 2201 3350 iniquis!

1146 3340 1243 3374 Iupiter
1255 3340 1312 3366 deos
1322 3340 1466 3376 alloquitur.
1816 3341 1821 3346 ⁴

1145 3374 1202 3401 dam
1216 3375 1408 3403 dominationem
1424 3376 1516 3403 Tacit.
1532 3377 1600 3403 Ann.
1614 3385 1637 3409 2,
1650 3378 1695 3410 46.

58 3437 132 3463 uliere
149 3442 270 3472 aegrota,
306 3436 336 3462 de
352 3446 402 3472 qua
420 3437 483 3464 Luc.
499 3446 533 3470 13,
549 3447 572 3465 ii
595 3440 757 3473 cornuin-naa
768 3440 805 3474 μή
819 3438 934 3475 δυναμένη
947 3443 1078 3475 ἀνακύψαι.
1088 3455 1124 3480 90
1145 3454 1201 3473 cem
1215 3447 1334 3474 cladibus
1353 3447 1424 3481 feffi,
1447 3448 1563 3474 iudicem
1585 3448 1714 3483 populum
1734 3446 1813 3479 Rom.
1833 3459 1936 3486 cepere.

1145 3488 1182 3517 77
1195 3491 1217 3510 c.
1232 3491 1267 3518 27
1286 3483 1502 3511 Adolescentium
1522 3492 1612 3519 greges
1627 3483 1825 3513 Lacedaemone
1844 3488 1962 3516 vidimus
1981 3489 2028 3526 ipsi
2041 3490 2195 3519 incredibili

68 3613 198 3643 cn'Rmi‘
208 3621 225 3642 1.
234 3623 272 3649 ο,
288 3620 340 3642 are.
355 3623 405 3652 pro
418 3616 544 3649 Cernuo,
563 3618 674 3644 melioret
685 3619 782 3647 habent.
818 3620 878 3647 Sen.
886 3621 965 3656 Epist.
979 3628 992 3653 8
1013 3624 1079 3651 Non
1093 3628 1126 3655 95
1145 3626 1217 3654 Po‘e't.
1233 3635 1293 3655 220.

1145 3661 1200 3689 Cic.
1212 3663 1245 3691 de
1266 3663 1337 3690 Clar.
1352 3663 1428 3690 Orat.
1443 3671 1489 3698 172
1509 3672 1531 3689 c.
1549 3664 1587 3696 46
1619 3664 1675 3699 Ego
1687 3665 1800 3693 memini
1822 3667 1861 3695 T.
1876 3666 1999 3702 Tincam
2011 3666 2192 3701 Placentinum

1143 3697 1327 3762 {napgtiffinnim
1349 3707 1408 3726 cum
1421 3698 1550 3725 familiari
1564 3697 1655 3727 nostro

67 3796 336 3827 CERNVLVS,a‚inn.
347 3795 408 3823 Adi.
430 3796 497 3823 Idem
504 3795 570 3832 quod
577 3797 707 3829 Cernuns,
714 3806 769 3823 cum
775 3805 821 3833 quo
828 3799 904 3825 etiam
908 3806 1078 3836 permutatur,
1087 3809 1135 3830 100
1144 3769 1381 3841 fflisgzLiigcigigsixoc
1391 3778 1452 3796 mre
1466 3770 1540 3803 sunt,
1565 3777 1595 3798 Vt
1607 3772 1678 3808 qUOd
1693 3782 1761 3800 “ms
1772 3781 1832 3799 cum
1847 3781 1907 3798 mue
1920 3777 1995 3806 agat,
2019 3773 2094 3803 dmm
2106 3783 2189 3804 certet

1141 3846 1253 3878 tumque
1272 3842 1343 3868 inter
1360 3840 1472 3876 collegas
1485 3841 1646 3870 Maledictis.

1141 3877 1178 3904 est
1204 3878 1288 3905 Plaut.
1301 3878 1330 3904 in
1342 3877 1409 3904 Pers.
1426 3885 1453 3911 2,
1469 3884 1496 3911 2,
1516 3880 1556 3911 56.

1140 3913 1208 3941 Hor.
1223 3915 1313 3941 Carin.
1325 3922 1354 3947 4,
1368 3920 1389 3944 i,
1403 3920 1440 3945 31.

752 3976 757 3984 ,
874 3977 881 3985 Ι
1139 3957 1181 3982 25,
1189 3959 1202 3982 3
1221 3949 1334 3976 Multam
1340 3947 1477 3977 Postumio
1488 3949 1624 3977 dixerunt.

637 3979 1053 4014 ⁶52⁸n904209052’‘nemmeGlNet.
1085 3993 1127 4020 ¹⁰⁵
1136 3999 1182 4005 --
1196 3990 1318 4019 perorata
1333 3983 1410 4012 causa
1425 3998 1472 4006 ·—
1487 3985 1564 4019 prius
1571 3985 1692 4021 quamad
1703 3984 1858 4020 susti-agium
1869 3985 1957 4014 tribus
1970 3994 2127 4015 vocarentur
2138 3993 2184 4012 etc.

1181 615 1270 641 nostra
1289 623 1401 648 corpora
1420 617 1492 642 vires
1506 617 1658 644 animorum
1674 621 1798 654 perdidit.
1836 627 1909 659 Cous.
1931 635 2035 656 HAPH
2046 638 2062 657 Ε
2081 639 2105 658 et
2129 639 2221 662 sTIG

1182 658 1207 678 M
1218 658 1235 676 ii
1245 658 1265 676 N
1279 656 1300 675 T
1314 657 1333 676 v
1344 657 1378 676 Μ.
1437 652 1541 678 iniecto
1565 662 1697 681 ceromate
1718 655 1825 685 brachia
1839 657 1923 688 ten'dis
1936 665 2053 692 Martial.
2070 675 2087 702 7
2111 675 2136 700 31
2192 652 2233 696 IdT

1182 696 1209 720 4,
1223 697 1241 720 4
1271 686 1413 712 Ceromata
1432 688 1488 713 fece
1503 687 1535 714 de
1548 688 1644 716 Sabina
1657 693 1723 717 inter
1736 702 1776 719 res
1785 694 1965 732 jbetidiffimas
1975 705 2059 735 ponit.
2088 687 2096 700 ³
2116 686 2148 730 a}
2205 716 2214 732 ι
2226 690 2232 696 ⁴

1181 723 1231 749 Seu
1245 721 1346 748 lentum
1360 730 1466 748 ceroma
1483 724 1560 756 teris,
1583 726 1738 760 tepidumue
1751 729 1864 763 trigona.
1928 735 1994 761 Plin.
2008 743 2035 767 28
2059 747 2078 771 4
2100 714 2234 769 Nauibillg

1182 759 1322 798 qnae-sunt
1335 767 1349 784 e
1365 764 1499 784 ceromate
1511 761 1639 798 permisto
1653 771 1753 796 coeno,
1781 767 1904 794 articulos
1922 775 2023 798 tantum
2037 758 2163 803 iuolliunt
2193 788 2234 804 ca-

1181 792 1323 834 lefaciunt,
1344 801 1390 820 etc.
1424 830 1429 834 ι
1462 794 1576 821 Tritum
1590 798 1663 835 uulgi
1678 799 1799 826 sermone
1812 804 2004 839 prouerbium,
2029 810 2127 838 Oleum
2147 793 2234 847 p⁵erdit

1182 837 1207 856 et
1223 830 1366 870 impensas,
1384 839 1432 864 qui
1446 829 1544 856 bouem
1558 833 1641 858 mittit
1656 834 1687 859 ad
1702 845 1808 862 ceroma
1834 839 1909 864 Hier.
1923 841 1967 875 Ep.
1987 852 2024 870 101
2039 846 2069 872 ad
2085 848 2222 876 Paminach
2275 839 2277 841 Ι

1181 867 1339 892 Femineum
1353 875 1458 892 ceroma
1478 867 1570 892 quen.
1585 867 1635 893 Sat.
1651 871 1675 899 6,
1689 878 1736 902 245
1753 873 1857 900 Dicitur
1870 876 1934 909 quod
1948 885 1969 903 et
1981 881 2094 907 mulieres
2105 893 2130 909 eo
2164 885 2191 918 Ji
2222 893 2233 912 t

1180 905 1250 933 viri,
1269 908 1422 938 ungerentur
1430 901 1582 937 palaestram
1595 906 1715 930 initurae.
1786 909 1902 939 Martial.
1925 921 1957 944 ii,
1972 920 2005 947 48
2032 917 2086 943 Cur
2104 896 2233 948 La’cedzciz-

1170 971 1260 1006 studia
1269 972 1551 1009 palaestraeflorebant.
1646 1009 1649 1010 .
1792 986 1805 1003 2
1843 950 2232 1019 Ceromgetssitfiaiibdiffliznlom

1170 1007 1265 1042 struae
1281 1010 1445 1045 ungebantur.
1483 1010 1619 1044 Plin.3,·,2
1640 1009 1724 1038 Iidem
1738 1012 1876 1047 palaestras
1889 1017 2046 1049 athletarum
2061 998 2231 1059 imagixiibiig'

1177 1051 1203 1070 et
1219 1051 1352 1070 ceromata
1365 1045 1409 1071 sua
1423 1052 1560 1072 exornant.
1607 1047 1696 1074 Senec.
1710 1047 1743 1075 de
1758 1049 1835 1076 Breu.
1851 1051 1928 1078 Vitae
1944 1061 1970 1079 η
1991 1057 2046 1088 Qii
2059 1059 2087 1086 in
2101 1049 2232 1091 ceromatg

1176 1080 1308 1116 speeiamr
1321 1088 1467 1115 puerorum
1481 1082 1627 1109 rixantium
1641 1083 1720 1110 sedet.
1748 1085 1806 1112 Vid.
1821 1086 1884 1113 Fab.
1900 1089 1985 1123 Agon.
2000 1099 2023 1123 3,
2038 1101 2058 1124 ςΔ

1213 1123 1229 1143 c
1239 1123 1255 1142 E
1265 1123 1283 1142 R
1292 1123 1311 1143 ο
1321 1123 1345 1142 Μ
1356 1123 1376 1142 Α
1387 1124 1408 1143 Τ
1419 1116 1455 1144 ic
1466 1125 1485 1143 v
1495 1125 1516 1143 s.
1545 1118 1605 1145 Adi.
1648 1121 1700 1153 Vt,
1726 1120 1835 1149 Collum
1855 1125 2046 1154 ceromaticuni
2074 1130 2166 1158 quen.
2181 1135 2222 1161 Sat

1175 1161 1197 1184 3,
1211 1154 1252 1182 68.
1268 1154 1286 1178 i.
1303 1153 1428 1178 ceromate
1439 1153 1598 1187 perunHum.
2226 1156 2231 1162 ⁵

1212 1194 1309 1215 CERO
1319 1195 1349 1214 N.
1390 1190 1476 1214 Fontis
1496 1199 1596 1222 nomen,
1622 1189 1651 1216 de
1666 1191 1756 1227 quostc
1776 1192 1842 1220 Plin.
1860 1199 1896 1227 31,
1908 1203 1925 1221 2
1939 1197 1957 1222 s.
1970 1206 1988 1230 9
2010 1197 2123 1227 Eudicus
2138 1203 2166 1229 in
2180 1205 2231 1231 He-

1175 1223 1316 1250 stiaeotide
1330 1224 1417 1250 fontes
1432 1224 1498 1251 duos
1510 1226 1590 1252 tradit
1603 1227 1667 1259 esse,
1689 1228 1838 1262 Ceronem,
1859 1239 1891 1256 ex
1905 1240 1960 1266 quo
1975 1232 2095 1263 bibentes
2107 1246 2172 1266 oves
2193 1241 2233 1267 ni-

1176 1269 1234 1294 gras
1248 1260 1321 1286 fieri:
1342 1260 1444 1293 Nelea,
1464 1270 1495 1287 ex
1510 1270 1564 1296 quo
1579 1260 1664 1289 albas:
1683 1272 1714 1289 ex
1729 1271 1843 1300 Vtroque
1859 1273 1948 1294 autem
1962 1271 2057 1299 varias.

1125 1304 1158 1330 30
1211 1302 1308 1323 CERo
1318 1303 1397 1322 ΝΙΑ.
1438 1298 1511 1323 Ficus
1525 1307 1620 1324 nomen.
1658 1299 1724 1325 Plin.
1739 1306 1773 1333 13,
1787 1306 1800 1331 8
1815 1302 1832 1328 s.
1850 1305 1878 1329 16
1905 1304 2005 1332 Similis
2021 1312 2048 1334 et
2062 1315 2142 1342 quem
2154 1311 2233 1339 iones

1175 1332 1320 1358 Ceroniam
1340 1338 1454 1364 vocant,
1487 1339 1582 1360 trunco
1602 1340 1627 1360 et
1650 1335 1705 1369 ipsa
1725 1336 1840 1371 fertilis,
1868 1339 1912 1365 sed
1930 1349 2014 1375 pomo
2028 1343 2146 1379 siliquae.
2184 1349 2223 1375 Gr

1170 1369 1286 1404 Kepwm'x.
1329 1368 1387 1394 Vici.
1403 1369 1478 1395 Salm.
1492 1369 1527 1395 ad
1545 1369 1626 1396 Solin.
1643 1376 1667 1405 p.
1683 1374 1732 1403 326
1746 1371 1801 1407 sqq.
2225 1366 2231 1375 ⁴

1210 1405 1471 1444 cattosTRofrxuvi,
1492 1405 1511 1431 i.
1532 1415 1558 1432 n.
1595 1406 1778 1444 [usquequa-ov]
1805 1409 1881 1444 Qafi
1892 1418 1919 1437 tu
1930 1408 2002 1439 dicas
2014 1422 2098 1443 cornu
2113 1417 2229 1446 stratum-

1172 1446 1202 1465 ve
1221 1438 1395 1465 lithostroton
1414 1440 1496 1474 lapide
1513 1443 1554 1467 vel
1575 1440 1673 1474 teflellis
1693 1452 1703 1468 e
1725 1444 1808 1478 lapide
1825 1444 1977 1478 constratum
1994 1456 2019 1476 et
2036 1441 2233 1488 coagmentatun'i

1281 1476 1510 1516 NempeMPiHurae
1528 1485 1622 1513 genus,
1650 1475 1694 1511 effi·
1714 1481 1819 1512 volunt,
1846 1491 1918 1516 quum
1938 1493 1968 1509 ex
1989 1488 2106 1514 cornibus
2119 1498 2232 1519 ramenta

1171 1514 1307 1547 tinguntur
1320 1519 1403 1536 varus
1417 1513 1556 1544 coloribus,
1581 1513 1668 1540 deinde
1682 1517 1863 1542 vermiculatim
1879 1519 1948 1553 ligno
1963 1521 2117 1556 inseruntur.
2157 1526 2231 1562 Refe-

1171 1554 1233 1573 runt
1252 1546 1300 1572 huc
1326 1546 1393 1572 Plin.
1415 1549 1453 1580 16,
1474 1557 1512 1580 44
1538 1549 1708 1582 Excogitatae
1726 1550 1784 1576 sunt
1809 1557 1835 1577 et
1854 1551 1921 1586 ligni
1943 1553 2077 1584 brachae:
2104 1569 2152 1587 nec
2171 1563 2232 1589 satis

1170 1589 1222 1609 tum
1244 1590 1356 1617 coepere
1378 1582 1447 1617 tingi
1464 1583 1629 1623 lanimalium
1654 1592 1755 1612 cornua
1771 1603 1779 1618 ,-
1806 1586 1895 1614 dentes
1913 1589 2116 1624 elephantorum
2134 1596 2216 1625 secat-i

1173 1619 1332 1653 lignumque
1346 1618 1429 1645 ebore
1442 1618 1589 1654 distingui,
1607 1628 1670 1646 mox
1684 1622 1797 1655 operiri.
1860 1625 1978 1652 Laudant
1990 1625 2056 1655 Plin.
2073 1639 2106 1664 ιι,
2121 1640 2152 1668 37
2165 1635 2183 1661 s,
2197 1618 2233 1668 453

833 1650 952 1686 Ideoque
967 1652 1065 1684 etiam,
1084 1652 1102 1678 si
1112 1662 1150 1688 40
1173 1654 1251 1689 Apud
1265 1663 1313 1680 nos
1328 1663 1427 1681 cornua
1442 1654 1471 1681 in
1485 1654 1595 1682 laminas
1611 1655 1679 1682 secta
1695 1657 1872 1693 translucent,
1899 1667 1980 1697 atque
1997 1662 2088 1692 lumen
2101 1668 2232 1698 inclusum

1170 1691 1250 1717 latins
1264 1690 1397 1724 fundunt,
1415 1691 1565 1726 multasque
1585 1690 1649 1719 alias
1664 1692 1696 1719 ad
1717 1693 1825 1721 delicias
1845 1697 2036 1734 conferuntur,
2053 1711 2124 1730 nunc
2136 1704 2219 1733 thiota

1169 1735 1239 1753 nunc
1254 1726 1368 1759 sublita,
1396 1734 1468 1754 nunc
1486 1737 1555 1762 quae
1570 1729 1715 1755 cerostrota
1734 1730 1855 1764 pi&urae
1868 1742 1963 1767 genere
1975 1736 2109 1765 dicuntur.
2181 1724 2231 1769 Sed

1169 1762 1289 1789 Cestrota
1297 1760 1355 1798 post
1368 1764 1432 1790 alios
1445 1764 1574 1790 Har-duim.
1598 1774 1623 1790 v.
1638 1774 1664 1791 υ.
1677 1769 1704 1791 in
1726 1772 1744 1792 c
1756 1773 1772 1792 E
1783 1773 1824 1794 s'r
1833 1775 1852 1794 R
1861 1776 1880 1796 O
1889 1777 1920 1796 N.
1964 1771 2021 1806 Ipsa
2035 1773 2138 1802 forium
2152 1782 2230 1804 orna-

1169 1804 1258 1825 menta
1275 1807 1330 1824 non
1351 1797 1411 1825 sunt
1430 1800 1592 1832 cerostrota,
1619 1809 1705 1861 necque.
1725 1802 1830 1836 bifora,
1858 1804 1902 1830 sed
1922 1807 2028 1834 valuata
2058 1810 2126 1837 Vitr.
2149 1821 2178 1846 4,
2199 1816 2225 1841 6,

1721 1837 1858 1865 Clathrata
1865 1842 1985 1877 praefert
1997 1845 2142 1873 Barbarus:
2168 1850 2227 1876 Bal-

1169 1870 1215 1896 dus
1228 1869 1374 1902 Clostrata‚
1393 1873 1411 1897 i.
1425 1869 1578 1904 claustram.-
1608 1871 1856 1909 Cetostratafinsu,
1874 1885 1922 1911 quo
1933 1877 2059 1913 diximus,
2079 1883 2225 1912 Philander.

1170 1905 1303 1939 Salmastus
1317 1905 1450 1949 Cestrota:
1471 1906 1543 1940 welfi
1554 1908 1815 1946 omnino-Cerostrata
1829 1913 1985 1940 retinendum
1998 1914 2062 1948 estin,
2077 1921 2227 1954 explsfflnda

1167 1947 1249 1971 tamen
1263 1951 1312 1968 non
1330 1952 1468 1978 κερωςρωτοι
1475 1962 1485 1974 ,
1504 1945 1601 1968 corneis
1613 1941 1712 1976 teſjcllis
1726 1946 1767 1970 vel
1778 1950 1899 1972 ramentis
1912 1944 2024 1984 inserta²
2051 1962 2137 1981 verum
2162 1959 2227 1992 ’‘279¹‘-

1168 1988 1249 2017 ξ-ρωτα
1267 1980 1332 2003 ceris
1338 1976 1410 2013 fufis
1423 1985 1446 2003 et
1451 1976 1548 2010 stratis
1562 1977 1669 2017 inusta,
1681 1979 1812 2012 encausta,
1828 1988 1858 2006 vt
1878 1983 1975 2011 Auson.
1991 1987 2079 2022 Epigr.
2097 1992 2132 2016 26
2150 1993 2226 2019 ceris

1024 2011 1099 2044 QVI-
1118 2015 1150 2044 50
1168 2021 1276 2039 inurens
1295 2013 1435 2039 ianuarum
1456 2013 1550 2039 limina
1569 2013 1600 2038 Et
1619 2019 1752 2039 atriorum
1772 2021 1901 2049 pegmata.-
1926 2033 1931 2036 -
1956 2021 2128 2056 Consideranti
2146 2029 2226 2055 locum

1172 2050 1303 2080 Vitruuii,
1330 2055 1353 2074 et
1372 2048 1435 2082 quid
1448 2047 1512 2085 fibi-
1527 2054 1666 2087 opponatur
1690 2050 1849 2084 attendenti,
1876 2057 2025 2090 apparebit,
2045 2066 2109 2094 puto
2158 2063 2228 2091 nihil

1163 2084 1250 2111 horum
1269 2089 1341 2108 extra
1360 2084 1551 2116 controuersiam
1575 2081 1634 2116 este,
1660 2090 1684 2109 et
1699 2084 1811 2121 facilius
1831 2088 1944 2117 dubitari
1956 2092 2039 2127 posti,
2070 2081 2142 2131 quain
2161 2103 2226 2126 certi

1163 2115 1322 2153 quidstatui.
1349 2116 1408 2159 Vid.
1424 2119 1527 2160 Salmaf
1536 2118 1570 2144 ad
1583 2119 1665 2146 Solin.
1674 2129 1699 2155 p.
1708 2123 1757 2153 163.
1765 2129 1787 2148 et
1795 2125 1852 2157 164.
1874 2126 1950 2163 Conf.
1969 2135 1986 2155 E
1995 2136 2017 2155 N
2026 2137 2043 2158 c
2051 2137 2074 2158 A
2081 2139 2102 2159 v
2111 2140 2123 2160 S
2132 2140 2154 2161 T
2163 2141 2183 2162 0
2191 2143 2222 2163 N.

1197 2159 1410 2186 CEROTVM,
1446 2154 1501 2180 vid.
1523 2161 1685 2182 CERATV
1698 2163 1734 2183 M.

1199 2194 1417 2222 CERRITVS,
1438 2190 1702 2225 vid.CER1TVS,
1718 2193 1766 2229 sub
1785 2200 1913 2224 CEREs.

1198 2231 1215 2251 c
1224 2231 1240 2251 E
1250 2229 1297 2251 KR
1306 2231 1325 2251 0
1336 2232 1357 2252 N
1366 2231 1383 2252 Ε
1392 2232 1415 2252 s.
1451 2226 1535 2253 Leues
1547 2233 1573 2253 et
1586 2226 1671 2262 inepti
1685 2238 1700 2255 a
1713 2229 1829 2257 cratibus
1843 2231 1910 2259 dieti
1918 2250 1927 2266 ,-
1945 2233 2019 2269 quod
2034 2234 2116 2266 Siculi
2129 2237 2222 2270 adver-

1160 2260 1203 2286 sus
1216 2260 1390 2288 Athenienses
1404 2262 1521 2289 cratibus
1538 2270 1587 2298 pro
1602 2264 1680 2290 scutis
1692 2266 1752 2291 sunt
1765 2266 1820 2299 vsi,
1838 2277 1903 2302 quas
1916 2270 2012 2298 Graeci
2029 2273 2114 2310 γὲρῤοις
2134 2285 2147 2302 a
2185 2279 2221 2305 el-

1158 2295 1223 2323 lant.
1260 2298 1330 2323 Haec
1342 2295 1440 2324 Festus.
1478 2299 1542 2325 Sunt
1555 2302 1640 2335 itaque
1653 2300 1801 2334 Ceri-ones,
1820 2306 1865 2337 qui
1880 2304 2029 2340 Gerrones,
2050 2311 2094 2336 voi
2106 2286 2183 2338 vicli)p
2204 2314 2207 2316 “

1194 2336 1264 2360 CER
1274 2338 1362 2365 RVS‚
1389 2334 1417 2373 i..
1435 2333 1455 2359 f.
1493 2333 1613 2369 [n't'ffnptss
1629 2334 1702 2368 ἐξείη,
1717 2335 1844 2372 οἷιγίλωφ]
1878 2339 1989 2367 Arboris
1994 2343 2091 2378 species
2107 2356 2137 2373 ex
2147 2349 2220 2385 glan-

1378 2368 1446 2394 le.
1458 2370 1525 2408 .¹5'.5
1539 2370 1557 2395 s.
1571 2371 1588 2395 6
1614 2369 1642 2395 de
1654 2370 1822 2407 glandiferis,
1839 2374 1947 2410 Qippe
1961 2385 2021 2405 cum
2030 2380 2125 2409 Robur
2133 2385 2220 2418 Qer.

1158 2410 1273 2443 cumque
1290 2403 1374 2442 yulgo
1393 2404 1466 2430 nasci
1484 2404 1638 2438 videamus,
1665 2407 1788 2434 Esculum
1807 2416 1862 2435 non
1874 2410 1990 2447 vbique:
2015 2421 2137 2450 quartam
2150 2427 2219 2449 vero

1157 2446 1261 2472 generis
1274 2439 1392 2465 eiusdem
1402 2457 1411 2472 ,
1432 2448 1502 2474 quae
1515 2441 1612 2467 Cerrus
1627 2448 1754 2476 vocatur,
1774 2453 1808 2470 ne
1829 2446 1922 2473 Italiae
1937 2449 2048 2483 quidem
2067 2455 2171 2482 maiore
2184 2465 2218 2484 ex

1157 2480 1231 2508 parte
1243 2479 1335 2500 notam
1350 2475 1407 2502 esse.
1434 2477 1477 2516 *Et
1488 2478 1529 2516 ·i6,·
1539 2484 1575 2510 40
1585 2477 1645 2512 [79
1666 2479 1750 2514 Fagus
1765 2486 1791 2507 et
1804 2481 1903 2509 Cerrus
1916 2485 2039 2514 celeriter
2045 2493 2208 2520 marcescunt

1157 2511 1189 2536 Et
1203 2518 1245 2542 24,
1258 2517 1277 2543 4
1291 2508 1309 2536 s.
1325 2517 1343 2545 7
1361 2511 1527 2545 Ceri‘ifolia,
1548 2518 1573 2539 et
1585 2520 1695 2547 cortex,
1721 2520 1747 2542 et
1761 2515 1851 2551 glans,
1871 2518 1947 2547 siccat
1966 2521 2138 2554 collectiones
2157 2513 2218 2564 sup:

1775 2553 1881 2580 Vitruu.
1903 2564 1930 2589 2,
1944 2565 1971 2590 9.
1986 2565 2010 2584 et
2023 2566 2051 2594 7,
2068 2569 2086 2588 ι.-
2116 2563 2215 2592 Pallad,

1156 2590 1177 2614 1,
1185 2590 1233 2614 9,3
1254 2582 1294 2608 De
1305 2590 1385 2623 cerro
1398 2583 1515 2611 tabulata
1528 2586 1703 2614 commendat.
1722 2587 1962 2625 Add.Col.7,9‚6.
1981 2594 2132 2625 PalLFabr.
2147 2605 2173 2630 1‘8
2190 2609 2214 2633 3.

1177 2624 1264 2658 'CER
1274 2625 1312 2645 Rl
1326 2625 1349 2645 N
1359 2626 1381 2645 v
1391 2626 1413 2646 s.
1435 2618 1505 2661 Adi.⁴
1534 2617 1683 2656 [οἱσπρινός]
1720 2623 1786 2651 Plin.
1800 2631 1843 2658 30,
1858 2631 1887 2653 io
1919 2626 2037 2662 Quidam
2051 2633 2142 2667 pc6tus
2157 2619 2214 2664 eius

1154 2652 1303 2680 bibendum
1317 2655 1438 2688 censent,
1455 2661 1482 2682 et
1496 2664 1525 2682 in
1540 2658 1646 2684 cerrino
1660 2655 1750 2686 calice.

1192 2696 1377 2718 CERREvs.
1416 2692 1492 2718 Idem.
1530 2692 1596 2719 Plin.
1618 2696 1657 2727 16,
1679 2697 1696 2721 6
1716 2696 1797 2722 Glans
1817 2697 1894 2732 fagea
1915 2696 1988 2728 suem
2007 2699 2122 2732 hilarem
2137 2704 2211 2735 facit>

1289 2762 1294 2767 .
1370 2763 1374 2768 Ι
1399 2763 1403 2768 .
1573 2730 1727 2758 Proximam
1746 2730 1810 2758 huic
1831 2742 1949 2762 cerream
1971 2739 2054 2766 tradit
2072 2729 2212 2776 Nigidius’

1154 2770 1202 2788 nec
1214 2769 1246 2788 ex
1260 2762 1312 2789 alia
1326 2762 1482 2790 solidiorem
1496 2773 1620 2798 carnem,
1639 2767 1683 2793 sed
1698 2767 1800 2795 duram.
1836 2770 1905 2797 Add.
1920 2771 2027 2801 Colum.
2041 2784 2068 2808 9,
2081 2785 2116 2803 20
2144 2786 2162 2805 ¹.
2201 2762 2212 2778 ⁵

1190 2804 1449 2832 CERTABVNDVS,
1470 2807 1669 2836 CERTAMEN,
1688 2809 1882 2839 CERTATOR,
1905 2808 1959 2835 vid.
1975 2809 2003 2836 in
2023 2796 2152 2840 calmi.)

1189 2839 1333 2867 CERTE,
1369 2835 1424 2862 vid.
1460 2842 1627 2865 CERTvs.

1190 2876 1231 2897 CE
1241 2877 1291 2897 ΚΤ
1301 2877 1337 2904 0,
1367 2875 1420 2898 {ire-
1456 2871 1642 2912 [dyflflffl'ff‘fflms
1658 2872 1830 2911 ἅμιλλῶμαι,
1845 2877 1952 2915 οἷθλέω]
1981 2880 2210 2917 Superarestudere

1477 2910 1528 2949 uagi
1542 2910 1633 2946 forma
1645 2910 1840 2947 frequentatum
1853 2922 1870 2939 a
1888 2915 1994 2948 Cerno,
2007 2917 2051 2943 vbi
2068 2919 2121 2946 vid.
2143 2929 2169 2947 n.
2185 2930 2207 2955 ς.

1151 2941 1224 2969 Non.
1238 2950 1266 2976 4,
1280 2943 1308 2969 61
1330 2943 1440 2971 Certare
1463 2944 1580 2979 ignificat
1592 2946 1731 2980 altercari,
1746 2949 1913 2976 contendere.
1951 2952 2026 2987 Virg.
2047 2955 2117 2986 (Ecl.
2130 2960 2207 2990 8„·5)

1150 2978 1260 3005 Certent
1278 2984 1305 3005 et
1323 2979 1420 3012 Cycnis
1440 2979 1537 3008 vlulae.
1572 2982 1704 3010 Laudatur
1723 2989 1747 3009 et
1765 2983 1870 3011 Sisenna
1888 2986 1989 3014 Histor.
2004 2996 2023 3021 4
2044 2989 2100 3017 Alii
2115 2992 2204 3020 saltui-

1232 3051 1237 3055 ·
1306 3051 1311 3055 -
1482 3017 1558 3052 forte
1576 3017 1672 3045 rectius
1691 3016 1778 3051 Saltu,
1802 3018 1952 3048 velocitate.
1980 3024 2055 3059 Virg.
2075 3027 2128 3053 Ecl.
2149 3035 2163 3061 ς
2191 3014 2206 3060 ἕ

1149 3050 1290 3077 Montibus
1303 3059 1332 3077 in
1345 3052 1442 3079 nostris
1455 3053 1525 3080 solus
1539 3053 1591 3081 tibi
1604 3060 1685 3080 certet
1697 3053 1832 3086 Amyntas.
1875 3056 1924 3083 Vbi
1944 3058 2064 3087 Seruius:
2091 3047 2205 3099 Vsurpae

1494 3126 1499 3130 ι
1757 3126 1762 3130 .
1826 3091 1880 3132 oid.
1901 3103 1927 3120 n.
1947 3103 1970 3121 2.
2003 3095 2080 3125 Acies
2093 3105 2202 3134 certant,

1419 3124 1553 3161 Ambigue
1567 3131 1668 3152 certare
1692 3125 1784 3152 Tacit.
1800 3127 1867 3154 Hist.
1883 3136 1906 3162 5,
1920 3137 1953 3156 11.
1985 3134 2004 3157 i.
2018 3132 2090 3160 dubio
2104 3144 2203 3170 euentu,

1704 3161 1750 3188 Sil.
1774 3164 1811 3194 16,
1828 3170 1880 3198 377
1915 3163 2009 3200 Tene,
2030 3168 2126 3203 Astur,
2147 3181 2202 3200 cer.

1149 3233 1234 3267 Neque
1246 3238 1328 3258 tamen
1340 3232 1489 3269 iungendum
1503 3233 1544 3260 hic
1572 3233 1696 3273 Aequore
1709 3239 1838 3275 certat&⁴
1864 3233 1913 3263 Sed
1924 3237 2035 3274 Aequor
2050 3241 2155 3277 eripere
2167 3243 2202 3278 cst

1623 3268 1729 3296 Animis
1749 3276 1868 3304 iniquis,
1884 3278 1934 3307 pro
1952 3274 2069 3313 Maligna
2087 3278 2202 3314 diffidere

1538 3339 1680 3375 Augendae
1692 3340 1873 3382 dominationi
1885 3350 1988 3374 certare
1996 3366 2003 3379 ,
2022 3350 2040 3374 i.
2054 3350 2100 3376 Ad
2110 3348 2199 3386 augeti-

1768 3377 1828 3405 Liu.
1842 3386 1866 3412 3,
1879 3386 1908 3415 71
1934 3382 2040 3411 Aricini
2053 3391 2132 3420 atque
2147 3384 2197 3412 Ar-

1145 3409 1232 3438 deates
1251 3410 1284 3438 de
1303 3411 1429 3446 ambiguo
1449 3420 1514 3447 agro
1539 3421 1622 3448 quum
1646 3413 1721 3447 saepe
1745 3413 1822 3440 Bello
1837 3418 1989 3452 certassent,
2017 3420 2107 3447 multis
2126 3420 2196 3448 inui-

2005 3455 2061 3482 Cic.
2075 3455 2158 3483 Tusc.
2171 3464 2197 3490 ς,

1147 3519 1326 3546 Contentione
1346 3525 1475 3546 certantes
1495 3520 1607 3555 Pugnis,
1626 3518 1767 3554 calcibus,
1785 3522 1943 3558 Vnguibus,
1962 3525 2054 3553 Morsu
2069 3526 2194 3562 denique,

1146 3560 1176 3581 vt
1187 3556 1403 3583 exanimarentur
1417 3556 1571 3591 priusquam
1583 3555 1610 3582 se
1624 3555 1712 3583 victos
1730 3557 1886 3587 faterentur.
1956 3560 2120 3595 Benedictis,
2139 3570 2195 3592 ma-

1146 3587 1250 3618 {edictis
1273 3592 1342 3618 Ter.
1358 3590 1429 3626 prol.
1447 3591 1554 3619 Phorm.
1568 3598 1606 3618 21.
1679 3592 1805 3621 Carmine
1819 3594 1855 3622 ob
1871 3595 1975 3623 hircum
2005 3596 2072 3623 Hor.
2086 3597 2115 3624 in
2128 3599 2193 3626 Arte

1366 3628 1476 3654 Damnis
1487 3633 1587 3654 certant
1599 3625 1692 3655 stultus
1704 3635 1785 3665 atque
1797 3630 1902 3658 insanus
1919 3632 1999 3658 Plaut.
2015 3631 2101 3660 Truc.
2116 3642 2140 3667 ς,
2154 3639 2191 3668 58.

1672 3701 1711 3735 Q.
1721 3701 1824 3729 Granio
1841 3710 1969 3737 praecone
1981 3701 2125 3732 Dicacitate
2137 3715 2191 3733 cer-

1271 3734 1348 3761 Dolis
1369 3733 1413 3760 Sil.
1431 3742 1452 3767 5,
1465 3735 1510 3768 96.
1578 3734 1642 3763 ioco
1662 3737 1731 3764 Hor.
1745 3738 1833 3764 Carni.
1849 3747 1871 3770 ε,
1887 3741 1971 3770 12,18.
2043 3740 2099 3767 Cic.
2112 3741 2189 3769 Verr.

1410 3803 1472 3832 Liu.
1488 3814 1510 3839 ς,
1546 3824 1553 3833 .
1591 3826 1598 3834 .
1634 3808 1701 3836 Acta
1719 3807 1814 3835 deinde
1826 3806 1853 3834 in
1872 3805 1967 3835 Senatu
1979 3817 2020 3836 res
2033 3811 2086 3845 est,
2107 3819 2189 3839 certa-

1717 3843 1823 3871 Malitia
1847 3849 1947 3870 certare
1961 3849 2064 3880 tecum,
2081 3847 2188 3874 miseria

1628 3879 1710 3906 Manu
1730 3878 1816 3905 Valer.
1829 3877 1928 3913 Argon.
1944 3881 1972 3912 6,
1986 3888 2041 3917 314.
2109 3883 2189 3910 Mero

1492 3913 1618 3941 Minaciis
1630 3922 1691 3942 cum
1703 3913 1795 3949 aliquo
1813 3913 1896 3941 Plaut.
1909 3914 1997 3942 Truc.
2011 3925 2035 3950 ς,
2050 3919 2090 3950 36.
2123 3917 2185 3944 Liu.

1666 3950 1718 3977 Cui
1731 3949 1869 3976 certandae
1883 3957 1967 3985 quum
1982 3952 2037 3979 dies
2045 3952 2186 3979 aduenisset

1304 4020 1387 4054 50.
2108 4021 2182 4048 va.
