2474 4182
41 136 105 187 573
397 109 462 166 ‘c
526 127 561 165 A
613 122 651 162 D

45 221 118 249 etatis
128 218 243 254 exempla
256 217 359 252 expiata
372 215 507 244 Saturnini
520 219 598 249 atque
613 210 777 239 Grachorum
794 210 901 254 casibus,
916 215 934 238 ι’.
948 215 1062 255 inserita.

42 258 107 284 Vihs'l
122 263 199 282 atatem
217 251 250 286 est
264 253 443 289 frequentius,
462 260 532 288 quam
725 246 746 284 ‘J
765 256 776 279 3
813 249 907 274 caium
924 255 1061 284 ponz,pro

36 286 69 318 :ns
84 286 276 328 qua'eaciridunt,
290 292 449 324 eucnimthue
467 291 494 313 in
507 292 634 318 utramque
642 289 754 318 partem,
773 290 801 325 ut
815 291 866 309 tum
882 285 958 319 ipsam
973 289 1062 319 joriu-

40 311 85 353 1ay²n
101 329 126 352 in
139 331 254 361 quantum
272 332 388 361 tanquam
403 323 498 358 causum
517 322 681 355 imaginamur
692 338 699 350 ,
715 325 771 360 timi·
784 320 863 360 illius,
878 320 1063 360 quod-jureium

41 346 206 397 ‘foi‘euitofit
238 367 312 386 notet.
350 360 405 386 Cic.
421 358 453 385 de
467 355 571 384 Amicit.
586 362 620 387 42
634 363 655 380 c.
665 363 692 380 12
713 355 771 380 Vtii
781 364 808 380 iu
823 357 954 382 eiusmodi
973 365 1063 381 amici-

36 381 76 435 'ias
88 396 171 431 ignari
184 380 240 422 casu
254 396 345 431 aliquo
360 393 506 423 inciderint,
516 397 561 416 etc.
603 389 641 416 Id.
662 390 734 430 Fam.
758 392 793 430 16,
813 399 838 417 12
859 393 887 417 lu
901 400 960 431 eum
976 391 1063 430 locuni

36 440 67 462 res
79 431 187 459 deduc‘tn
207 431 243 458 est
274 438 303 458 vt
321 430 368 457 nili
388 429 434 464 qui
447 429 530 457 Deus,
544 430 588 451 aut
603 425 673 452 casus
693 426 789 461 aliquis
809 427 975 457 subuenerit,
996 426 1061 452 salui

20 462 21 465 ¹
42 467 74 494 sse
86 451 260 502 nequeamus?
289 467 349 493 Siue
361 464 425 491 illud
437 463 553 489 Deorum
568 470 662 487 numus
672 482 679 493 ,
695 462 748 488 siue
760 463 831 488 casus
847 463 899 489 suit
911 464 984 502 Cui-t.
998 471 1025 495 4,
1034 469 1060 494 7,

53 522 59 529 .
96 503 162 536 Qiis
176 509 273 529 tantam
286 500 389 528 Rutulis
408 497 510 525 laudem
530 497 633 523 casusne
655 498 757 523 Deusne
772 498 897 524 Attulerit
909 500 981 530 Virg-
997 498 1059 522 Aen.

0 552 2 556 ·
41 547 56 565 2
80 547 132 571 321.
169 539 240 565 Idem
255 539 318 564 Aen.
331 545 352 569 3,
365 542 416 569 709
434 534 493 560 Heu
513 533 675 566 genitorem,
689 534 774 560 onmis
795 542 872 560 curae
890 534 1011 566 casusque
1026 532 1061 557 le-

45 558 121 600 a'men
143 575 242 600 Amitto
254 572 387 599 Anchisen.
404 568 486 596 Maris
499 569 603 594 casuum
613 570 717 603 ignarus
727 570 817 595 'facin
831 570 969 607 Λιιιι.ι,33.
990 568 1051 593 Mor

41 610 60 635 's
68 611 138 636 casus
148 610 220 643 Virg.
233 609 294 635 Aen.
311 615 346 638 ιο,
354 612 408 640 791.
447 604 503 630 Cic.
517 604 550 630 de
563 605 620 631 Seu.
635 608 669 640 67
683 606 757 638 Qun
771 607 849 632 ctiam
863 611 928 630 actas
943 603 1060 643 ιΗῗιιιιιιΙἶ

0 638 2 643 ’
73 639 250 679 plures‚qua'm
268 642 352 669 nostra
366 640 458 666 mortis
478 640 547 666 casus
568 640 654 667 habet.
690 642 799 675 Propter
812 641 895 680 casum
911 638 1063 673 Nauigandi

58 681 86 707 ifi
99 680 186 707 literas
198 679 235 706 Id.
244 679 295 705 Att.
307 680 360 709 6‚1.
377 677 444 702 Hor.
458 676 539 702 Sei-m.
556 684 575 708 1,
589 678 615 709 6,
629 685 655 709 53
676 691 719 695 —
740 675 999 703 felicemdicercnon
1014 675 1062 700 hoc

30 728 35 739 x
60 716 176 751 epossum
189 711 340 747 casu,quod
353 717 378 737 te
385 712 492 737 sortitus
500 712 622 738 amicum.
637 712 711 746 Virg.
721 713 786 739 Aen.
806 720 833 744 4,
849 713 895 743 560
917 710 985 737 Nate
1000 711 1063 750 Dea,

30 757 99 777 fotes
124 750 173 778 hoc
188 748 234 776 sub
257 749 314 774 casu
339 746 434 773 ducere
457 748 578 774 somnos?
600 748 656 774 Nec
670 757 736 782 quae
749 746 913 773 circumstent
930 753 953 771 tc
970 746 1064 772 demde

45 785 140 812 cricula
153 784 246 812 sentis?
267 784 345 811 Casus
357 783 398 809 hic
412 781 445 816 est
453 783 571 818 fortuna,
586 793 655 818 quam
666 781 904 814 circumstantias-mn
917 789 1066 816 compseaum

43 824 104 848 icere
117 821 228 857 fhlemus.
299 818 435 846 Victoriae
455 820 542 846 casum
563 819 682 845 inuenire
695 817 792 844 Sallust.
808 818 833 857 iu
854 817 972 851 Iugurth.
994 826 1064 851 c.25.

34 861 36 865 ·
54 865 72 890 4
86 856 198 892 Epitheta
208 855 296 886 Casus,
303 857 320 880 i.
329 854 442 891 fortuiti
455 862 561 881 euentus.
589 853 704 880 Acerbus
718 853 787 879 casus
802 854 875 883 Virg.
892 855 956 879 Aen.
972 862 1063 888 ³hmo.

32 912 34 915 ,
49 890 194 918 dmirabilis
207 890 276 917 casus
291 890 421 924 Qninffil.
435 899 458 921 z,
474 899 510 925 17.
668 925 672 929 .
697 924 702 929 ο

45 926 115 954 reuie
123 926 197 953 casus
210 926 266 952 Sen.
282 926 310 952 iu
323 926 428 953 Troad.
442 935 498 960 273.
525 926 580 953 Cic.
596 925 627 951 de
641 926 730 950 Dium.
746 933 770 955 2,
785 932 808 956 ις
830 925 891 957 (2¹0
907 925 1064 965 modo-crgo

75 961 145 998 quod
157 967 257 988 temere
271 961 310 994 sit,
324 971 400 988 caeco
415 963 473 988 casu
488 968 513 988 et
529 960 696 988 volubilitate
711 960 835 999 fortunae
845 980 852 991 ,
868 965 1022 999 praesentiri
1038 967 1063 986 ct

34 1014 35 1017 =
55 996 138 1024 :edici
151 997 250 1032 potest?
288 998 376 1024 Durus
387 998 457 1024 casus
472 997 613 1031 Virg.Aen.
627 998 653 1028 6,
667 1003 723 1030 377.
760 995 821 1035 Cic.
842 996 954 1029 Philipp.
969 998 985 1021 6
996 1006 1060 1022 mir.

33 1033 84 1060 <uit
97 1033 193 1068 aliquis
205 1033 292 1060 fatalis
308 1034 395 1066 casus,
409 1040 437 1060 vt
455 1033 491 1059 ita
505 1032 604 1064 dicam,
619 1040 697 1066 quem
718 1031 841 1063 tulimus,
857 1041 965 1071 quoquo
981 1031 1061 1073 modo

34 1068 144 1097 ,sendus
163 1069 230 1095 fuit:
250 1078 319 1096 nunt
339 1068 355 1095 si
375 1070 433 1104 quis
452 1069 518 1100 erit,
534 1069 584 1093 crit
597 1067 770 1093 voluntarius.
845 1068 959 1093 Fortuiti
979 1072 1061 1098 catus,

41 1104 223 1132 ·'d.‚0riundus
236 1105 265 1131 in
279 1112 386 1132 Oinoa.
456 1103 587 1138 Opitulari
599 1102 698 1128 casibus
710 1102 871 1129 Grauissimis
884 1103 1062 1129 dit-:onarAn-

34 1139 102 1167 uota
116 1140 183 1168 Cels.
196 1148 221 1173 ς,
234 1149 272 1173 23.
344 1139 437 1167 Grauis
450 1145 476 1165 et
495 1137 651 1164 miserabilis
665 1139 734 1164 casus
753 1139 808 1165 Cic.
831 1139 863 1164 dc
876 1139 948 1165 Orat.
965 1147 986 1170 τ,
1007 1146 1060 1172 197.

50 1174 154 1203 ori-idos
168 1177 238 1203 casus
253 1176 306 1202 fari
319 1176 376 1202 Sen.
391 1176 468 1202 Herc.
482 1174 533 1200 fur.
547 1176 605 1208 657.
677 1174 840 1207 Horribilis,
853 1174 938 1208 grauis
948 1194 955 1206 ,
971 1183 1061 1208 repen-

45 1220 92 1238 nus
106 1212 163 1238 Cic.
181 1221 229 1247 pro
242 1212 309 1240 Sext.
339 1220 350 1244 3
368 1219 389 1237 c.
404 1218 447 1243 24.
518 1211 623 1236 Incerto
636 1211 694 1236 casu
709 1211 822 1244 pendere
840 1219 879 1236 res
900 1209 1009 1239 dicitur,
1022 1220 1062 1236 cu-

49 1257 62 1274 s
75 1249 157 1274 exitus
170 1251 196 1273 in
211 1247 283 1274 dubio
299 1248 321 1280 eg]
351 1246 408 1273 Sen.
424 1246 453 1272 T
455 1245 527 1272 road.
543 1254 603 1286 913..
698 1282 702 1286 Β
825 1282 829 1285 .

41 1287 79 1319 (8.
115 1284 170 1310 Cic.
204 1292 235 1310 ro
247 1282 316 1310 Sulla
325 1289 368 1318 pr.
388 1280 436 1308 Sed
449 1281 577 1316 quoniam
595 1288 632 1308 ita
656 1282 716 1308 tulit
734 1283 804 1308 casus
823 1281 947 1321 infestus,
963 1289 991 1321 γε
1009 1291 1050 1323 am

6 1340 8 1342 ,
41 1318 134 1346 *inimo
148 1319 175 1346 in
187 1292 300 1350 i'ionore,
308 1325 352 1344 etc.
380 1317 434 1344 Cic.
442 1326 491 1352 pro
504 1317 582 1344 Dom.
604 1323 637 1351 84
657 1327 678 1343 c.
692 1326 721 1349 32
743 1319 779 1344 Ac
795 1316 870 1349 vide,
884 1318 948 1351 quid
963 1320 1064 1344 intersit

52 1361 92 1381 ter
114 1355 192 1381 illuni
211 1352 399 1390 iniqnissimum
413 1353 493 1388 patris
510 1354 551 1379 tui
564 1354 658 1379 casum.
693 1355 731 1379 De
744 1355 817 1379 exilio
839 1351 930 1385 iniusto
945 1354 1063 1394 loqu-itus.

54 1399 134 1424 agnus
154 1390 247 1417 Manil.
264 1398 284 1423 1,
303 1396 358 1421 530.
429 1389 530 1416 Marini
551 1389 620 1415 casus
635 1389 707 1423 Virg.
723 1389 819 1422 Georg.
833 1397 858 1420 2,
873 1391 911 1428 68Ϊ
966 1390 1063 1415 Miris*-

50 1435 84 1453 1m
101 1426 201 1453 castini!
216 1425 271 1453 Cic.
285 1425 356 1452 Fam.
370 1432 397 1460 7,
415 1431 436 1457 5.
507 1424 643 1452 Nefandus
662 1425 732 1451 casus
759 1425 815 1450 Sen.
832 1424 860 1450 in
876 1425 986 1458 Hippoi.
1002 1434 1062 1457 992.

49 1462 80 1488 ic.
96 1470 144 1496 pro
157 1462 226 1497 Lege
237 1460 330 1488 Manil.
344 1463 380 1487 60
402 1460 508 1495 Semper
526 1460 559 1486 ad
576 1469 660 1486 nouos
677 1460 747 1486 casus
767 1465 917 1494 temporum
930 1469 1063 1486 nouorum

43 1497 193 1525 utiliorum
205 1497 322 1524 rationes
337 1496 549 1523 accommodasse.
620 1495 743 1522 Rariores
756 1496 826 1522 casus
840 1495 919 1522 habet
934 1496 995 1522 haec
1010 1497 1063 1523 for-

44 1536 84 1559 ma
105 1533 160 1559 Cic.
180 1532 232 1559 Off.
252 1541 276 1564 2,
297 1540 333 1565 19.
369 1532 528 1566 Repentinus
549 1531 629 1558 casus.
656 1531 715 1557 Vid.
727 1533 810 1567 paullo
827 1530 881 1566 post
909 1533 1012 1566 Luget-e
1025 1542 1064 1559 ca-

2 1583 8 1597 ι
53 1577 79 1594 ιιι
97 1568 217 1595 alicuius.
290 1566 397 1593 Sinister
417 1567 487 1593 casus
509 1567 569 1593 Stat.
584 1566 676 1593 Theb.
696 1576 753 1602 723.
809 1566 916 1593 Subitus
931 1569 1001 1594 casus
1022 1569 1064 1594 Iu-

56 1611 81 1628 n.
95 1602 146 1630 Sat.
158 1611 181 1636 3,
195 1610 254 1638 273.
307 1602 384 1628 Varii
400 1603 471 1629 casus
487 1603 562 1637 Virg.
578 1603 642 1629 Aen.
657 1612 677 1635 1,
691 1611 753 1637 204.

0 1635 2 1667 ζ
30 1646 110 1665 =uam
123 1639 194 1673 spem
204 1638 400 1672 ‘cogitationum
409 1657 416 1669 ,
430 1644 456 1664 et
474 1638 645 1664 consiliorum
659 1647 781 1664 meorum
790 1658 798 1671 ,
812 1648 872 1665 cum
888 1648 980 1673 graues
993 1649 1064 1666 coui-

0 1686 4 1703 ι
41 1674 141 1701 unium
153 1679 321 1709 temporum,
334 1679 391 1700 tum
409 1674 481 1701 varii
500 1673 584 1700 nostri
604 1675 674 1700 casus
696 1674 856 1700 fefellerunt.
906 1676 1000 1701 Varios
1013 1682 1064 1702 tre-

0 1705 8 1735 '1
41 1718 92 1736 ere
108 1710 179 1737 casus
197 1710 256 1737 Sen.
273 1708 379 1736 Troad.
393 1711 451 1742 569.
521 1709 710 1742 Voluntarius,
723 1710 776 1735 vid.
788 1711 871 1744 paullo
883 1717 941 1737 ante
958 1712 977 1737 F
979 1711 1062 1738 atalis.

59 1753 72 1779 ς
113 1745 208 1773 Verba.-
221 1746 278 1772 Cic.
293 1744 325 1771 de
339 1745 414 1771 Orat.
426 1753 448 1777 2,
464 1752 511 1779 197
529 1754 550 1770 c.
564 1753 595 1777 52
613 1746 651 1771 Ita
671 1754 754 1779 quum
775 1745 868 1779 singuli
889 1747 960 1772 casus
976 1746 1065 1773 huma-

4 1780 10 1800 '·
27 1775 113 1809 ⁴rum
129 1781 298 1807 miseriarum
318 1780 434 1814 grauiter
452 1780 625 1813 accipiuntur.

48 1817 102 1844 iam
114 1822 171 1843 tum
183 1816 242 1843 casu
250 1836 259 1849 ,
280 1815 350 1851 quod
363 1815 428 1841 illud
443 1821 550 1848 repente
562 1821 618 1842 erat
635 1815 751 1850 factum,
765 1816 880 1843 Staienus
896 1827 949 1844 non
967 1819 1063 1845 aderat.

35 1855 38 1871 ¹
52 1852 70 1879 d
81 1851 171 1879 Adesse
184 1852 213 1878 in
225 1852 283 1878 casu
296 1851 407 1879 alicuius
423 1850 480 1876 Cic.
496 1851 568 1877 Fam.
582 1860 610 1884 4,
624 1853 647 1877 6.
721 1853 821 1879 Attulit
838 1853 892 1887 ipse
914 1854 978 1880 viris
992 1861 1064 1888 opta—

54 1897 80 1914 m
93 1888 163 1915 casus
177 1887 305 1914 honorem
319 1886 392 1920 Virg.
407 1886 470 1912 Acn.
486 1893 509 1919 5,
524 1889 580 1913 261.
617 1887 672 1913 Cic.
688 1896 736 1922 pro
750 1889 822 1915 Sulla
834 1892 862 1915 61
878 1898 899 1915 c.
914 1897 941 1915 21
970 1890 1000 1915 In
1015 1890 1065 1916 hoc

35 1930 109 1949 ¹men
120 1922 194 1955 casu,
207 1930 262 1957 quo
276 1921 387 1948 afflictus
403 1921 482 1953 iacet,
497 1931 543 1956 per
557 1931 605 1948 vos
620 1924 710 1955 tutari,
725 1925 933 1959 conseruat-eque
947 1926 1065 1959 cupiunt.

3 1968 7 1975 ·
45 1959 95 1993 irg.
109 1959 172 1985 Aen.
186 1966 204 1989 1,
219 1966 274 1992 244
293 1958 371 1984 Nunc
386 1956 477 1983 eadem
493 1958 602 1984 fortuna
620 1958 693 1984 viros
712 1965 753 1985 tot
771 1959 870 1986 casibus
890 1960 962 1986 affios
999 1962 1066 1987 Inse-

58 1994 120 2021 itur.
157 1993 230 2020 Idem
251 1995 315 2019 Aen.
331 2001 354 2025 3,
368 1995 416 2025 265
443 1991 489 2018 Dii
509 1992 650 2028 prohibete
669 1994 768 2025 minas,
790 1996 827 2021 dii
850 1997 929 2022 talem
952 1997 1065 2023 auertite

7 2055 9 2058 .
50 2030 115 2056 sum.
153 2030 184 2056 Et
199 2030 264 2056 Aen.
277 2037 300 2062 ς,
313 2036 367 2063 700
387 2029 421 2054 At
434 2034 508 2062 pater
521 2029 620 2055 Aeneas
633 2030 690 2056 casu
705 2031 846 2058 Concusliis
857 2033 960 2058 acerbo.
996 2033 1065 2058 Con-

6 2064 9 2066 ’
56 2065 103 2091 ss'us
120 2065 240 2091 animum
261 2064 320 2091 casu
340 2063 420 2090 amici
439 2064 513 2098 Virg.
535 2065 599 2091 Aen.
619 2072 641 2097 5,
653 2068 710 2098 869.
755 2067 810 2093 Cic.
831 2067 863 2094 de
877 2068 968 2094 Diuiu.
983 2077 1007 2099 2,
1023 2077 1063 2106 'ff'

58 2102 89 2130 68
110 2101 152 2127 An
163 2105 193 2127 tu
205 2100 292 2127 censes
305 2098 385 2126 vllam
400 2104 480 2126 anum
494 2106 545 2126 tam
559 2100 670 2127 deliram
684 2102 801 2128 futuram
813 2103 898 2134 fuisse,
912 2110 940 2127 vt
954 2104 1063 2127 somnus

53 2136 157 2169 ederet,
170 2136 218 2162 nisi
237 2136 284 2162 ista
303 2136 360 2161 casu
379 2143 567 2168 nonnunquam
579 2135 650 2160 forte
663 2142 762 2162 temere
774 2137 988 2162 Concurrercnt?
1013 2136 1063 2161 Dat

42 2173 92 2198 sus
104 2177 206 2206 tempus
219 2171 360 2204 locumque
374 2170 430 2196 Scn.
447 2169 555 2202 Hippoi.
571 2179 597 2202 4.
623 2170 712 2196 Tacit.
727 2171 793 2195 Ann.
810 2179 829 2202 i,
843 2178 880 2205 47
899 2171 993 2211 Pirum
1009 2171 1061 2197 Ti-

45 2207 98 2233 rio
116 2206 170 2232 fuit
187 2214 241 2232 non
258 2206 383 2231 omittere
404 2209 481 2237 caput
493 2212 598 2236 rerum,
611 2212 695 2240 neque
715 2205 740 2231 se
760 2214 870 2241 remque
884 2205 1017 2240 publicam
1034 2207 1062 2234 in

49 2241 105 2268 sum
127 2241 204 2267 Dare.
228 2239 294 2266 Add.
311 2239 349 2265 Id.
363 2239 430 2265 Ann.
452 2247 489 2271 iz,
507 2247 546 2273 14,
560 2247 582 2271 3.
607 2239 668 2273 Liu.
689 2249 736 2273 42,
750 2243 793 2267 62.
831 2242 947 2268 Plancius
962 2242 994 2268 ad
1006 2243 1061 2270 Cic.

21 2289 49 2302 a·
63 2289 67 2300 v
85 2295 92 2304 .
107 2283 145 2309 ιο,
159 2277 174 2306 8
191 2275 238 2302 Sed
252 2282 334 2310 quum
349 2274 377 2300 in
391 2283 451 2301 eum
469 2275 554 2301 casum
570 2284 612 2301 me
627 2275 735 2303 fortuna
743 2277 896 2310 Demisisset,
912 2284 940 2304 vt
954 2286 1061 2311 aut,etc.

19 2293 39 2333 ‘l
76 2326 87 2336 -ι
99 2311 166 2339 ritus
176 2311 235 2343 casu
250 2310 379 2344 Quinctil.
394 2319 414 2343 1,
430 2318 467 2336 10.
489 2310 564 2345 Virg.
580 2311 677 2346 Georg.
690 2321 718 2345 4,
731 2318 778 2346 483
800 2327 843 2333 --
862 2314 931 2340 casus
947 2314 1064 2341 euaserat

30 2347 39 2358 h

31 2360 57 2375 111

77 2349 116 2374 es.
153 2347 266 2374 Euenit-e
280 2347 349 2373 casu.
359 2346 415 2373 Cic.
429 2345 461 2372 de
476 2346 540 2373 Nat.
559 2347 640 2374 Deor.
661 2357 686 2380 2,
701 2350 717 2374 6
731 2349 827 2389 'quue
846 2350 935 2376 euenit
955 2359 1009 2376 non
1025 2347 1063 2377 te*-

8 2377 63 2477 ἢ»
72 2433 75 2441 s
83 2382 320 2451 dssi‘sszams‘Ziissidq
329 2380 385 2444 ‘¹32
397 2382 773 2455 {215135553233053}3313?ss
784 2386 854 2457 {3²2¹
868 2385 1063 2453 aegletg‘ssssft

15 2465 20 2479 ·.
61 2457 98 2488 '36
121 2454 153 2482 Et
175 2454 232 2481 casu
255 2460 316 2480 tunc
339 2452 497 2488 respondere
516 2453 611 2481 vadato
632 2455 760 2482 Debebat.
797 2458 834 2483 Eo
853 2456 898 2483 die
916 2458 974 2483 casu
993 2457 1062 2491 apud

46 2491 173 2526 ·mpeium
187 2490 297 2517 coenaui
310 2489 367 2516 Cic.
381 2490 452 2516 Fam.
466 2498 485 2521 1,
499 2499 519 2516 2.
556 2491 624 2517 Casu
644 2492 731 2526 potius
745 2501 824 2526 quam
838 2492 949 2518 consilio
963 2493 1062 2518 fortem

22 2517 32 2553 ³<
44 2532 67 2554 e
78 2526 118 2554 Id.
129 2525 168 2553 ib.
182 2533 205 2560 5,
217 2534 242 2553 2.
277 2525 343 2552 Non
356 2525 491 2558 consulto,
505 2525 548 2552 sed
560 2527 617 2553 casu
639 2527 675 2553 Id.
691 2527 753 2552 Diu.
768 2527 797 2552 in
809 2528 885 2553 Vcrr.
902 2538 922 2553 c.
933 2536 966 2560 ις.
994 2527 1062 2554 Add.

63 2562 127 2590 gdr.
143 2569 166 2595 5,
180 2572 209 2596 4,
221 2570 253 2589 11.
291 2561 393 2588 Accidit
412 2561 470 2587 casu
490 2561 558 2596 Nep.
570 2571 610 2595 23,
626 2571 663 2594 12,
676 2570 694 2588 1.
732 2562 800 2588 Casu
815 2563 843 2588 in
857 2563 885 2589 id
904 2563 987 2589 incidi
1003 2564 1060 2590 Seu.

24 2591 27 2595 ’
43 2611 61 2624 .
73 2604 99 2634 7.
136 2597 163 2624 si
175 2598 233 2624 casu
245 2597 351 2623 miraris
364 2595 446 2622 Ouid.
462 2596 548 2623 Trist.
563 2606 586 2630 3,
600 2607 619 2629 i,
633 2607 652 2624 1.
672 2600 690 2623 i.
705 2597 786 2633 sorte.
821 2598 863 2625 Ibi
876 2599 933 2625 casu
946 2608 991 2626 rex
1005 2606 1062 2626 erat

51 2633 185 2660 olemaeus
192 2632 266 2659 Caes.
281 2631 346 2658 Bell.
354 2631 416 2657 Ciu.
430 2639 452 2663 3,
467 2640 514 2663 ¹03·
550 2634 640 2667 Qium
655 2642 687 2659 eo
700 2634 758 2660 casu
773 2635 880 2661 venisset
887 2634 925 2661 Id.
941 2635 1014 2668 ib.›2‚
1025 2645 1060 2668 19.

8 2673 17 2691 τ
45 2670 125 2704 eliqua
137 2676 192 2697 eum
199 2666 256 2705 suis
270 2667 361 2692 verbis.
398 2666 540 2693 Exhaustus
552 2669 649 2695 casibus
663 2670 736 2704 Virg.
752 2670 815 2696 Aen.
833 2679 852 2701 ι,
866 2679 923 2703 599.
944 2671 981 2698 Id.
996 2673 1060 2699 Aen.

6 2712 11 2717 ·
54 2723 63 2736 ,
76 2711 126 2736 324
150 2716 196 2722 --
220 2708 299 2737 atque
311 2710 401 2728 omnes
414 2708 574 2729 metuentem
588 2704 733 2737 expendere
747 2706 826 2733 casus.
865 2707 921 2733 Cic.
930 2708 1001 2733 Fam.
1011 2710 1061 2740 2,6

55 2737 127 2766 dicio
138 2738 210 2764 enim
224 2743 288 2772 tuo,
300 2746 354 2764 non
367 2737 434 2770 casu,
447 2738 474 2764 in
490 2738 574 2772 ipsum
587 2739 728 2767 discrimen
742 2751 833 2768 rerum
847 2743 980 2769 contulisti
995 2744 1061 2770 Tri-

52 2780 150 2800 matum
165 2780 249 2800 tuum.
276 2773 284 2781 ³
305 2772 412 2800 Facium
427 2774 484 2799 casu
497 2774 552 2801 Cic.
567 2774 599 2802 de
614 2776 675 2803 Nat.
688 2777 768 2803 Deor.
784 2787 802 2809 i,
818 2786 858 2810 9²·
917 2779 988 2805 Fieri
1003 2780 1061 2806 casu

49 2815 67 2836 it
86 2810 156 2836 forte
168 2809 276 2836 fortuna
295 2809 334 2835 Id.
349 2809 381 2836 de
394 2809 485 2836 Diuin.
500 2819 524 2841 2,
537 2815 560 2840 8.
590 2813 621 2838 Et
640 2812 671 2838 de
685 2813 758 2840 Orat.
779 2822 805 2846 z,
820 2816 870 2847 346
883 2823 903 2840 c.
918 2820 945 2847 85
966 2816 1060 2850 Magna

49 2846 102 2872 iam
114 2844 161 2872 illa
174 2844 229 2871 laus
242 2850 268 2871 et
283 2844 449 2872 admirabilis
463 2845 551 2873 videri
566 2847 646 2881 solet,
667 2848 772 2875 Tuliss'e
785 2850 917 2884 sapienter
928 2850 998 2877 casus
1016 2851 1056 2892 ad·
1080 2858 1112 2887 75·
1127 2851 1264 2885 tribuitur,
1289 2861 1317 2879 vt
1336 2854 1418 2890 refert
1445 2856 1582 2884 Turnebus.

12 2891 14 2899 ν
45 2880 125 2914 rsos,
139 2889 193 2907 non
204 2879 319 2907 fractum
332 2881 380 2908 esse
398 2881 516 2915 fortuna,
530 2889 575 2910 etc.
611 2884 684 2919 Virg.
699 2885 795 2919 Georg.
810 2894 838 2918 4,
850 2894 891 2918 23¹
912 2887 992 2913 Casus
1005 2896 1060 2921 api-

11 2922 16 2937 1
58 2925 68 2943 s
83 2924 189 2953 quoque
203 2916 305 2944 nostros
339 2917 401 2944 Vita
415 2917 494 2951 tulit,
515 2921 532 2944 i.
553 2919 655 2946 morbos.
677 2921 718 2948 Sic
731 2921 758 2947 de
770 2922 856 2947 morbo*
867 2922 960 2949 Casum
977 2926 1060 2960 posuit

61 2952 90 2980 is.
102 2961 131 2986 4,
143 2959 178 2984 ²0
191 2951 220 2978 de
234 2953 319 2980 uuluae
331 2953 428 2986 morbo,
448 2953 584 2981 Interdum
598 2956 679 2983 etiam
692 2956 725 2983 sic
736 2957 885 2990 exanimat,
896 2964 923 2984 vt
936 2965 1060 2994 tanquam

45 2987 152 3019 nufiali
169 2987 266 3014 morbo
285 2988 439 3023 prosternat.
476 2990 560 3017 Distat
578 2997 665 3018 tamen
683 2992 726 3019 hic
739 2992 809 3019 casus
828 3001 875 3024 e0,
891 2994 962 3029 quod
975 3004 1060 3029 neque

1080 542 1109 560 10

1086 720 1110 744 ¹5

582 892 680 923 Anceps
701 888 769 914 casus
784 883 957 914 belli'Lucan.
972 899 1000 922 4,
1010 897 1063 923 771.
1081 896 1115 914 20

1080 1074 1110 1098 25

649 1246 772 1272 infandus
792 1246 861 1272 casus
876 1245 949 1279 Virg.
964 1247 1028 1272 Aen.
1039 1251 1062 1278 8,
1084 1251 1115 1275 3ο

1084 1432 1112 1456 35

665 1781 794 1815 Idempro
803 1782 906 1808 Cluent.
921 1790 957 1817 74
978 1783 1065 1818 Atque
1083 1791 1117 1817 45
1132 1783 1161 1810 hi
1176 1785 1303 1819 quinque.
1341 1787 1408 1817 Quis
1421 1794 1545 1818 vocetur,
1559 1794 1588 1813 vt
1608 1790 1742 1818 Hercules,-

1517 129 1551 169 C
1615 132 1656 173 A
1726 133 1763 173 I)
2083 147 2164 194 όῃ

1127 212 1239 244 minum,
1254 217 1313 256 etc,
1339 213 1385 239 Sed
1402 221 1431 240 vt
1445 219 1470 241 in
1490 225 1598 247 numeris
1605 228 1749 257 peccatum,
1764 226 1802 250 ita
1821 233 1864 250 nec
1882 226 1977 261 reliqua
1995 232 2091 256 omnino
2105 231 2171 266 sizna

1127 248 1253 274 vidontur.
1281 247 1339 288 istd.
1354 258 1408 287 nior
1422 252 1556 281 Rclcuarc.
1593 259 1649 284 (ic.
1663 269 1712 293 pro
1726 260 1794 286 Sext.
1807 267 1832 293 53
1847 269 1912 293 c.24
1938 263 2027 289 Meum
2042 265 2117 292 illum
2130 275 2171 293 ca.

1129 285 1184 323 suin
1199 289 1251 309 tam
1265 283 1441 317 horribilem,
1462 294 1513 326 tam
1533 300 1654 326 grauem,
1675 302 1726 321 tam
1748 297 1931 330 repentinum,
1951 306 2005 323 non
2028 299 2111 326 solum
2126 301 2173 328 ho-

1129 328 1231 358 ωιτη-ς,
1245 318 1286 344 scd
1302 320 1397 360 templa
1412 321 1485 347 vrbis
1502 332 1529 349 ac
1544 327 1611 354 tcc'ia
1624 330 1764 364 Lugcrent.
1821 333 1929 358 Manent
1943 341 1987 358 cos
2003 335 2072 359 casus
2088 337 2173 368 Qiin.

1129 354 1185 394 ἇῖξῙ-
1200 356 1225 393 ⁶³
1240 362 1259 386 1,
1274 363 1308 387 ι9-
1350 357 1422 390 Vlsg·
1438 358 1502 383 Aen·
1523 365 1544 390 8,
1558 368 1602 394 378
1622 365 1666 391 Sin
1681 367 1797 401 aliquem
1812 368 1948 394 infandum
1963 369 2048 394 casum
2066 370 2174 398 fortuna

1130 398 1247 416 minaris.
1283 390 1356 416 1dem
1372 392 1439 432 Aen.
1456 402 1476 424 5,
1494 402 1538 426 350
1559 397 1603 422 Me
1623 399 1698 427 liccat
1719 404 1804 429 casum
1823 404 1943 430 miserari
1962 404 2072 431 insontis
2087 407 2174 433 amici.

1129 426 1252 465 Mocrcrc
1272 427 1341 452 casus
1361 427 1471 468 alicuius
1491 430 1593 470 5¹¹2¹6³
1631 453 1637 458 .
1675 456 1681 461 ,
1753 439 1837 464 Naxus
1857 441 1914 466 casu
1930 440 2046 474 quodam
2058 441 2088 466 jn
2102 441 2174 468 siluis

1129 461 1188 487 Liu.
1205 470 1224 492 ι,
1239 470 1260 493 3.
1314 462 1457 490 Obmutuit
1472 466 1529 491 casu
1544 468 1696 501 inopinatae
1709 473 1748 498 rei
1762 474 1892 506 Qiiucffil.
1906 478 1931 508 6,
1948 484 1967 508 1,
1981 484 2020 508 39.
2074 477 2175 503 Onera-

1129 506 1158 523 re
1171 498 1241 522 casus
1256 497 1331 529 suos,
1350 501 1450 535 Augei-e
1460 502 1581 537 nnllaflia
1595 503 1652 529 Scn.
1667 506 1791 533 Phoenifl'.
1807 518 1857 542 195.
1931 512 2044 538 Pandere
2061 513 2119 538 suos
2134 521 2174 539 ca-

1129 533 1170 558 sus
1189 532 1270 572 Ouid.
1290 534 1354 559 Met.
1369 543 1408 567 14,
1421 543 1476 561 221.
1549 539 1681 566 Perculsus
1702 544 1759 568 casu
1781 545 1875 579 iniquo
1896 546 1968 581 Virg.
1984 548 2047 574 Aen.
2068 550 2093 579 6,
2115 556 2174 583 475.

1130 570 1233 609 Perpeti
1253 569 1323 607 casus
1343 570 1430 596 Valer.
1443 572 1544 611 Argon.
1558 581 1578 604 3,
1589 579 1637 605 318.
1712 578 1798 604 Plures
1817 582 1886 606 casus
1906 591 1946 608 rcs
1962 585 2078 617 recipere
2091 585 2174 618 potest

1130 606 1202 630 Caci.
1217 604 1244 643 B.
1258 605 1289 643 Cz
1309 612 1326 633 1,
1340 610 1380 638 78.
1417 607 1471 632 Cic.
1487 610 1524 640 Q
1536 609 1604 634 Frat.
1620 619 1667 643 1,4
1687 612 1713 637 Si
1726 613 1853 640 Rclcuarc
1868 624 1939 650 potes
1954 628 2121 646 communem
2136 629 2175 646 car·

1132 641 1187 666 sum
1202 640 1384 666 misericordia
1397 640 1552 676 hominum,
1567 645 1727 672 incredibile
1741 650 1866 682 quiddam
1879 653 2026 687 assi-queris.
2075 656 2175 688 Qianti

1132 677 1202 702 casus
1216 675 1331 701 humana
1341 676 1455 703 Rotam?
1476 681 1494 704 i.
1521 681 1629 706 l‘oluunt
1649 689 1672 707 et
1685 686 1785 718 agitant
1803 694 1842 710 res
1855 686 1973 714 humanas
1991 690 2049 716 Scri.
2065 692 2175 726 Hippol.

1134 720 1197 743 1123.
1234 709 1308 745 VirgT
1322 712 1387 738 Aen.
1400 721 1426 745 2,
1440 720 1490 747 750
1518 715 1570 743 Stat
1592 717 1661 743 casus
1680 727 1811 746 renouare
1831 730 1936 755 onine5,
1957 728 1974 750 ι’,
1989 726 2065 752 denuo
2079 731 2176 762 Jahn-e.

1134 749 1222 774 Eiidem
1231 747 1357 782 sententia
1371 747 1444 775 Idem
1458 751 1522 775 Aen.
1538 759 1576 783 10,
1591 755 1618 778 61
1656 768 1701 773 -·
1737 756 1877 782 reuolucrc
1891 759 1960 785 casus
1981 760 2018 786 Da
2029 768 2102 795 pater
2115 763 2175 790 Ilia-

1132 792 1175 809 cos
1191 783 1315 810 Tenuis.
1350 784 1431 810 Ouid.
1446 784 1477 811 de
1493 786 1556 812 Arte
1576 788 1634 813 Am.
1650 797 1672 821 3,
1687 798 1725 822 153
1746 792 1794 817 Ars
1812 792 1897 818 casum
1911 794 2033 828 Simulet,
2047 800 2064 823 i.
2074 807 2092 823 e.
2111 812 2117 824 t
2129 799 2178 825 nod

1133 828 1161 844 ex
1175 818 1302 854 comfcyito
1316 819 1444 856 deditaque
1458 827 1530 856 opera
1543 821 1648 859 fafl'wn
1662 834 1677 848 α
1689 826 1759 851 nobis
1773 824 1820 859 cst,
1838 827 1866 852 sd
1883 829 1938 864 casii
1956 831 2066 864 acculfffi·
2079 833 2178 867 Jiniule—

1132 864 1194 880 mus.
1251 855 1384 882 Sum.Cic.
1397 859 1429 883 de
1444 857 1499 883 Fin.
1513 866 1539 890 2,
1576 878 1581 884 .
1618 878 1624 884 .
1662 859 1692 886 Et
1706 862 1778 894 quod
1799 869 1951 896 externum,
1966 866 1993 892 id
2010 862 2042 892 ιιι
2051 869 2108 895 casu
2125 869 2178 896 est:

1132 891 1168 916 ita
1184 890 1212 915 fit
1226 890 1317 916 beatae
1330 892 1400 918 vitae
1418 891 1527 920 domina
1542 893 1659 920 fortuna.

1131 926 1227 960 opinus
1242 927 1296 952 Cic.
1313 928 1383 955 Fam.
1398 939 1426 962 4,
1441 937 1473 961 13.
1512 929 1615 956 Lucret.
1631 939 1654 963 3,
1668 933 1722 963 996
1758 946 1802 951 --
1839 935 1976 970 casumque
1990 938 2083 965 timent
2097 949 2177 974 quem

1131 962 1227 995 cuique
1242 962 1309 987 ferat
1324 963 1387 990 sors.
1441 966 1527 998 Quem
1541 965 1614 1000 saepe
1621 967 1731 993 Transit
1745 968 1830 1000 casus,
1845 969 1987 1003 aliquando
2002 973 2105 1001 inuenit
2118 977 2178 1003 Sen.

1131 998 1210 1023 Herc.
1226 997 1278 1022 fur.
1292 1006 1345 1030 325.
1401 999 1516 1026 Timere
1531 1002 1626 1035 praelii
1640 1003 1726 1029 casum
1741 1004 1796 1030 Cic.
1811 1004 1842 1030 de
1858 1005 1951 1032 Diuin.
1966 1016 1990 1038 2,
2006 1017 2054 1041 ¹14-
2098 1012 2178 1038 Casus

1131 1032 1230 1066 vbiquc
1255 1033 1328 1059 Valet
1343 1034 1424 1061 Ouid.
1445 1036 1475 1062 A.
1491 1038 1522 1063 A.
1546 1046 1574 1070 3,
1594 1045 1652 1071 425.
1724 1039 1821 1065 Vlcisci
1848 1041 1933 1067 casum
1955 1043 2085 1075 Qunc‘hl.
2104 1049 2135 1078 6,
2158 1056 2177 1073 1.

1130 1065 1150 1104 ‘j
1173 1071 1188 1094 6
1227 1069 1340 1100 Occasio,
1355 1075 1536 1104 opportunitas.
1557 1073 1625 1099 'I'ac.
1643 1074 1674 1099 A.
1691 1083 1721 1105 11,
1735 1084 1751 1108 9
1777 1076 1856 1102 Casus
1871 1077 2022 1104 Mithridati
2042 1080 2114 1106 datus
2132 1082 2179 1114 cst,

1131 1104 1275 1138 occupandi
1296 1105 1459 1133 Armeniam.
1497 1109 1527 1134 Et
1549 1117 1584 1139 12,
1601 1114 1631 1139 28
1656 1110 1682 1136 Si
1698 1112 1768 1137 Catii
1788 1111 1912 1146 cupidine
1933 1112 2075 1140 vlcisccndi
2092 1117 2180 1144 casum

1131 1147 1232 1174 pugnae
1247 1141 1410 1174 praeberent.
1447 1144 1477 1168 Et
1493 1152 1530 1176 12,
1545 1153 1575 1176 50
1597 1145 1735 1179 Volageses
1749 1148 1833 1174 casum
1856 1149 2020 1176 inuadendae
2037 1151 2180 1178 Armeniae

1131 1176 1266 1202 obueniss'e
1278 1184 1357 1202 ratus.
1396 1179 1426 1204 Et
1440 1187 1473 1210 13,
1486 1181 1518 1211 36
1534 1181 1557 1205 Is
1572 1189 1732 1216 quamquam
1746 1183 1863 1210 incautos
1877 1185 2005 1212 Barbaros
2018 1193 2043 1212 et
2058 1186 2124 1213 bene
2138 1197 2181 1222 gc—

1131 1211 1228 1237 rendae
1248 1213 1289 1238 rei
1309 1213 1394 1239 casum
1417 1214 1506 1241 afferri
1521 1215 1665 1250 scripserat.
1850 1217 1871 1258 ff
1899 1229 1915 1255 7
1959 1223 2135 1249 Grammaticis
2156 1230 2181 1250 ct

1131 1248 1282 1274 kin-toribus
1294 1248 1373 1275 Casus
1390 1252 1422 1282 est
1441 1254 1584 1278 terminatio
1606 1254 1724 1280 vocabuli.
1746 1256 1825 1282 Casus
1839 1256 1953 1283 dicimus
1971 1267 2025 1284 non
2038 1260 2118 1285 niodo
2140 1269 2182 1292 ea,

1132 1292 1199 1317 quae
1218 1284 1330 1310 fortuita
1350 1285 1505 1312 hominibus
1524 1288 1660 1322 accidunt,
1681 1291 1723 1316 sed
1743 1293 1823 1318 ctiam
1847 1293 2047 1320 Vocabulorum
2068 1296 2182 1322 formas:

1133 1319 1195 1353 quia
1221 1320 1249 1345 in
1268 1320 1348 1347 aliam
1371 1328 1450 1356 atqui:
1469 1323 1548 1349 aliam
1570 1325 1663 1351 cadunt
1683 1326 1806 1360 effigiem.
1833 1328 1930 1354 Festus.
1958 1331 2182 1357 Gmimmitism-zsm

1132 1354 1262 1388 Charisii,
1282 1356 1435 1390 Diomedis,
1451 1359 1577 1386 Prisciani
1592 1368 1637 1387 etc.
1655 1362 1696 1387 hic
1708 1360 1876 1389 ‹iustos-instes
1889 1365 1990 1391 laudare
2002 1368 2068 1392 nihil
2080 1370 2182 1393 attinet.

1138 1391 1242 1416 lf'mmw·
1255 1398 1351 1417 tantum
1364 1396 1598 1428 anti-lusoribus,v.
1611 1407 1637 1432 g.
1669 1398 1726 1423 Cic.
1742 1399 1769 1424 in
1783 1400 1858 1425 Orat.
1875 1403 1921 1426 160
1941 1400 2031 1434 Quun
2044 1403 2182 1439 Phaeygum,

1131 1432 1157 1451 et
1171 1435 1253 1460 quum
1270 1428 1411 1462 Porygn'ms
1424 1429 1565 1457 dicendum
1580 1434 1655 1465 estet,
1669 1435 1812 1460 absurdum
1827 1442 1898 1467 erat,
1913 1444 1957 1462 aut
1972 1440 2109 1469 (tantuin)
2125 1445 2183 1465 oar-

1131 1461 1203 1487 baris
1217 1461 1316 1488 casibus
1332 1466 1459 1491 (jraccam
1479 1466 1582 1493 literam
1597 1467 1739 1501 adhibere,
1754 1476 1799 1495 aut
1816 1470 1890 1496 recto
1904 1472 1962 1497 casu
1983 1473 2067 1498 solum
2084 1474 2184 1500 Graece

1132 1497 1217 1531 loqui.
1255 1498 1363 1525 Tamen
1382 1506 1407 1524 ct
1422 1501 1548 1536 Phryges,
1562 1509 1588 1528 et
1609 1505 1747 1537 Pyrrhum,
1760 1505 1866 1531 aurium
1888 1507 1962 1532 causa
1982 1508 2103 1534 dicimus.
2135 1509 2183 1536 Ob-

1125 1538 1217 1570 Jerrm:
1237 1534 1330 1560 Graeca
1350 1534 1428 1562 litera
1440 1534 1488 1568 cgst,
1503 1546 1562 1571 quae
1576 1538 1672 1565 dicitur
1679 1539 1788 1574 ylfilon.
1833 1542 1910 1567 Vocat
1929 1550 2007 1568 autem
2021 1545 2125 1570 Limnos
2144 1554 2184 1571 ca-

1126 1575 1189 1605 Jut,
1203 1574 1332 1601 barbaros,
1346 1580 1407 1606 qnos
1424 1581 1478 1597 cum
1500 1575 1603 1599 (ι’)ἰιιτίι·
1623 1583 1671 1600 non
1689 1577 1780 1601 habent
1800 1586 1944 1604 communes.

1732 897 1878 924 Suiientare
1891 901 1962 926 casus
1982 902 2040 928 suos
2060 905 2177 932 alioruin

1981 1579 2066 1611 Phryx
2073 1600 2081 1612 ,
2095 1580 2184 1607 teitus

809 1604 866 1637 Cic.
881 1603 912 1629 de
927 1604 999 1630 Orat.
1017 1613 1065 1637 1‚«2
1076 1617 1113 1640 40
1132 1605 1218 1637 casm,
1245 1609 1319 1631 etiam
1340 1608 1448 1632 Graecus
1467 1606 1516 1640 est:
1541 1612 1568 1634 in
1589 1610 1633 1635 hoc
1653 1613 1732 1647 igitur
1754 1614 1860 1638 Graecae
1879 1614 1966 1639 literae
1986 1614 2022 1640 Ph
2037 1624 2060 1640 ει
2074 1617 2093 1642 Y
2108 1617 2184 1652 ferri

1127 1640 1244 1676 postiam:
1258 1641 1306 1677 Jtd
1322 1643 1468 1678 consequens
1480 1643 1556 1679 fuit,
1571 1652 1599 1671 vt
1620 1649 1693 1672 etiam
1706 1649 1733 1672 in
1748 1647 1870 1674 Barbam
1889 1649 1982 1683 ‹ni-libus
1997 1660 2036 1677 eae
2048 1655 2184 1679 retineren-

1132 1684 1182 1702 tur.
1223 1677 1290 1702 Illud
1301 1683 1418 1709 tantum,
1434 1680 1498 1714 qnod
1510 1680 1611 1714 int-lissi,
1626 1682 1701 1715 abesto
1714 1684 1797 1710 uehere
1806 1691 1878 1718 puto.
1914 1686 2001 1712 Varro
2014 1686 2046 1712 de
2053 1687 2084 1713 L.
2095 1688 2123 1714 L.
2133 1691 2184 1723 7‚6

1133 1713 1196 1738 Sunt
1216 1712 1341 1739 declinati
1364 1715 1451 1747 casus,
1470 1722 1499 1741 vt
1517 1719 1556 1749 is,
1580 1717 1627 1752 qui
1646 1719 1678 1744 de
1695 1718 1779 1746 altero
1801 1720 1901 1746 diecret
1919 1721 2080 1757 distinguere
2102 1725 2185 1758 poss'et

1132 1756 1193 1774 cum
1208 1755 1328 1781 vocaret,
1342 1759 1402 1776 cuin
1421 1750 1510 1783 daret,
1524 1761 1583 1778 cum
1600 1755 1730 1780 accusaret
1766 1769 1809 1774 -—-·
1846 1756 1907 1781 Siue
1927 1759 2105 1785 controuersia
2125 1760 2185 1789 sunt

1763 1790 1996 1823 Quemadmodum
2016 1801 2140 1827 vocetur,
2154 1802 2184 1822 vt

1135 1821 1253 1845 Hercules
1263 1840 1270 1851 ‚
1293 1821 1357 1853 Qio
1370 1829 1495 1854 vocetur,
1508 1830 1537 1849 vt
1554 1823 1586 1849 ad
1607 1826 1752 1857 Herculem,
1770 1827 1822 1851 Cui
1835 1832 1944 1853 vocetur
1963 1834 1992 1854 vt
2007 1830 2126 1862 Herculi,
2139 1840 2184 1857 cu-

1134 1855 1175 1880 ius
1190 1863 1314 1888 vocetur,
1329 1862 1357 1882 vt
1371 1858 1498 1883 Herculis.
1536 1859 1591 1884 Cic.
1605 1859 1637 1885 de
1651 1860 1726 1886 Orat.
1739 1869 1750 1893 3
1765 1870 1785 1886 c.
1800 1870 1821 1887 ιι
1844 1863 1877 1888 Vt
1894 1863 1973 1889 verba
1988 1863 2020 1890 sic
2033 1871 2059 1891 et
2072 1867 2184 1900 casibus,

1133 1897 1158 1916 et
1171 1891 1352 1924 temporibus,
1365 1898 1390 1917 et
1402 1901 1514 1926 genere,
1530 1900 1555 1919 et
1574 1904 1687 1921 numero
1706 1898 1906 1930 conseruenius,
1920 1907 1953 1924 ne
1967 1900 2032 1934 quid
2047 1902 2185 1935 perturba-

1134 1934 1190 1952 tum
1203 1934 1231 1951 ac
1247 1926 1408 1961 discrepans,
1423 1936 1468 1954 aut
1481 1930 1679 1963 praeposterum
1691 1931 1729 1956 sit.
1766 1932 1933 1959 Vocabulum
1954 1936 2011 1960 casu
2026 1937 2100 1963 recto
2115 1939 2184 1965 Gell.

1084 1969 1115 1993 50
1134 1970 1156 1994 ς,
1177 1970 1213 1987 21.
1240 1962 1356 1997 obliquo
1377 1965 1452 1990 Varr.
1475 1965 1507 1988 de
1528 1965 1557 1990 L.
1571 1965 1602 1989 L.
1623 1973 1650 1998 7,
1669 1973 1707 1996 23.
1734 1966 1802 1991 Add.
1817 1968 1873 1992 Sen.
1888 1969 1960 2002 QQ
1977 1970 2040 1997 Nat.
2060 1981 2082 2004 ς,
2103 1982 2140 2007 17.
2160 1981 2184 2000 et

1084 2139 1112 2165 55

1084 2314 1119 2338 60
1131 2315 1241 2341 Labare.

1083 2498 1114 2530 ὣ

1133 1997 1201 2023 Gell.
1216 2007 1244 2030 4,
1261 2006 1280 2023 1.
1303 2000 1413 2024 Nomina
1431 1998 1539 2023 casuum
1550 2001 1600 2024 iam
1615 2004 1678 2035 szt
1697 2001 2005 2037 apuininCtili'auum,
2018 2014 2046 2032 vt
2055 2011 2112 2042 Juis
2122 2011 2184 2035 locis

1131 2032 1252 2058 dot-emus.

1168 2073 1185 2091 c
1194 2074 1215 2091 A
1225 2073 1238 2091 s
1250 2071 1268 2088 v
1277 2071 1324 2091 AL
1335 2073 1345 2092 1
1354 2073 1383 2099 S,
1405 2075 1428 2093 e.
1467 2067 1544 2104 Qcod
1551 2068 1733 2106 casufit,fine
1746 2076 1844 2099 ratione
1858 2081 1926 2108 nota,
1943 2083 1982 2109 vt,
1991 2077 2109 2105 Casualis
2122 2088 2185 2107 con-

1131 2100 1215 2132 ditio,
1229 2109 1289 2135 quae
1308 2101 1338 2126 ab
1361 2105 1456 2130 incerto
1476 2112 1562 2131 euentu
1575 2106 1683 2141 pendet,
1702 2107 1754 2142 leg.
1773 2108 1820 2135 vlt.
1834 2111 1904 2137 Cod.
1919 2111 1950 2137 de
1969 2114 2089 2140 necefl'ar.
2111 2115 2186 2142 Seru.

1131 2137 1309 2162 Grammaticis
1321 2136 1396 2173 Casiis
1410 2138 1605 2168 declinationum
1624 2143 1741 2178 respicit:
1761 2152 1808 2177 vt,
1823 2146 1912 2173 Genus
1934 2148 2035 2175 casuale
2055 2151 2129 2178 Varr.
2150 2152 2184 2179 de

1131 2169 1160 2198 L.
1178 2171 1206 2197 1..
1222 2179 1247 2206 7,
1262 2181 1304 2204 29.
1342 2174 1456 2202 Formae
1467 2176 1580 2203 casuales
1596 2178 1720 2205 Priscian.
1736 2187 1749 2212 5
1760 2189 1786 2215 p.
1801 2183 1861 2217 672.
1898 2183 1957 2210 Pars
1973 2185 2048 2212 Varr.
2062 2185 2095 2212 de
2107 2187 2138 2213 L.
2151 2188 2184 2216 L.

1130 2215 1157 2240 9,
1171 2215 1194 2233 2.
1231 2209 1438 2243 Praepositiones
1452 2212 1553 2239 Probus
1569 2222 1579 2240 1
1598 2222 1623 2248 p.
1637 2223 1712 2250 1427.

1166 2250 1183 2270 c
1192 2251 1213 2270 A
1224 2250 1236 2270 s
1245 2251 1265 2270 v
1274 2252 1295 2271 Α
1304 2252 1320 2271 L
1330 2253 1340 2271 1
1349 2253 1370 2272 T
1378 2253 1395 2272 E
1405 2254 1434 2273 R.
1460 2247 1528 2274 Adu.
1551 2249 1673 2276 Fortuito.
1691 2249 1781 2277 Sidon.
1801 2252 1879 2286 Epist.
1892 2262 1919 2286 9,
1934 2263 1967 2281 it.

1166 2285 1183 2306 c
1194 2286 1236 2305 AS
1247 2287 1266 2306 o
1275 2300 1284 2312 ,
1302 2284 1355 2307 fare.
1393 2282 1407 2315 [
1414 2281 1507 2317 πίπἹω]
1551 2284 1658 2311 Videtur
1677 2286 1711 2311 ad
1722 2286 1825 2313 Cadere
1845 2291 1882 2313 ita
1897 2290 2007 2324 referri,
2021 2297 2051 2317 vt
2068 2291 2103 2318 ad
2114 2293 2184 2320 Labi

1284 2315 1365 2343 Plaut.
1386 2318 1445 2344 Mil.
1459 2326 1483 2350 3,
1496 2327 1521 2350 2,
1536 2327 1567 2353 37
1593 2320 1658 2346 Non
1678 2320 1767 2347 hercle
1781 2328 1833 2348 tam
1855 2323 1938 2350 isthoc
1954 2326 2042 2352 valide
2061 2328 2184 2356 casabant

1130 2350 1197 2376 cadi.
1218 2350 1386 2385 &spondetur
1398 2353 1444 2379 hoc
1462 2355 1495 2378 ad
1507 2352 1683 2389 qaaestionem,
1697 2358 1791 2391 Capite
1807 2358 1909 2385 fistebas
1930 2361 2040 2389 cadum?
2057 2366 2075 2389 ι’.
2091 2372 2184 2391 euerte-

1129 2386 1174 2411 βω
1186 2394 1336 2412 euacuutum.
1374 2389 1406 2413 Ec
1419 2397 1491 2420 mox,
1508 2389 1686 2418 Bacchabatur
1700 2392 1793 2426 hama,
1807 2394 1927 2422 casabant
1946 2398 2012 2423 cadi.
2052 2400 2183 2427 Casabant

1130 2428 1212 2456 nempe
1226 2422 1267 2453 hic
1283 2421 1443 2450 dediretiam
1456 2426 1605 2459 Gronouius,
1613 2435 1663 2462 pro
1677 2438 1712 2461 co,
1726 2430 1790 2465 quod
1808 2430 1906 2466 quidam
1920 2432 2011 2459 hahent
2023 2435 2183 2469 quassabant.

1130 2455 1178 2483 Sed
1190 2456 1255 2492 quod
1265 2457 1383 2485 laudatur
1865 2476 1866 2479 ¹

1166 2498 1232 2519 CAs
1242 2500 1294 2519 AN
1305 2501 1333 2526 s,
1355 2495 1429 2522 antis.
1464 2496 1509 2523 Ad
1521 2498 1617 2534 lapsum
1625 2506 1730 2535 pronus.
1752 2502 1858 2529 Casanti
1874 2503 1960 2538 capite
1978 2504 2077 2532 incedit
2098 2506 2182 2536 Plaut..

1129 2527 1198 2554 Asin.
1213 2537 1235 2560 Ξ,
1250 2537 1271 2561 3,
1286 2538 1321 2561 23.
1341 2530 1407 2557 νεὶἷε
1420 2533 1526 2560 Gronau.
1542 2536 1682 2569 quassanti:
1702 2544 1730 2562 vt
1745 2544 1769 2563 et
1782 2538 1874 2564 Bacch.
1889 2548 1914 2572 2,
1927 2549 1950 2572 3,
1964 2547 1993 2574 71

1166 2570 1182 2591 C
1192 2571 1213 2590 A
1223 2572 1235 2591 S
1245 2564 1257 2590 ι’
1266 2571 1287 2590 T
1297 2572 1331 2598 O,
1353 2570 1406 2593 are.
1429 2569 1680 2605 Hequevztercadere.
1695 2573 1798 2599 Paullus
1811 2574 1843 2600 D.
1852 2575 1883 2601 de
1898 2576 1987 2601 seruit.
1997 2575 2055 2603 vrb.
2065 2578 2153 2611 praed.
2163 2577 2182 2606 l.

1130 2599 1289 2633 SeruituteS,
1308 2601 1335 2627 Si
1354 2603 1465 2630 seruitus
1484 2605 1615 2633 stillicidii
1634 2608 1756 2642 imposita
1775 2609 1818 2636 sit:
1846 2619 1900 2636 non
1919 2611 1980 2637 licet
1998 2611 2110 2640 domino
2130 2616 2181 2641 ser-

1129 2636 1226 2662 vientis
1240 2645 1317 2663 areae
1330 2637 1371 2665 ibi
1385 2639 1540 2674 aedificare,
1554 2641 1602 2669 vbi
1624 2643 1729 2671 cafitare
1745 2646 1833 2679 coepit
1847 2646 2022 2674 stillicidium.
2062 2649 2088 2676 Si
2105 2658 2182 2678 antea

1082 2682 1117 2708 70
1128 2680 1159 2698 ex
1174 2672 1262 2707 tegula
1273 2673 1422 2702 cafitauerit
1433 2676 1614 2705 stillicidium:
1632 2679 1721 2713 postea
1736 2690 1768 2707 ex
1781 2681 1916 2715 tabulato,
1930 2683 1973 2709 vel
1987 2692 2019 2710 ex
2034 2684 2086 2712 alia
2099 2693 2181 2713 mate-

87 3027 262 3057 s-vertuntur,
275 3033 322 3065 nec
332 3025 440 3060 ‘spumae
452 3026 588 3060 profluunt
622 3042 667 3048 —-
702 3028 804 3055 Deinde
817 3028 863 3055 vbi
875 3029 910 3058 ,ad
926 3031 952 3056 se
969 3031 1061 3064 rediit,
1077 3035 1109 3061 80

64 3057 264 3086 cumcidendum
276 3068 368 3087 vinum
388 3061 424 3088 est
438 3061 467 3088 in
479 3068 566 3089 totum
577 3071 689 3095 annum,
702 3065 781 3091 etiam
802 3064 819 3090 si
832 3065 902 3092 casus
919 3066 989 3093 idem
1007 3076 1062 3094 non

55 3093 191 3121 uertitur-‚¹
212 3093 252 3121 ld.
265 3095 331 3122 Cels.
343 3103 366 3129 ς,
373 3098 417 3129 26,
429 3105 462 3131 34
474 3097 502 3124 de
515 3099 675 3135 Gangraena,
689 3100 881 3135 Praecipueque
899 3101 928 3128 in
939 3102 989 3129 hoc
1003 3104 1061 3131 casu

24 3136 29 3163 ζ
46 3129 167 3156 tendum
175 3137 232 3157 non
243 3137 259 3157 a
271 3130 468 3158 medicamentis
485 3133 585 3167 solum,
597 3135 641 3162 sed
656 3136 736 3163 ctiam
749 3145 763 3162 a
775 3136 861 3163 victus
874 3137 976 3165 ratione
990 3148 1062 3173 prae-

0 3181 4 3190 .
26 3166 28 3171 “
49 3165 119 3192 'um
136 3164 181 3192 est.
218 3164 265 3193 Sed
284 3165 317 3192 ad
328 3166 466 3203 fortuitum
485 3169 558 3205 quid,
573 3170 608 3197 ad
625 3175 696 3198 canis
712 3171 801 3205 rabiosi
820 3173 936 3208 morsum,
950 3175 1063 3237 νςζενιιιν

22 3206 28 3210 “
54 3200 145 3229 ribon.
155 3210 177 3227 c.
192 3208 235 3236 175
247 3200 290 3227 vbi
299 3202 447 3230 commendat
457 3204 622 3241 emplastrum,
635 3207 707 3242 quod
720 3207 834 3242 Augusta
854 3216 961 3244 propter
992 3211 1063 3237 uius-
1079 3214 1108 3242 83

52 3236 99 3265 odi
111 3237 183 3263 casus
197 3236 291 3263 habuit
302 3238 486 3273 compositum.v
539 3241 614 3269 Flere
628 3244 698 3270 casus
710 3243 822 3270 alicuius
835 3244 916 3272 Ouid.
934 3247 1024 3273 Amor.
1041 3256 1061 3281 1,

54 3293 63 3306 ‚
75 3281 95 3301 ι.
130 3273 188 3299 Cic.
201 3281 251 3307 pro
262 3272 325 3299 Sull.
337 3278 365 3306 83
381 3274 434 3308 Ego
441 3277 614 3311 committam,
622 3284 651 3305 vt
660 3288 689 3306 ea
698 3288 781 3314 ,quae
787 3289 836 3314 pro
849 3280 929 3308 salute
941 3283 1063 3310 omnium

33 3296 40 3325 ι·
62 3313 74 3333 σῖ
88 3328 98 3342 ,
109 3309 168 3335 casu
181 3309 264 3343 magis
277 3315 303 3335 et
321 3309 449 3336 felicitate
460 3319 476 3337 a
489 3320 548 3346 me,
560 3322 639 3348 quam
657 3315 757 3342 virtute
771 3321 797 3341 et
810 3315 919 3344 consilio
932 3318 1000 3352 gesta
1014 3320 1062 3346 esse

54 3373 58 3379 ⁸
68 3373 74 3380 ¹
121 3345 181 3371 tui-3
217 3344 274 3371 Cic.
287 3345 359 3371 Fam.
374 3353 413 3379 10,
429 3351 454 3376 18
472 3347 547 3381 Qae
558 3358 599 3376 res
614 3351 712 3378 nullam
728 3350 841 3377 habebat
859 3351 1062 3388 dubitationem,

38 3389 40 3395 ¹
81 3409 88 3413 ,
116 3380 183 3408 citus
200 3379 296 3415 Lepidi
313 3380 394 3414 absit,
410 3390 441 3409 ea
457 3391 525 3410 nunc
541 3393 582 3411 ma

33 3444 36 3452 Ι
48 3417 64 3439 ἰ’
78 3413 158 3452 “que
169 3415 248 3443 habet
261 3416 356 3443 casum.
392 3417 450 3444 Cic.
462 3417 495 3457 de
505 3419 570 3447 Sene
597 3440 604 3447 .
617 3424 652 3457 ⁶7
671 3423 745 3457 Qin
753 3423 833 3450 etiam
842 3430 910 3451 aetas
924 3425 969 3452 illa
976 3426 1062 3454 multo

47 3465 73 3480 ,ι
92 3468 105 3474 ..
118 3472 128 3485 ,
153 3460 232 3488 quam
249 3452 353 3485 nostra,
377 3453 473 3480 monis
491 3455 562 3482 casus
581 3455 668 3484 habet.
739 3459 851 3485 Iactatus
869 3461 950 3488 variis
963 3461 1061 3490 casibus

47 3486 56 3504 'i
72 3487 117 3519 ’,3
127 3487 156 3515 il.
166 3494 193 3524 7,
206 3495 229 3520 3.
265 3488 322 3515 Cic.
340 3488 373 3515 de
386 3489 478 3516 Diuin.
495 3498 529 3523 2,
541 3499 578 3524 49
596 3501 618 3519 c.
631 3501 658 3520 21
679 3494 763 3521 Potest
782 3495 880 3530 igitur,
891 3497 963 3531 quod
979 3498 1062 3526 modo

54 3522 103 3545 '2³
115 3536 130 3545 μ
143 3543 152 3557 ,
163 3524 304 3558 veritatem
321 3525 392 3551 casus
407 3524 518 3552 imitari.
588 3528 731 3563 Impeditus
748 3531 807 3557 casu
824 3531 1060 3571 aliquonineljl.

77 3570 117 3592 ,μ
134 3559 190 3587 Cic.
204 3559 275 3587 Fam.
291 3568 327 3591 10,
342 3568 370 3587 21
390 3559 488 3588 Incidit
499 3561 528 3588 in
545 3570 590 3589 eos
604 3565 690 3598 casus,
707 3575 773 3601 quos
790 3567 906 3600 vitasset,
919 3567 937 3594 fi
949 3577 1008 3596 eum
1021 3570 1066 3596 ni-.
1075 3577 1108 3603 95

51 3592 58 3598 '
70 3598 83 3614 ’ἰ
98 3594 215 3622 siniret,
285 3595 405 3623 Incidere
425 3598 510 3624 casum
531 3597 610 3625 alicui
632 3599 704 3627 Idem
723 3602 796 3629 Fam.
812 3611 835 3635 5,
872 3622 879 3629 .
917 3622 924 3630 .
959 3605 986 3631 Si
1001 3606 1060 3633 casu

156 3630 278 3659 scribon.
292 3640 346 3667 172.
365 3632 421 3659 Cic.
429 3633 501 3660 Fam.
512 3641 550 3666 ιο,
558 3642 582 3660 21
603 3634 660 3661 Nec
668 3637 780 3669 mori,'si
792 3638 862 3665 casus
877 3638 1000 3668 inciderit
1012 3651 1060 3676 pro

31 3674 91 3698 mg),
106 3667 244 3703 ''paratior
261 3668 314 3695 fuit
330 3668 480 3704 quisquam.
551 3669 687 3704 indignari
704 3673 789 3700 casum
808 3674 888 3700 amici
908 3675 980 3710 Virg.
995 3678 1060 3705 Aen.

22 3706 23 3710 ¹
47 3690 111 3745 &23
120 3701 194 3766 Ιιὶξιιῐι
204 3703 270 3765 Aer.
281 3712 302 3737 1,
310 3705 442 3767 &gfffuis
455 3712 489 3767 ἴς,
502 3711 562 3746 nate
571 3706 645 3768 goat,
658 3715 705 3769 pqr
716 3713 791 3769 ‘tf-{uta
802 3709 919 3744 pericula
937 3713 1007 3739 casus
1019 3714 1062 3740 In-

16 3760 25 3809 ᾗ
37 3774 39 3778 ’
52 3758 172 3813 ''19:515st
181 3744 309 3807 ἕίῑιὲιῑιῖἰΐ,
323 3747 376 3807 iaici.
392 3750 568 3805 ἳῗκτζιὲῗζιὲςέ
577 3751 633 3804 ΒἙ.
647 3752 725 3818 ..0ἰὲ
741 3749 852 3815 1·ξὲξῖ
865 3787 879 3813 ς
903 3781 982 3810 Casus
995 3793 1062 3812 vero

18 3812 26 3818 ²
100 3822 111 3832 ν,
165 3808 274 3844 quidam
286 3811 446 3846 interuenit,
466 3813 536 3848 quasi
551 3813 593 3840 vel
609 3813 680 3840 testis
691 3815 827 3850 opinionis
841 3818 972 3850 meae,vel
987 3820 1061 3854 spon-

49 3749 67 3757 «ι
81 3747 93 3758 ἰ

27 3857 37 3878 χ
49 3847 139 3867 2'·=1·›=
152 3845 252 3872 nitatis
264 3852 334 3873 tuae.
403 3848 532 3876 Inuehere
549 3850 645 3881 casum,
658 3850 710 3877 vid.
732 3858 866 3879 INVEHO.
937 3854 1062 3883 inuenire

91 3878 227 3923 ·Qin&il.
240 3889 263 3915 5,
277 3890 314 3909 10.
369 3883 466 3910 laudat
480 3885 618 3921 Stephanus
634 3886 690 3913 Cic.
711 3888 747 3921 Q
763 3888 832 3914 Frat.
846 3897 875 3921 4,
887 3896 898 3915 1
924 3890 1062 3924 Qiantum

57 3921 229 3951 wvnquam
246 3925 262 3944 a
273 3918 299 3943 se
311 3918 413 3947 Leuare
423 3920 508 3956 potest
527 3930 696 3960 communem
713 3924 800 3951 casum
819 3923 1004 3955 misericordia
1014 3926 1061 3957 ho-
1071 3932 1116 3961 105

135 3961 139 3966 ¹
177 3958 260 3980 vot..
284 3954 307 3981 Ῑ.

1125 2708 1166 2734 ria
1178 2708 1284 2735 calitarc
1295 2718 1350 2736 non
1363 2711 1455 2745 potest.
1474 2713 1540 2740 Add.
1555 2713 1593 2741 ib.
1605 2713 1629 2751 §.
1642 2723 1664 2747 3.

1162 2750 1178 2770 c
1188 2751 1209 2770 A
1219 2752 1231 2770 s
1240 2752 1260 2771 A
1271 2751 1286 2772 Β
1294 2752 1315 2771 v
1325 2753 1373 2773 Νι)
1384 2754 1404 2773 ν
1413 2755 1425 2774 s
1436 2767 1444 2780 ,
1469 2757 1498 2781 a,
1525 2759 1579 2776 um.
1615 2749 1770 2786 [πἹῶσιμος]
1807 2752 1869 2780 Adi.
1897 2754 2001 2781 Crebro
2019 2756 2112 2783 cadens
2132 2757 2180 2783 Fe-

1127 2779 1187 2806 stus.
1208 2781 1284 2807 Varr.
1298 2780 1330 2808 de
1343 2782 1372 2809 L.
1387 2783 1417 2809 L.
1427 2783 1455 2815 ’6,
1469 2793 1482 2816 3
1500 2794 1529 2810 ex
1541 2789 1643 2822 antiquo
1651 2788 1743 2820 Poeta,
1752 2788 1871 2821 Naeuio,
1886 2790 1938 2816 Risi
1954 2798 2059 2825 egomet
2073 2801 2179 2820 mecum

1126 2816 1301 2843 cassabundum
1314 2818 1354 2844 ire
1366 2818 1480 2847 ebrium.
1501 2820 1603 2855 Ennio,
1622 2824 1650 2847 in
1668 2823 1733 2850 libro
1759 2825 1921 2859 1'urat4ffin1ae
1931 2826 2014 2862 fidei,
2029 2828 2114 2863 uer-fiis
2133 2827 2179 2861 rste

1627 2858 1802 2886 Caffabundus
1815 2861 1940 2897 scribitur
1958 2865 1984 2887 in
2005 2862 2063 2888 edit.
2083 2864 2178 2900 Scalig-

1128 2887 1247 2914 Macrob.
1260 2887 1310 2915 Sat.
1318 2899 1341 2922 5,
1355 2898 1380 2916 21
1400 2891 1543 2919 Herculem
1556 2893 1662 2921 fictores
1675 2901 1778 2922 veteres
1790 2905 1844 2922 nou
1857 2896 1910 2922 sine
1926 2898 2000 2923 causa
2018 2907 2080 2924 cuin
2097 2908 2178 2933 pocu-

1127 2922 1155 2950 lo
1171 2923 1306 2958 fecerunt,
1326 2932 1352 2952 et
1371 2935 1562 2963 nonnunquam
1582 2930 1758 2957 casabundum
1771 2931 1798 2957 ei
1807 2932 1924 2958 ebrium.

1154 2966 1312 3021 (panax,
1331 2962 1393 2989 acis.
1429 2963 1562 2998 Claudiis,
1582 2966 1630 3002 qui
1647 2966 1721 3001 saepe
1738 2968 1808 2993 cadit
1828 2967 1906 2993 Gloss'.
1920 2967 1977 2994 Isid.
1994 2968 2071 3004 Conf.
2085 2970 2176 2999 Barth.

1127 2997 1288 3029 Ama&
1961 3004 1968 3010 '

1162 3038 1208 3058 CA
1220 3039 1236 3058 D
1246 3033 1268 3058 ὖ
1277 3039 1293 3059 C
1301 3039 1322 3059 V
1330 3025 1360 3066 ἑ,
1381 3042 1412 3067 a,
1439 3044 1494 3062 um.
1530 3035 1679 3070 [π’]ώσιμος,
1704 3034 1830 3073 οἷμιιδρᾶς]
1866 3038 1927 3065 Adi.
1946 3038 2021 3074 Qtod
2035 3041 2063 3065 in
2075 3042 2178 3069 ruinam

1122 3069 1235 3102 procliue·
1248 3066 1298 3101 cst,
1313 3076 1336 3095 et
1349 3070 1430 3106 casum
1443 3075 1572 3104 minatur,
1587 3073 1701 3108 caditque
1715 3073 1773 3099 adeo
1782 3074 1832 3110 fisa
1839 3074 1938 3110 sponte,
1952 3079 1978 3100 ui
1992 3084 2040 3101 nou
2053 3075 2178 3104 adhibita.

1129 3103 1185 3133 Cic.
1198 3103 1230 3130 de
1242 3104 1341 3131 Sene&
1357 3113 1371 3138 5
1390 3106 1440 3133 Sed
1453 3113 1539 3134 tamen
1553 3109 1648 3134 nece-ise
1661 3109 1714 3134 fuit
1726 3109 1834 3143 aliquod
1849 3110 1897 3136 esse
1909 3115 2067 3144 extremuni,
2080 3118 2106 3138 et
2118 3119 2177 3139 tan-

1129 3148 1207 3173 quam
1222 3140 1250 3166 in
1269 3140 1396 3168 arborum
1415 3143 1515 3176 baccis,
1528 3149 1666 3178 terraeque
1682 3144 1819 3179 frugibus,
1838 3147 1991 3172 maturitate
2010 3147 2177 3183 tempestiua,

1129 3175 1200 3208 quasi
1212 3176 1314 3203 vietum
1328 3182 1355 3203 et
1368 3178 1508 3205 caducum:
1530 3179 1602 3214 quod
1622 3179 1761 3206 ferendum
1779 3181 1814 3206 est
1834 3181 1954 3208 molliter
1972 3182 2091 3217 sapienti.
2118 3185 2176 3211 Cic.

1129 3210 1162 3237 de
1177 3212 1234 3238 Fin.
1248 3220 1269 3244 2,
1283 3214 1316 3242 86
1343 3214 1411 3247 Qus
1431 3215 1503 3241 enim
1525 3214 1636 3241 considit
1655 3215 1756 3251 semper
1768 3215 1817 3242 sibi
1836 3216 1904 3243 illud
1917 3217 2010 3244 stabile
2021 3224 2048 3245 et
2066 3219 2180 3249 firmum.

1128 3248 1343 3281 permansurum,
1358 3249 1430 3284 quod
1448 3250 1542 3285 fragile
1560 3257 1585 3278 et
1600 3250 1725 3278 caducum
1745 3251 1792 3278 sit?
1829 3252 1935 3280 Caduca
1948 3259 1974 3280 et
1991 3254 2092 3282 incerta
2106 3256 2177 3289 sunt,

1128 3282 1255 3315 diuitiae,
1271 3283 1340 3311 bona
1356 3285 1496 3317 valetudo,
1507 3286 1623 3313 honores
1642 3287 1696 3314 Cic.
1717 3287 1749 3313 de
1767 3287 1872 3315 Amicit.
1893 3296 1937 3316 20.
2008 3291 2121 3324 Breuia,
2135 3292 2177 3318 fu-

1129 3319 1218 3353 gacia,
1231 3325 1257 3346 et
1275 3320 1372 3347 caduca
1388 3321 1463 3349 Idem
1477 3323 1548 3349 Fam.
1564 3332 1600 3353 10,
1616 3331 1651 3349 12.
1723 3322 1859 3351 caducum
1877 3331 1904 3351 et
1925 3324 2060 3352 infimum
2080 3336 2176 3361 corpus

1127 3355 1167 3382 Id.
1178 3355 1211 3382 de
1224 3355 1286 3382 Nat.
1300 3356 1380 3383 Deor.
1395 3366 1414 3390 ι,
1429 3366 1471 3391 99.
1542 3358 1656 3385 Mortale
1670 3364 1696 3385 et
1709 3358 1904 3393 caducumCic.
1917 3360 1948 3388 de
1963 3362 2052 3388 Somn.
2066 3363 2133 3396 Scip.
2145 3371 2176 3388 10

633 3395 660 3413 m
677 3387 753 3414 affert
772 3387 983 3423 solicitudinem,
1009 3400 1063 3417 ma-
1075 3401 1112 3426 90
1127 3400 1150 3418 e.
1165 3400 1193 3424 4.
1230 3393 1271 3419 Sic
1283 3393 1359 3427 Virg.
1375 3393 1440 3420 Aen.
1454 3401 1492 3426 10,
1504 3396 1552 3429 622
1571 3394 1598 3420 Si
1612 3403 1686 3421 mora
1699 3395 1842 3429 praesentis
1857 3396 1905 3423 leti
1919 3402 2074 3432 tempusque
2088 3398 2175 3424 Cadu-

1128 3435 1160 3453 co
1179 3427 1280 3454 Oratur
1301 3428 1411 3461 iuueni,
1431 3431 1450 3456 i.
1468 3439 1524 3456 mox
1545 3433 1673 3457 morituro.
1709 3431 1766 3457 Cic.
1783 3431 1898 3468 Philipp.
1916 3442 1945 3466 4,
1964 3442 1988 3465 13
2015 3435 2174 3468 Quanquam

1127 3463 1219 3489 omnia
1231 3463 1283 3490 alia
1296 3464 1359 3490 falsa
1368 3484 1376 3496 ,
1397 3465 1496 3492 incerta
1509 3466 1583 3498 sunt,
1595 3465 1705 3498 caduca,
1719 3466 1846 3495 mobilia:
1872 3469 1957 3495 virtus
1970 3468 2007 3494 est
2025 3478 2076 3495 vna
2086 3468 2176 3495 altissi-

1128 3498 1179 3525 mis
1193 3498 1278 3526 defixa
1298 3499 1447 3534 radicibus,
1470 3509 1539 3535 quae
1554 3509 1690 3535 nunquam
1703 3502 1762 3537 'vlla
1774 3503 1804 3530 vi
1821 3503 1983 3531 labefactari·
1996 3504 2093 3538 potest,
2107 3513 2174 3530 uun-

1128 3543 1208 3569 quam
1220 3535 1355 3562 dimoueri
1369 3536 1436 3562 loco.
1507 3537 1583 3571 Aqua
1600 3536 1695 3564 caduca
1709 3538 1840 3567 Frontino
1858 3540 1952 3566 dicitur
1971 3546 2018 3565 art.
2036 3548 2073 3572 94
2090 3541 2174 3568 Palen.

1129 3571 1205 3604 Qiae
1225 3580 1257 3598 ex
1277 3572 1333 3598 lacu
1351 3572 1505 3598 abundauit.
1540 3572 1571 3598 Et
1592 3571 1656 3599 haec
1675 3573 1729 3608 ipsa
1746 3576 1840 3602 nonin
1853 3576 1938 3603 alium
1950 3576 2039 3606 Vsum,
2052 3583 2131 3609 quam
2144 3576 2174 3602 in

1127 3605 1282 3634 balnearum
1296 3613 1341 3634 aut
1352 3608 1542 3634 fullonicaruin
1556 3606 1676 3642 dabatur.
1710 3610 1749 3637 Id.
1767 3617 1816 3638 art.
1831 3620 1873 3638 110
1893 3613 1992 3646 Aquae,
2009 3619 2078 3644 quae
2096 3611 2174 3651 cadu-

1128 3651 1173 3669 cae
1190 3649 1334 3676 vocantur,
1346 3643 1374 3670 id
1385 3643 1436 3675 est,
1452 3651 1520 3678 quae
1536 3649 1582 3669 aut
1599 3652 1631 3670 cx
1649 3645 1760 3673 castellis
1773 3648 1897 3679 effluunt,
1909 3653 1953 3672 aut
1965 3654 1996 3671 ex
2013 3647 2172 3674 manationi-

1127 3676 1346 3706 busfistularum.
1381 3679 1449 3705 Add.
1463 3685 1512 3705 art.
1529 3686 1564 3705 111
1587 3681 1617 3706 Et
1630 3681 1717 3708 Varro
1729 3683 1761 3709 R.
1775 3684 1806 3710 R.
1820 3692 1843 3715 3,
1857 3690 1879 3715 5,
1892 3691 1904 3708 2
1932 3680 2035 3707 Caduca
2047 3690 2116 3717 aqua
2129 3682 2173 3709 de-

1127 3713 1172 3740 bet
1193 3723 1240 3749 pei·
1259 3714 1371 3741 fistulam
1393 3714 1474 3741 exire.
1493 3713 1523 3740 de
1539 3717 1646 3742 auiario.
1689 3719 1775 3745 Aliter
1793 3718 1874 3745 Ouid.
1897 3724 1927 3742 ex
1946 3716 2030 3743 Ponto
2051 3726 2076 3750 2,
2096 3726 2123 3753 7,
2141 3726 2173 3752 39

920 3746 1062 3776 Intercedit
1070 3755 1119 3774 100
1129 3764 1173 3769 —
1193 3756 1274 3785 vtque
1286 3749 1389 3777 caducis
1424 3749 1541 3776 Percussu
1554 3750 1649 3778 crebro
1662 3753 1721 3779 saxa
1739 3760 1865 3779 canantur
1878 3751 1968 3786 aquis,
1979 3754 1998 3777 τ’.
2013 3753 2172 3780 Cadenmus.

1128 3785 1252 3820 Auspicia
1265 3785 1374 3818 caduca,
1388 3783 1488 3812 austere
1501 3785 1591 3820 Festo,
1604 3788 1721 3823 antiquis
1734 3789 1901 3818 dicebantur,
1919 3787 2011 3820 Quini
2026 3789 2129 3824 aliquid
2144 3790 2172 3815 in

1128 3822 1228 3856 templo
1239 3821 1385 3851 excideram
1401 3821 1487 3848 veluti
1493 3822 1575 3857 Virga
1588 3832 1602 3849 e
1615 3833 1704 3851 manu.
1775 3825 1853 3850 Fama
1863 3822 1958 3849 caduca
1965 3823 2046 3850 Ouid.
2055 3833 2087 3850 ex
2097 3826 2169 3864 Pom.

1127 3866 1156 3891 42
1170 3863 1192 3888 8,
1206 3860 1251 3892 46.
1270 3861 1287 3883 i.
1300 3857 1392 3883 breuis.
1405 3884 1410 3887 ,
1462 3857 1540 3884 Folia
1557 3859 1653 3886 caduca
1673 3859 1746 3886 Idem
1768 3860 1857 3885 Amor.
1872 3866 1897 3890 z,
1911 3861 1949 3890 16,
1959 3866 2000 3892 45.
2038 3862 2069 3886 Et
2083 3859 2168 3886 Trist.

1126 3901 1150 3925 3,
1166 3900 1186 3926 1,
1201 3900 1233 3926 45
1260 3893 1349 3928 thue
1369 3891 1440 3918 viret
1468 3892 1570 3928 semper
1588 3895 1691 3927 laurus,
1717 3903 1764 3920 nec
1784 3894 1880 3920 fronde
1897 3894 1993 3921 caduca
2028 3896 2169 3930 Cupitum

1125 3928 1237 3957 Fulmen
1249 3928 1375 3956 caducum
1392 3928 1460 3956 Hor.
1475 3929 1595 3965 Carina,
1605 3939 1634 3967 4,
1647 3941 1692 3966 44.
1706 3937 1756 3968 pro
1767 3932 1818 3958 iam
1835 3929 1938 3965 immtffiz
1952 3929 2029 3957 dixit.
2091 3929 2168 3956 Glan-

1281 3965 1418 3999 Qqqq
2125 3963 2170 3992 ⁶³
