2474 4182
64 134 149 214 72¹9,
458 154 492 194 c
552 155 603 204 [A
668 152 712 191 N

61 252 98 278 De
108 249 239 280 Procyone
255 245 296 273 uel
307 245 424 277 Procyne
436 243 502 271 Plin.
520 248 554 276 18,
568 247 599 272 28
613 242 631 268 s.
645 243 686 273 68,
701 249 713 273 3
742 241 862 276 Aegypto
877 243 996 275 Procyon
1018 249 1102 270 matu-

36 304 37 315 .
61 285 118 312 tino
130 283 270 310 aestuosus:
292 280 363 316 quod
377 280 444 307 lidus
459 280 527 316 apud
545 279 678 305 Romanos
689 285 743 302 non
757 276 835 304 habet
849 287 962 311 non-en,
987 279 1033 306 uili
1052 281 1101 306 La-

35 608 39 620 Q

36 448 37 456 ἵ
58 461 179 495 Flagrans
200 461 267 487 Hor.
280 461 368 487 Carm.
382 468 404 492 3,
419 467 453 491 13,
466 466 492 491 9.

61 319 172 348 niculam
185 318 249 344 hanc
262 316 375 343 velimus
391 316 522 351 intelligi,
541 313 591 341 hoc
608 312 643 339 est
657 312 790 339 minorem
806 323 912 345 canem,
940 322 968 341 vt
984 316 1012 342 in
1027 315 1101 342 astris

36 358 37 363 ¹
60 354 182 392 pingitur.
219 352 267 381 Sed
277 352 346 389 conf.
362 361 421 388 quae
436 362 491 379 mox
503 351 609 377 dicemus
621 351 649 374 in
663 355 839 376 CANARIVM
852 351 1011 385 Aiigurium.
1049 352 1102 377 Ple-

36 400 37 407 ¹
58 397 156 426 rumque
168 387 245 424 ipsum
258 395 353 424 tempus
365 386 565 428 ‘lstwfiffimum’
581 383 646 420 quod
657 382 794 417 Solslttium
802 386 927 422 sequatur,
941 388 1101 423 intelligunt:
1127 388 1139 414 5

378 425 429 450 Hic
440 432 468 449 in
480 420 587 449 reducta
600 418 669 445 valle
682 421 825 448 Caniculae
893 422 996 449 Vitabis
1009 422 1099 449 aestus.

555 455 623 482 Pers.
639 455 688 482 Sat.
703 465 726 489 3,
741 465 754 489 ,-
774 458 856 484 Siccas
871 458 958 485 insana
974 457 1100 485 Canicula

498 490 588 518 Rubra
603 492 730 519 Canicula
740 493 817 520 findit
830 494 924 521 statuas
943 496 1009 521 Hor.
1018 494 1099 519 Scrm.

843 530 954 557 FruCtus
975 528 1100 555 caniculis

59 427 124 453 Hor.
138 425 225 451 Carm.
239 433 260 457 1,
275 433 313 459 17,
329 432 358 457 ¹7

58 496 144 524 mess'es
164 497 219 524 Iam
233 496 335 523 dudum
348 494 447 529 coquit.

57 541 81 564 2,
94 539 117 565 ς,
131 539 171 564 39.
242 532 336 559 Sitiens
362 529 442 557 Ouid.
460 527 492 554 de
511 528 576 554 Arte
594 528 652 553 Am.
673 537 698 561 2,
718 537 769 561 231-

36 563 38 590 Ι
57 569 190 594 intereunt
218 567 293 594 Au&
308 566 341 593 de
353 564 444 592 Limit.
461 572 485 598 p.
501 571 549 595 ²59
575 564 647 603 Coe-[3
664 565 734 591 Plur.
750 575 857 598 numero,
873 576 918 602 quo
926 568 1008 591 vritur
1025 567 1099 590 etiam
1127 569 1156 587 ιο

54 602 149 630 Pallad.
163 602 223 630 061.
237 612 273 635 ιι,
287 607 300 633 8
320 599 503 628 Caniculamm
516 598 586 625 aestu
601 599 649 625 fati
670 607 728 627 atur
741 601 831 628 arbor.
869 604 898 628 Et
911 600 959 627 1u1.
974 603 1000 632 6,
1015 608 1024 626 1
1044 599 1097 625 Sub

30 651 31 655 ¹
54 645 115 666 ortu
129 639 320 666 Canicularum.
357 636 424 662 Haec
436 637 500 660 enim
513 636 599 661 melior
615 637 636 661 le
665 639 689 662 io
702 638 783 663 altera
797 636 1003 664 Canicularium.
1039 636 1099 662 Cae-

53 682 146 705 terum,
165 674 217 700 vid.
230 676 295 701 Iocus
307 671 374 699 Festi
393 673 420 696 in
434 670 566 697 Catularia
582 678 666 706 porta.
906 681 921 698 2
959 671 1096 704 Canicula,

48 718 98 746 pro
112 709 263 736 sideratione
275 715 299 735 et
311 706 527 733 carbunculationc
540 716 569 733 ex
585 708 641 734 MS.
659 708 790 735 adtributa
815 708 882 735 Plin.
899 712 933 740 18,
948 713 978 737 28
998 718 1013 734 a
1032 708 1098 734 Tur-

30 760 34 768 r
53 745 124 776 nebo,
148 745 253 772 Publica
270 743 331 770 haec
352 747 378 768 et
397 751 507 776 magnae
526 742 691 770 differentiae
710 753 724 770 a
745 743 895 778 prioribus,
920 743 980 769 aliis
997 743 1135 778 rubigi-13

31 810 32 813 ¹
52 789 130 812 nem,
150 781 209 807 aliis
232 778 382 809 vredinem‚
407 778 467 805 aliis
486 779 641 806 Caniculam
661 779 866 815 appellantibus,
894 779 1018 806 omnibus
1033 788 1098 806 vero

3 838 7 846 ,
33 843 35 845 ,
52 816 224 845 sterilitatem.
265 814 313 842 Sed
335 814 434 847 legitur
447 814 631 841 Carbunculus
646 819 672 841 in
685 815 759 841 editis
768 822 831 849 puto
842 814 969 847 omnihus,
996 824 1019 841 ct
1031 813 1098 842 reth

3 1221 6 1236 ι
44 1206 205 1243 exiii-pubis,
224 1213 250 1234 et
263 1208 386 1234 caricem.

0 1261 21 1273 μ,
45 1242 91 1274 bus
111 1243 278 1270 canicularis
296 1244 340 1271 Sol
359 1243 497 1271 ardentior
514 1245 606 1278 Veget.
628 1244 742 1271 Mulom.
765 1253 790 1278 3,
811 1246 852 1276 36.

0 1295 6 1314 μ
43 1279 199 1308 canicularis
219 1280 310 1307 Sidon.
324 1279 401 1314 Epist.
422 1288 449 1312 2,
464 1288 486 1307 2.

30 859 35 913 i
50 852 186 920 affigi&
199 885 216 911 s.
230 892 266 919 70
294 884 339 911 vbi
356 885 425 922 conf.
448 887 530 913 Hard.
550 895 578 914 vt
597 887 631 913 ad
644 888 660 913 l.
674 896 690 920 9
708 893 759 912 not.
773 888 832 912 mai.
847 896 886 920 14.

32 968 33 974 ¹
49 957 107 994 puit
129 955 263 983 mordicus
289 957 372 984 Plaut.
390 958 497 984 Curcul.
519 967 541 991 ς,
560 967 580 990 ι,
593 963 615 988 8.

357 848 378 888 ‘ff
399 859 411 882 3
450 851 591 884 Canicula,
613 851 694 887 pist-is
708 857 748 885 ap.
765 849 830 876 Plin.
846 858 887 883 32,
902 859 924 877 ιι
952 858 975 877 ct
983 855 1097 887 pracser-

1037 886 1098 927 ‘l.4

50 921 174 950 Canicula
189 923 325 946 conuicium
338 925 456 948 comicum
470 925 497 948 in
506 923 629 959 puellam,
655 922 683 948 dc
696 931 744 957 qua
757 921 875 953 dixerat,
901 922 1011 948 Manum
1031 932 1097 949 arri·
1110 930 1145 949 20

686 956 734 984 Sed
751 956 819 983 Gell.
838 965 866 990 4,
886 965 920 983 20
947 958 1098 986 Cauillator

48 992 154 1029 quidam
171 997 197 1018 et
208 992 350 1025 Canicula,
374 995 462 1020 melius
474 994 556 1020 editur
569 992 734 1024 Canabcola,
759 992 789 1018 de
803 1002 850 1029 quo
856 992 881 1029 s.
896 994 914 1019 l.
1042 994 1062 1032 ᾖ
1085 1003 1098 1028 5

97 1027 223 1056 Canicula
236 1031 264 1054 in
276 1029 356 1062 talis,
382 1029 435 1056 vid.
453 1036 470 1056 c
483 1038 503 1056 ,a
514 1038 552 1056 Nl
564 1037 576 1056 s
592 1037 653 1063 n.7.

46 1089 48 1091 ,
80 1065 291 1092 εΑΝιονιᾹ
300 1072 376 1097 nis,
397 1075 420 1092 e.
436 1065 496 1092 Adi.
522 1067 571 1098 Vt,
592 1065 654 1091 Dies
667 1063 845 1090 caniculares.
867 1063 1098 1091 Vet.Schol.Ger-

22 1096 25 1110 ”
47 1097 115 1128 manc
132 1099 162 1127 in
174 1101 261 1132 Cane,
281 1101 371 1127 Latini
391 1101 490 1128 Sirium
508 1100 660 1128 Caniculam
685 1106 798 1133 vocant,
823 1099 894 1126 vnde
908 1106 934 1127 ct
946 1100 1002 1126 dies
1017 1101 1096 1127 Cani·
1108 1108 1139 1134 23

47 1135 143 1165 eulares
157 1135 299 1168 dicuntur,
320 1136 393 1172 quia,
409 1136 536 1172 quamdiu
549 1136 592 1163 Sol
607 1137 635 1162 in
648 1136 703 1170 ipsa
717 1135 763 1167 est,
778 1135 900 1170 pestifera
913 1135 949 1176 est
961 1142 1005 1162 etc.
1042 1136 1097 1176 Pal-

44 1171 96 1200 lad.
114 1171 142 1198 in
160 1172 210 1198 Iul.
226 1180 235 1198 ι
256 1173 316 1198 Hoc
335 1173 422 1199 mense
441 1172 560 1204 Vtiliter,
585 1171 627 1199 vel
647 1179 707 1198 ante
722 1172 893 1198 Caniculares
915 1171 988 1204 dieS,
1013 1171 1096 1199 filices

456 1207 494 1235 Id.
507 1207 556 1235 Iul.
571 1215 587 1242 7
613 1207 804 1234 Inchoantibus
825 1207 1027 1235 Canicularibus
1040 1208 1096 1234 die-

921 1244 1096 1271 Inclemcntia

77 1321 126 1343 cA
138 1322 158 1342 N
173 1322 207 1342 ic
219 1321 240 1340 v
251 1323 268 1342 L
277 1317 326 1342 ᾸΤ
335 1323 393 1347 vs,
410 1324 435 1348 a,
448 1324 502 1342 um.
520 1314 602 1342 Aliud
614 1314 675 1342 Adi.
690 1321 729 1347 vt,
739 1314 832 1343 Herba
845 1314 991 1342 caniculata
1005 1316 1096 1343 Macer
1104 1288 1136 1312 ΞΟ

0 1365 5 1382 ,·
44 1358 120 1385 2535.
156 1352 215 1377 Vua
225 1351 371 1378 caniculam
389 1352 472 1378 Marc.
488 1352 588 1385 Empir.
603 1360 658 1386 cap.
673 1359 707 1383 13.

77 1393 95 1415 C
103 1395 125 1414 Α
135 1394 156 1414 N
166 1388 179 1413 f
189 1395 209 1413 N
219 1394 238 1413 v
247 1394 260 1414 S
269 1407 277 1420 ,
299 1397 323 1420 a,
345 1397 399 1413 um.
418 1388 480 1414 Adi.
516 1386 639 1422 [κύνειος]
676 1386 751 1422 Qod
760 1383 794 1419 1st
805 1388 877 1412 canis
885 1385 911 1421 s.
926 1386 956 1412 de
969 1395 1039 1420 cane,
1055 1393 1094 1420 vt,

0 1437 4 1453 ι
42 1423 143 1450 Canina
158 1423 233 1458 pellis
249 1422 368 1450 Scribon.
383 1425 434 1450 161.
470 1424 522 1450 Lac
537 1423 662 1449 caninum
693 1421 775 1449 Ouid.
790 1421 819 1447 in
834 1421 895 1448 Ibin
910 1430 970 1455 229.
1010 1424 1040 1449 Et
1054 1424 1096 1449 ab·

13 2318 20 2342 {¹
45 2311 108 2340 erba
125 2312 152 2340 se
169 2312 270 2348 priscae
284 2311 484 2348 significationis
502 2312 632 2340 admirari
651 2313 725 2340 dicit.

26 2349 35 2378 ’,
43 2356 75 2382 39
94 2348 170 2376 Cuius
182 2348 258 2375 verba
272 2348 384 2375 dedimus
396 2351 424 2375 in
445 2355 541 2377 CANl
550 2356 563 2376 s
583 2358 609 2375 n.
622 2351 640 2376 6
656 2349 765 2376 Icarius.
803 2350 871 2376 Add.
890 2352 963 2377 Idem
977 2353 1043 2378 fast.
1055 2364 1084 2386 4,
1095 2355 1131 2379 60

25 2464 28 2473 ¹
41 2466 43 2473 <
70 2469 74 2477 ·
86 2464 110 2482 ·r·
122 2456 149 2483 se
161 2455 320 2489 vehemens,
339 2462 366 2483 et
388 2457 432 2483 cui
451 2457 637 2492 praeoccidere
651 2458 799 2484 caniculam
812 2460 911 2485 necefl‘e
925 2459 964 2486 sit.

15 2519 18 2559 ἶ
31 2541 44 2561 .'
55 2525 232 2565 ‘glsaustralk
242 2531 286 2564 qui
291 2527 338 2563 fit,
351 2535 376 2555 et
388 2532 486 2556 oriatur
494 2530 585 2556 Italiae
593 2529 688 2566 serius,
696 2536 719 2556 ct
726 2532 804 2564 prius
814 2539 886 2565 quam
896 2531 1009 2564 Procyon
1022 2534 1086 2556 occi-

19 2563 23 2568 '
49 2577 54 2583 2
72 2582 79 2590 .
130 2563 219 2599 Lappa
233 2564 338 2591 canaria
356 2564 422 2591 Plin.
437 2574 483 2598 24,
501 2574 530 2598 19
545 2566 564 2592 s.
578 2567 628 2593 116.

15 2590 21 2595 ⁴
52 2598 72 2626 s.
86 2606 112 2632 51
130 2599 297 2627 Inuenerunt
311 2606 337 2627 et
350 2601 435 2628 Canes
448 2601 606 2634 Canariam,
627 2609 680 2636 qua
692 2599 831 2626 fastidium
845 2599 996 2634 deducunt,
1013 2610 1084 2628 eam-

20 2680 28 2690 ‘
44 2678 94 2698 uae
106 2669 146 2699 fit.
183 2671 297 2698 canaria
308 2674 384 2698 etiam
399 2671 486 2707 Insula
492 2681 544 2697 vna
558 2681 587 2699 ex
595 2674 744 2699 Fortunatis
756 2672 823 2698 Plin.
832 2668 905 2705 6‚*32.

21 2711 26 2714 ⁴
42 2707 63 2733 'i
74 2705 254 2733 Mauritaniae
267 2705 378 2741 populi,
398 2705 497 2742 quibus
504 2715 598 2734 canum
609 2707 696 2734 vibius
710 2708 876 2743 promiscuus
890 2709 928 2735 est
944 2710 1012 2736 Plin.
1030 2718 1053 2743 ς,
1063 2720 1082 2737 ι.

56 1460 122 1521 egrae
142 1459 257 1491 Canina,
278 1462 297 1486 i.
318 1459 397 1491 Caro,
418 1466 449 1486 vt
466 1461 562 1487 Varro.
583 1459 615 1485 de
629 1459 658 1484 L.
673 1458 702 1484 L.
718 1460 745 1490 6,
763 1466 776 1490 3
804 1458 884 1483 Canis
898 1459 1020 1485 caninam
1039 1468 1095 1485 non
1106 1464 1133 1490 33

242 1492 264 1532 ff
285 1504 301 1522 2
337 1495 454 1522 Caninus
488 1494 612 1529 [nummii¹
628 1492 743 1527 uvvddns]
782 1493 846 1519 Cani
854 1493 958 1527 fimitis.
996 1495 1094 1521 Dentes

41 1530 144 1563 canini,
173 1530 222 1566 qui
243 1531 389 1558 anteriores
412 1531 494 1564 latos,
528 1536 555 1557 et
578 1529 737 1565 posteriores
766 1529 884 1564 duplices
909 1529 1095 1558 discriminant

59 1565 106 1591 lin.
124 1575 156 1598 ιι,
169 1574 209 1601 37.
234 1568 308 1603 vulgo
323 1568 442 1594 Oculares
461 1572 562 1593 vocant.
597 1565 755 1606 Add3Varr.
771 1566 803 1592 R.
815 1566 848 1606 R.
864 1575 890 1606 2,
899 1574 926 1600 7,
940 1575 961 1599 3.
1034 1567 1095 1594 1510-

44 1601 147 1628 ·uentia
160 1602 253 1628 canina
274 1602 406 1636 Qrint‘hl.
420 1611 459 1635 12,
473 1610 500 1635 9,
513 1610 539 1634 9.
611 1603 730 1629 Camnae
740 1622 748 1635 ,
768 1608 797 1628 vt
813 1608 850 1628 ita
864 1601 951 1628 dicam
960 1622 967 1634 ,
984 1610 1093 1629 conten-

50 1636 118 1669 Jonis
131 1635 248 1671 iurgiosa
261 1638 412 1664 certamina.
440 1639 461 1664 1.
470 1637 579 1664 Firmic.
594 1638 678 1672 praef.
695 1647 714 1668 1,
731 1647 750 1670 4
773 1637 885 1664 Mathes.
922 1638 987 1664 Inde
1000 1641 1093 1666 canina
1104 1646 1140 1670 40

55 1680 99 1699 ro
112 1672 189 1698 latrat
205 1672 331 1700 facundia
342 1679 401 1700 toto
417 1673 495 1700 Prud.
509 1674 631 1700 Hamart.
643 1683 670 1700 v.
684 1682 749 1706 402.
822 1674 957 1701 Caninum
975 1674 1093 1702 studium

51 1707 265 1743 ·cupletillimum
286 1717 422 1744 quemque
440 1709 581 1736 allati-andi
615 1709 748 1736 Columel.
765 1717 773 1735 1
789 1714 833 1744 pr.
847 1718 873 1742 9.
928 1711 970 1737 Sic
988 1711 1094 1743 dicitur,

55 1746 111 1771 aius
122 1747 201 1770 omnis
215 1747 258 1771 vis
271 1747 300 1772 in
313 1745 471 1772 criminando
486 1751 510 1771 et
523 1745 686 1771 conuiciando
703 1744 786 1780 posita
805 1743 857 1777 est,
884 1752 907 1771 ct
918 1744 1094 1773 obtreciatori-

41 1788 95 1812 ιω,
113 1779 314 1816 acctifixtoribus,
334 1780 627 1816 rabulisqueforenstbm
639 1781 770 1807 tribuitur.
797 1780 857 1806 Vid.
871 1780 973 1808 Sallust.
987 1783 1091 1818 Fragm.

49 1823 90 1850 ap.
104 1823 142 1848 32,
157 1823 170 1848 3
179 1815 205 1850 s.
218 1824 243 1850 p.
261 1824 328 1850 1004
355 1817 423 1843 Cort.
436 1823 461 1842 et
481 1825 541 1851 quos
551 1816 594 1842 hic
604 1816 729 1842 laudauit.

20 1856 24 1863 ·
53 1856 147 1878 ocatur
166 1850 349 1885 abstemium,
375 1852 404 1878 in
419 1860 473 1886 quo
489 1850 561 1877 nihil
575 1851 636 1878 vini
649 1857 771 1886 potatur:
791 1853 922 1887 quoniam
938 1856 1008 1880 canis
1025 1856 1091 1882 vino

18 1890 23 1917 l
48 1892 104 1914 aret
124 1886 194 1913 Gell.
211 1895 243 1920 ¹3,
262 1896 302 1919 3ο.

12 1931 57 1955 22,
71 1931 100 1957 4,
114 1931 134 1956 4
153 1923 210 1948 Hac
222 1922 279 1955 ibo,
293 1921 415 1949 caninam
430 1923 549 1950 scaenam
556 1924 633 1958 spero
647 1923 788 1950 meliorem
802 1924 870 1951 fore.
910 1926 1010 1960 Optime
1019 1934 1092 1961 puto,

23 1972 25 1974 ν
55 1960 172 1984 ronouius
181 1961 237 1984 ita:
257 1957 408 1985 deliberanti
422 1960 565 1991 Stalinoni,
585 1968 631 1994 quo
638 1959 667 1995 se
682 1966 807 1992 verteret,
822 1962 909 1995 placet
922 1961 996 1997 finini
1009 1962 1092 1998 auspi-

11 1990 21 2018 ².
44 1996 107 2025 ium,
128 1992 196 2030 quod
205 1992 324 2030 faciebat
343 1994 429 2021 Canis.
604 1994 609 1999 ”
1012 1997 1016 2001 ”

38 2042 40 2044 ·
62 2028 225 2067 mftquitur,
245 2029 342 2057 incedit
359 2033 388 2057 in
411 2031 500 2057 Canem
512 2029 566 2064 fibi
585 2031 768 2063 oblatrantem,
788 2040 890 2058 uxorem
899 2032 985 2068 suam.

16 2087 17 2091 ,
39 2074 44 2079 “
60 2071 78 2092 C
92 2071 116 2092 A
127 2071 145 2092 E
159 2071 181 2092 V
195 2072 228 2092 A.

381 1887 478 1913 Scaeua
494 1887 589 1913 canina
608 1897 669 1923 quae
681 1887 736 1921 fit,
769 1892 903 1923 quaeritur
935 1890 1017 1916 Plaut.
1034 1892 1092 1918 Cas.

489 1995 546 2021 Hoc
558 1996 711 2030 auspicium,
732 1995 799 2021 hanc
820 1997 940 2022 scaeuam
960 2006 1091 2029 caninam,
1104 2002 1136 2028 50

1030 2034 1090 2061 Vid.

65 2106 83 2128 C
92 2107 114 2128 A
123 2107 175 2128 NA
184 2107 204 2127 R
213 2108 223 2127 1
232 2107 253 2126 v
263 2107 277 2127 s
285 2120 294 2133 ,
328 2109 352 2133 a,
377 2109 432 2127 um.
458 2099 520 2127 Adi.
549 2107 595 2133 vt,
628 2101 774 2128 Canarium
795 2102 954 2130 sacrificium
963 2124 971 2137 ,
1009 2105 1090 2137 Quod

41 2135 110 2164 lebat
123 2145 173 2171 pro
186 2135 312 2170 frugibus
326 2136 504 2171 deprecandae
517 2136 645 2163 saeuitiae
657 2138 731 2163 causa
744 2137 836 2165 fideris
849 2139 1000 2165 Caniculae.
1021 2141 1090 2164 Haec

41 2171 135 2203 ¹estus,
151 2181 210 2198 uoce
231 2179 380 2199 Rv‘r1LAE
400 2178 510 2199 CANES.
528 2171 598 2198 Add.
613 2178 808 2199 CATvLAmA
826 2179 913 2206 porta.
933 2173 1000 2198 Idem
1017 2182 1088 2198 voca·
1100 2179 1127 2205 55

20 2210 23 2214 '
41 2216 71 2234 ur
84 2207 235 2242 Augurium
250 2208 399 2233 canarium.
421 2207 487 2232 Plin.
501 2211 536 2237 18,
548 2215 562 2238 3
582 2207 704 2240 Augurio
716 2207 824 2232 canario
837 2207 940 2241 agendo
954 2207 1010 2233 dies
1025 2217 1087 2234 con-

43 2242 166 2274 tituatur,
185 2243 342 2276 priusquam
354 2242 489 2268 frumenta
502 2241 609 2275 vaginas
622 2247 724 2273 exeant,
739 2247 765 2268 et
779 2248 921 2278 antequam
936 2243 965 2270 in
979 2245 1086 2279 vaginas

42 2277 190 2304 erueniant.
226 2277 312 2313 Posuit
325 2274 374 2309 ista
391 2276 509 2310 Plinius,
529 2286 559 2303 ex
574 2277 1087 2351 CommentariisCI’thitgu-rcrlr‚Fetstipsa

801 2324 856 2341 on.
904 2325 959 2341 ui.
996 2325 1008 2342 a
1034 2326 1083 2350 .4,

43 2389 76 2415 08
87 2390 112 2411 et
124 2385 175 2418 936
229 2384 363 2411 Columel.
377 2393 416 2417 10,
429 2393 485 2418 343.
510 2385 554 2411 vbi
561 2385 724 2420 probauimus
740 2388 862 2412 rationem
878 2388 1023 2419 Horarum,
1041 2392 1085 2424 qui

49 2433 51 2436 .
69 2419 282 2457 boe-sacrificium
294 2424 369 2447 etiam
383 2420 473 2457 refert.
528 2421 596 2448 Plin.
610 2426 645 2454 18,
658 2430 692 2455 29
706 2422 725 2448 s.
740 2424 774 2455 69
795 2422 876 2449 Canis
890 2424 1085 2486 occidit,(l:idus

67 2499 83 2519 a
99 2495 164 2520 enim
178 2491 226 2528 stu
250 2493 371 2525 Procyon
389 2502 439 2519 non
456 2493 639 2527 occiditante,
657 2493 706 2530 Jed
722 2492 777 2529 post
799 2504 902 2527 canem,
924 2504 978 2521 cum
996 2469 1086 2525 CaariiIS,

699 2565 812 2591 Canaria
839 2565 924 2591 Herba
952 2565 1026 2592 Idem
1040 2574 1082 2599 ις,

43 2643 77 2662 ue
89 2635 120 2662 in
137 2635 229 2663 nostro
243 2635 385 2670 conspedhr
399 2636 608 2669 mandunt‚·sed
629 2637 677 2667 ita,
690 2641 719 2662 vt
737 2645 885 2671 numquam
905 2637 1083 2701 intglliffiatur,

961 2684 985 2699 lc
1022 2684 1072 2701 ana
1103 2719 1139 2746 70

61 2741 266 2768 c‘ANATIM.
283 2742 353 2769 Adu.
371 2739 504 2776 [κυηθὲν]
540 2743 687 2780 obsoletum,
703 2744 772 2779 apud
791 2744 937 2779 Nigidium
952 2755 1082 2781 gramma-

49 2785 111 2803 cum
130 2776 226 2804 Nonio
240 2785 261 2810 1,
279 2786 335 2811 190.
351 2781 395 2814 qui
406 2781 606 2813 interpretatur,
633 2788 726 2806 canum
741 2789 845 2815 genere.

63 2818 81 2840 c
89 2819 110 2839 Α
118 2819 141 2839 Ν
149 2819 159 2839 1
169 2819 186 2839 F
193 2819 213 2840 o
221 2819 241 2840 R
248 2820 276 2840 M
283 2821 294 2840 1
302 2820 316 2840 s
326 2833 336 2846 ‚
357 2822 380 2840 e.
393 2814 454 2841 Adi.
468 2814 593 2842 Prudent.
602 2815 699 2850 Apoth.
713 2825 739 2843 v.
752 2824 796 2850 195
815 2818 892 2851 Qiae
904 2817 1082 2845 caniformem

0 2854 9 2878 ι
22 2878 25 2883 .
49 2853 232 2884 atrantemque
247 2848 348 2876 throno
360 2850 428 2876 caeli
441 2857 573 2886 proponat
588 2851 728 2879 Anubem?
769 2854 859 2880 Veitur
871 2855 946 2880 etiam
959 2854 988 2880 de
1001 2853 1083 2881 eodem

0 2889 11 2913 t
50 2882 117 2911 allus
133 2883 274 2912 Confeffor
298 2885 380 2912 Serm.
394 2895 416 2912 c.
431 2894 453 2919 ς.

18 3121 24 3128 ,
45 3106 94 3124 ore
107 3096 234 3126 canistris.

28 3290 37 3306 r:
57 3283 366 3312 CANISTELLVM‚
387 3281 407 3307 i.
425 3291 452 3308 n.
473 3282 575 3311 Dimin.
597 3284 627 3311 in
645 3284 725 3311 Glom
746 3284 854 3317 cyrilli.
877 3284 908 3312 Et
927 3284 1076 3318 symmach.

17 3308 38 3368 ἲ
61 3312 101 3340 ist.
109 3322 146 3376 {a
151 3318 184 3377 82:
192 3314 306 3378 22²¹}OE
319 3315 400 3343 carust⁴
400 3316 460 3344 cuis
472 3319 603 3354 argenteis
615 3319 760 3348 honoraui.
777 3320 844 3348 adde
856 3320 937 3357 Epist.
951 3329 978 3357 7,
995 3324 1039 3359 76.
1051 3329 1076 3350 et

30 3369 39 3387 ,
82 3368 97 3377 ..
278 3369 285 3377 .

27 3716 30 3723 ¹
46 3701 63 3726 η’,
75 3708 86 3728 ³³
100 3720 113 3741 .¹¹
147 3719 155 3735 ’ὑ
172 3717 207 3742 ¹²,
230 3715 264 3743 ¹8,
279 3719 293 3745 ς
323 3713 414 3740 Canna
425 3713 510 3740 viridi
528 3713 647 3741 scindere
661 3714 748 3741 oliuae
758 3714 787 3741 iu
808 3721 843 3742 et.

58 2922 106 2947 ΘΑ
116 2927 139 2946 Ν
147 2927 157 2947 1
165 2927 210 2948 εἰ·
219 2927 238 2948 R
247 2927 319 2954 VM,
339 2921 358 2948 i.
373 2930 399 2948 n.
421 2921 580 2959 [κόνκςρον]
598 2923 696 2950 Dimin.
704 2924 808 2956 aCana,
821 2933 880 2951 v.v.
891 2924 1003 2961 Fili-ella,
1017 2923 1081 2959 cista
1099 2895 1130 2924 7³

47 2957 140 2982 'minem
160 2955 236 2992 Virg.
244 2957 308 2984 Aen.
316 2965 395 2993 1,705
406 2957 588 2994 Cereremque
595 2959 714 2986 canistris
748 2960 906 2995 Expediunt.
923 2961 980 2988 Cic.
989 2964 1043 2989 Att.
1052 2964 1079 2996 6,

54 2991 185 3019 Lauibus
203 2998 230 3020 et
247 2993 458 3029 splendidissimis
471 2995 602 3027 canistris,
618 3004 674 3022 non
687 2995 814 3023 olusculis
827 3006 876 3023 nos
889 2997 954 3024 soles
968 2999 1080 3033 pascere.

42 3032 46 3046 ³
62 3025 109 3053 uid.
121 3027 187 3056 Met.
200 3037 227 3061 2,
240 3035 284 3064 713
303 3030 371 3057 Pura
387 3031 521 3058 coronatis
535 3031 678 3067 portabant
690 3033 761 3059 sacra
777 3033 905 3060 canistris.
935 3035 1080 3070 DeJcriptio

39 3061 254 3097 anephororum.
322 3064 397 3093 Idem
411 3066 477 3094 Fast.
489 3077 520 3102 4,
531 3075 578 3101 431
604 3068 639 3095 At
660 3067 759 3095 chorus
775 3069 910 3104 aequalis,
937 3071 1078 3097 cumulatis
1100 3079 1132 3105 80

272 3105 275 3108 “
305 3100 371 3128 Lata
390 3101 430 3128 1d.
443 3103 510 3130 Fast.
523 3112 550 3136 2,
562 3105 621 3137 630.
693 3105 784 3132 Patula
800 3105 883 3132 Ouid.
896 3106 960 3132 Met.
976 3112 1000 3139 8,
1015 3109 1078 3142 676.

54 3133 111 3160 enis
123 3133 243 3162 canistri·
255 3143 388 3172 apponere
399 3137 496 3172 pabula
513 3140 588 3175 Vir-g.
598 3141 696 3177 Georg.
712 3149 740 3174 4,
755 3146 813 3171 280.

61 3175 78 3204 7
93 3169 272 3206 Tellurisque
285 3180 373 3205 comas
384 3173 463 3201 sacris
475 3180 561 3210 aptate
574 3176 710 3210 canistris,
727 3180 745 3204 i.
752 3177 844 3213 flores.
886 3141 1019 3169 celumd·
1039 3152 1079 3176 10,

59 3211 288 3240 CANISTER,
316 3207 362 3235 tri.
384 3217 420 3236 m.
449 3210 524 3238 Idem.
556 3211 598 3239 Sic
618 3212 731 3247 Salignis
750 3212 877 3240 canistros
899 3212 960 3241 fieri
978 3213 1079 3242 debere

74 3254 80 3271 3
115 3241 164 3275 tis,
177 3245 308 3278 praecipit
317 3243 447 3273 Palladius
464 3246 617 3275 Nouembr.
635 3256 674 3283 17,
689 3257 707 3275 1.

55 3387 269 3422 calm-rins,
305 3393 538 3422 camrvno,
572 3391 628 3419 vid.
654 3398 798 3420 CANVS.
871 3415 876 3422 ,

50 3421 172 3451 ,ΕΛΚ-Ν
180 3428 219 3456 A,
240 3431 279 3450 ae.
297 3423 317 3450 f.
344 3424 452 3460 [κᾶννκ,
471 3423 561 3462 δόναξ]
591 3427 728 3456 Calamus:
752 3437 799 3464 quo
819 3430 848 3454 in
869 3431 965 3457 nomine
984 3430 1075 3467 dtfcri-
1095 3443 1132 3470 90

58 3487 71 3495 μ
91 3457 189 3495 quale—cu
232 3467 261 3485 ue
280 3461 348 3486 inter
367 3459 522 3494 Calamum,
548 3463 730 3497 Arundinem,
756 3464 876 3491 Cannam
898 3465 1076 3500 iudicauimus,

62 3493 83 3511 ¹*
127 3500 183 3521 ·mm
195 3503 207 3520 e
227 3494 239 3520 ἑ
251 3493 367 3529 constans
373 3495 440 3532 faffi
451 3497 547 3533 ficmus.
591 3498 724 3527 Columel.
744 3507 771 3535 7,
786 3508 813 3533 9,
827 3507 846 3536 7
866 3500 991 3537 Namque
1005 3508 1032 3530 et
1045 3503 1075 3531 id

105 3547 107 3549 v
119 3535 140 3569 Qu
153 3549 156 3552 ,
182 3529 236 3557 ime
249 3539 296 3566 per
308 3532 432 3559 aestatem
445 3533 565 3568 profuit,
584 3539 610 3562 et
626 3534 715 3563 dulces
729 3536 822 3563 eruiffe
842 3535 972 3565 radiculas
993 3547 1076 3574 aqua-

131 3585 141 3588 .,
178 3584 188 3598 ‚
208 3571 336 3602 tanquam
347 3569 445 3604 scirpi,
472 3569 600 3604 iuncique
620 3577 647 3598 et
661 3571 800 3608 degeneris
819 3571 973 3606 arundinis,
993 3584 1075 3610 quam

150 3620 152 3623 .
201 3611 238 3629 m
252 3609 358 3632 vocant.
430 3604 505 3632 Idem
518 3614 545 3639 4,
558 3614 597 3640 3²,
611 3615 623 3640 3
645 3608 751 3636 Cannae
771 3608 881 3641 fimilis,
897 3609 1000 3637 arundo

45 3660 56 3674 ,ἱ
67 3672 70 3673 7
159 3637 198 3664 Id.
213 3647 250 3672 ια,
262 3647 304 3674 ςο,
317 3649 338 3674 4
372 3641 474 3668 Cannas
495 3641 569 3677 spisse
587 3647 670 3670 textas
687 3650 813 3671 memorat.
884 3644 982 3672 Pallad.
993 3647 1074 3675 Mart.

85 3671 203 3710 5⁰⁸³&ss
219 3683 253 3702 ex
269 3676 362 3704 Canna
375 3677 511 3704 canalibus
529 3677 582 3704 mel
611 3677 765 3706 infunditur
800 3688 829 3706 ro
849 3679 940 3744 αρὶῠᾸιέτ1
955 3686 1073 3719 aegrotis.

958 3726 1073 3746 cameras

422 3750 501 3776 Circa
521 3749 590 3776 vites
611 3749 790 3785 disponuntur
807 3750 842 3777 ad
859 3750 1074 3789 eas-sustinendas

193 3745 257 3774 Pall-
278 3755 298 3781 1,
313 3755 348 3782 13.

115 3810 164 3852 'qui
181 3801 263 3849 vol-et»,
288 3819 392 3856 sqciler
454 3825 491 3850 et,
536 3823 592 3849 Hoc
611 3825 685 3849 etiam
700 3824 848 3856 Poetarum,
873 3832 933 3859 quae
951 3824 1073 3859 dabimus,

105 3854 116 3886 Ἀ
176 3866 179 3873 ·
275 3854 358 3883 Ouid.
369 3857 436 3891 Met.
449 3862 474 3891 ε,
485 3866 533 3894 337
553 3859 586 3885 Et
597 3857 676 3893 longa
691 3867 788 3894 paruae
808 3858 856 3885 sub
869 3860 1000 3889 arundine
1013 3871 1073 3890 can-

85 3891 103 3912 ’.-
116 3886 212 3914 ouum
222 3891 291 3917 inter
304 3893 524 3923 cammarundo.
539 3905 542 3907 ·
562 3897 655 3931 Nempe
668 3903 778 3922 cannam
796 3898 930 3929 minorem,
955 3897 1024 3924 modo
1042 3907 1072 3925 ex

52 3933 54 3939 ¹
68 3932 77 3937 ‘¹
112 3926 121 3941 ⁷⁴
284 3928 289 3933 ’
449 3949 455 3956 .
469 3937 497 3966 7,
507 3938 534 3964 9,
549 3938 568 3966 7
585 3931 729 3966 Degeneris
742 3931 880 3958 arundinis
889 3952 898 3965 ‚
919 3940 999 3967 quam
1012 3933 1070 3961 vul-

42 3949 190 3986 Q
198 3967 294 3991 yocat.
338 3929 449 3993 Off
456 3965 524 3996 rast.
536 3969 564 4002 6,
577 3969 633 4001 406
656 3966 706 3995 Nil
721 3973 827 4003 praeter
844 3967 954 4003 salice»,

800 1816 945 1843 Prandium
958 1819 1091 1851 caninum,
1117 1820 1151 1846 45

1110 2532 1142 2563 65

1148 3146 1225 3181 Virg.
1239 3147 1293 3174 Ecl.
1315 3156 1336 3180 1,
1358 3155 1400 3183 57.

1148 3191 1187 3215 ιο,
1203 3191 1241 3216 ι4.

1146 3221 1218 3245 nitur
1231 3228 1345 3252 carmen,
1365 3227 1426 3256 opus
1441 3223 1537 3248 Poetae.

1098 3257 1127 3286 83
1147 3254 1249 3282 fuerint
1262 3261 1323 3282 ante
1335 3257 1485 3284 Homerum
1502 3258 1607 3290 Poetae,
1623 3257 1697 3292 quod
1712 3265 1744 3284 ex
1757 3257 1791 3283 iis
1804 3258 1966 3286 carminibus
1978 3261 2096 3298 intelligi
2111 3265 2206 3299 potest,

1146 3299 1214 3325 quae
1235 3291 1305 3326 apud
1328 3292 1406 3319 illum
1426 3299 1453 3320 et
1473 3293 1503 3320 in
1521 3293 1667 3320 Phaeacum
1687 3300 1713 3319 et
1731 3293 1760 3319 In
1777 3302 1922 3328 procorum
1951 3297 2035 3331 epulis
2063 3308 2203 3327 canuntur.

1145 3328 1188 3354 Sic
1202 3327 1284 3354 Ouid.
1299 3328 1364 3355 Fast.
1380 3337 1402 3362 3,
1416 3334 1471 3361 380.
1508 3344 1554 3349 —
1591 3330 1622 3356 Et
1635 3328 1668 3356 ad
1682 3335 1767 3356 certos
1781 3328 1863 3356 verba
1875 3333 1991 3360 canenda
2005 3336 2108 3362 modos.
2147 3336 2204 3370 Qi

1145 3363 1252 3398 pueris»,
1274 3363 1501 3397 adolescentibus,
1520 3371 1546 3392 et
1564 3364 1669 3392 senibus
1689 3365 1756 3391 vtile
1775 3373 1882 3393 carmen
1894 3375 2049 3403 promturus
2062 3372 2097 3398 est
2108 3392 2117 3404 ,
2138 3372 2160 3398 is
2173 3373 2202 3398 in

1144 3398 1241 3426 mediis
1255 3400 1378 3428 millibus
1391 3400 1532 3428 hominum
1552 3407 1627 3428 canat
1651 3401 1729 3436 Apul.
1745 3400 1816 3428 Flor.
1830 3410 1843 3434 3
1858 3412 1884 3437 p.
1894 3409 1948 3437 358.

1143 3442 1280 3463 mentorum
1298 3443 1380 3463 tamen
1403 3441 1477 3464 etiam
1493 3437 1682 3464 modulationem
1697 3441 1865 3472 pertinet..v.
1878 3448 1905 3476 g.

1143 3479 1167 3498 c.
1179 3479 1195 3498 2
1219 3472 1306 3507 Igitur
1327 3479 1353 3499 et
1365 3472 1577 3507 Epaminondas,
1596 3475 1717 3508 princeps
1736 3482 1797 3500 meo
1814 3474 1919 3503 iudicio
1938 3477 2080 3508 Graeciae,
2101 3478 2200 3505 fidibus

1144 3507 1278 3543 praeclare
1291 3509 1412 3536 cecinisse
1426 3509 1534 3536 dicitur.

1143 3552 1200 3578 quo
1219 3545 1337 3577 canitur,
1353 3544 1530 3572 similitudine
1549 3553 1647 3571 nomen
1666 3545 1779 3573 inuenit.

1585 161 1840 203 CAN
2146 184 2219 224 730

1169 253 1220 279 que
1234 252 1315 283 canna
1330 244 1393 272 fuit.
1465 248 1586 277 Palustris
1605 251 1677 277 Idem
1692 251 1724 279 de
1739 253 1814 280 Rem.
1831 253 1923 281 Amor.
1940 262 1993 289 142.
2066 258 2104 285 Id.
2118 261 2182 288 Met.
2192 263 2219 293 6,

1168 281 1218 312 326
1253 281 1387 321 Aravetus
1401 281 1481 309 stabat
1492 287 1611 312 {ramilis
1626 289 1786 316 circumdata
1799 290 1896 317 cannis.
1932 292 2022 318 Canna
2031 292 2107 327 fiebat
2119 294 2219 330 fistula,

1168 315 1234 341 vnde
1271 316 1316 341 bil.
1333 324 1359 351 7,
1374 325 1424 350 439
1454 320 1551 358 Arguta
1567 331 1692 349 reuocans
1710 325 1740 350 ad
1757 326 1858 352 roscida
1874 327 1965 361 pascua
1985 336 2074 354 tanna.
2136 332 2219 358 Ouid.

1169 351 1233 392 Met.
1247 359 1272 382 z,
1284 353 1333 380 682.
1370 368 1415 392 —7-
1451 353 1538 389 d1spar
1553 357 1662 391 srpteuis
1677 359 1761 387 fistula
1775 362 1872 388 canitis.
1910 362 1957 388 Sed
1986 363 2034 389 uod
2047 364 2094 389 huc
2105 368 2220 401 reflrunt

1168 385 1268 421 quidam
1291 387 1367 429 Stat.
1381 387 1446 414 suu.
1469 398 1495 422 1,
1517 393 1532 416 6
1542 411 1548 422 ,
1574 401 1597 424 ις
1628 395 1657 420 Et
1672 405 1734 429 quas
1749 398 1888 432 percoquit
1902 398 1959 424 Eho
1971 406 2006 425 ita
2020 408 2123 432 cannas,
2145 410 2165 427 ct
2180 413 2221 429 cas

1169 422 1270 448 Cannas
1284 424 1439 464 intelligunt,
1459 435 1487 451 ex
1502 433 1587 461 qinons
1603 430 1909 467 jin-charonicapo-unitur
1924 441 1946 460 et
1959 438 2083 470 coquitur,
2103 446 2128 461 m
2144 447 2169 463 co
2184 442 2220 464 oi-

1168 457 1259 484 dentur
1280 468 1356 484 nimis
1373 464 1502 495 antiquam
1522 464 1612 498 jacere
1633 465 1752 493 Sacchari
1778 473 1904 496 notitiam.
1967 472 2050 497 Placet
2071 472 2221 506 Saloninam

1168 493 1304 520 emendatio
1318 495 1353 520 ad
1364 496 1440 522 Solin.
1456 505 1480 531 p.
1495 500 1550 529 658.
1566 499 1673 533 probata
1683 502 1814 531 Gronouio.
1872 506 1904 533 Et
1919 515 1982 541 quas
1998 507 2138 543 percoquit
2152 508 2219 535 Ebo-

1168 530 1209 554 sea
1223 530 1343 569 Cannas,
1352 533 1370 556 i.
1381 531 1466 566 sicus,
1488 534 1597 574 vids&
1616 542 1633 561 C
1643 543 1663 561 A
1674 543 1692 561 V
1705 543 1724 561 N
1736 545 1753 563 v
1766 545 1789 565 s.

1201 572 1250 605 §A
1260 573 1280 591 N
1292 573 1311 591 N
1322 574 1341 591 v
1351 574 1412 597 LA,
1433 576 1471 594 ae.
1485 568 1504 595 f.
1521 569 1623 597 Dunin.
1648 571 1697 604 Vt,
1717 573 1799 600 Parua
1815 576 1899 602 castula
1915 577 2034 604 cannulis
2046 584 2146 604 temere
2159 587 2220 605 con·

1166 606 1235 640 tecta
1257 601 1334 641 Apul.
1353 603 1418 629 Met.
1439 613 1494 643 4‚P⁴
1510 613 1564 637 145.
1636 607 1667 633 Et
1689 609 1818 642 quoniam
1839 613 1972 644 perforata
1993 623 2073 640 canna
2091 615 2126 640 est
2141 614 2222 642 instar

1166 636 1265 668 tibiae,
1287 646 1367 663 ctiam
1381 638 1415 664 ad
1434 639 1500 665 alios
1519 641 1579 667 vsus
1599 643 1710 669 cannula
1730 643 1880 673 adhibetur.
1907 655 1950 681 vt,
1972 650 2083 676 Puluere
2103 659 2149 685 per
2163 659 2221 677 can-

1165 673 1241 698 nulas
1265 674 1314 706 (in
1331 674 1442 709 uulnus)
1461 675 1539 701 illato
1564 677 1643 705 Mart.
1661 679 1767 713 Capella
1782 681 1829 707 lib.
1844 691 1855 713 3
1871 683 1916 716 sub
1935 688 2054 718 initium,
2076 687 2094 712 s.
2110 696 2133 721 p.
2146 695 2193 719 49·

1203 715 1249 735 CA
1260 716 1281 734 N
1292 715 1410 742 NEVS,
1432 719 1457 743 a,
1479 720 1533 738 um.
1559 712 1619 739 Adi.
1656 714 1831 751 [καλάμινος]
1856 719 1989 747 Columcl.
2004 730 2038 754 12,
2053 731 2092 754 50,
2108 727 2120 753 8
2152 723 2221 749 Con-

1165 744 1230 771 chae
1242 745 1363 777 ferreae,
1383 745 1481 780 quibus
1501 747 1623 781 dcplctur
1636 751 1742 777 oleum:
1767 754 1906 786 opercula,
1928 756 2024 789 quibus
2045 759 2104 784 vasa
2122 758 2223 785 olearia

1166 788 1356 815 conteguntur:
1377 782 1501 816 spongiae
1514 785 1629 811 maiores
1650 792 1676 812 et
1695 786 1827 814 minores:
1852 790 1924 816 vrcei
1938 792 2036 826 quibus
2056 793 2146 820 oleum
2161 803 2222 830 pro-

1166 817 1284 852 geritur:
1304 826 1416 844 canneae
1430 824 1543 853 tegetes,
1565 820 1662 854 qiuibus
1677 822 1751 849 oliua
1767 824 1907 858 excipitur.

1202 859 1311 880 CANN
1323 855 1401 881 ἐΤν
1410 861 1452 887 Μ,
1473 854 1491 881 i.
1513 864 1538 881 n.
1576 856 1629 889 [τοὶ
1643 856 1801 894 καλαμώδη]
1844 862 1931 891 Locus,
1950 861 1995 887 vbi
2007 872 2100 890 cannae
2116 864 2221 899 consita·

1159 887 1231 924 sunt.
1270 888 1402 916 Palladius
1417 890 1494 917 Febr.
1509 899 1550 923 23,
1564 899 1574 917 1
1603 892 1715 925 Lilieta,
1733 901 1841 922 canneta
1855 897 1975 931 ponenda
1989 899 2056 925 sunt.

1203 931 1251 951 CA
1261 932 1281 950 N
1291 932 1356 953 Nic
1366 934 1375 952 1
1385 933 1448 959 ΑΕ,
1479 935 1564 953 arum.
1591 928 1609 954 f.
1631 928 1665 964 pl.
1688 930 1769 955 Locus
1782 936 1870 957 cannis
1884 933 1981 966 obstrus.
2005 936 2140 963 Innocent.
2156 937 2221 965 edit.

1167 960 1256 986 Goefii
1278 970 1301 994 p.
1318 970 1363 994 223
1385 962 1438 989 Sub
1458 963 1482 989 se
1494 963 1624 990 canuicias
1637 970 1663 991 ct
1675 973 1716 991 res
1730 966 1853 1000 palustres
1868 967 1955 995 habet.

1203 1002 1448 1031 CANN1C1vs,
1468 1008 1491 1030 a,
1513 1008 1568 1026 um.
1590 1000 1650 1027 Adi.
1684 1002 1787 1028 Titulus
1807 1000 1840 1035 est
1861 1004 1929 1038 apud
1949 1004 2095 1032 Palladium
2111 1015 2130 1039 1,
2147 1017 2168 1040 ι3
2190 1009 2223 1035 de

1166 1031 1286 1057 Cameris
1301 1038 1327 1058 et
1339 1034 1475 1060 canniciis.
1510 1035 1558 1061 Sed
1569 1036 1632 1062 illud
1651 1038 1739 1063 melius
1750 1036 1825 1071 abest.
1862 1039 1989 1065 Caeterum
2003 1041 2043 1073 stc
2055 1050 2110 1075 att,
2131 1044 2223 1071 Came-

1166 1076 1207 1093 ras
1222 1067 1250 1093 in
1263 1068 1408 1102 agrestibus
1421 1070 1568 1104 aedificiis,
1596 1080 1628 1098 ex
1641 1081 1670 1099 ea
1692 1074 1803 1100 materia
1816 1074 1910 1101 Vtilius
1931 1075 1983 1101 erit
1999 1077 2133 1110 formare,
2155 1088 2223 1114 quae

1166 1103 1245 1129 facile
1269 1103 1423 1132 inuenietur
1443 1107 1473 1133 in
1494 1107 1568 1134 villa.
1621 1109 1715 1144 Itaque
1739 1117 1784 1137 aut
1802 1110 1899 1137 tabulis
1923 1111 2068 1145 faciemus,
2102 1120 2147 1140 aut
2166 1124 2224 1141 can-

1165 1139 1223 1172 nis,
1244 1139 1295 1166 hoc
1315 1149 1420 1174 genere.

1201 1182 1387 1209 CANNAE‚
1425 1186 1510 1204 arum.
1536 1184 1634 1205 tantum
1652 1181 1690 1215 pl.
1729 1180 1865 1216 [Koe'woq]
1907 1183 1985 1209 Vicus
2004 1185 2033 1209 in
2044 1184 2156 1218 Apulia,
2177 1186 2224 1212 Ro-

1163 1220 1293 1238 manorum
1313 1212 1382 1239 clade
1405 1214 1505 1245 clarus,
1531 1214 1560 1241 dc
1575 1225 1622 1250 qua
1641 1218 1719 1242 multa
1739 1218 1829 1243 Liuius
1841 1226 1884 1250 22,
1904 1226 1942 1253 47
1958 1219 1995 1254 sq.
2041 1220 2110 1245 Hinc
2130 1220 2225 1248 Florus

1165 1255 1192 1279 2,
1206 1249 1223 1273 6
1250 1248 1369 1282 Capuam
1396 1249 1462 1284 (vbi
1481 1254 1605 1277 exercitus
1625 1252 1694 1278 illius
1712 1254 1839 1289 voluptate
1856 1262 1991 1290 corruptus
2010 1252 2066 1290 est)
2096 1256 2225 1283 Annibali

1163 1282 1240 1309 fuisse
1258 1284 1370 1311 Cannas.
1452 1285 1593 1313 succensae
1613 1288 1721 1315 Cannae
1740 1289 1861 1324 lampade
1879 1290 1966 1323 Libya
1996 1291 2105 1318 Lucano
2126 1300 2153 1327 7,
2175 1298 2226 1322 800

1162 1326 1287 1346 vocantur
1308 1320 1364 1356 ipfil
1385 1328 1491 1357 corpora
1515 1324 1680 1350 Romanorum
1702 1325 1772 1362 caesa
1791 1325 1858 1362 apud
1870 1326 1980 1359 Cannas,
2000 1336 2060 1363 quae
2080 1328 2149 1364 iuffit
2163 1338 2226 1356 com—

1163 1355 1236 1387 buri,
1257 1362 1281 1381 et
1287 1356 1431 1392 sepulturae
1451 1358 1568 1385 mmzdari
1583 1360 1704 1387 Annibal.

1201 1397 1248 1417 ca
1259 1399 1310 1418 NN
1321 1399 1337 1419 E
1348 1400 1409 1419 Nsi
1420 1401 1450 1425 s,
1481 1403 1505 1420 e.
1525 1394 1585 1421 Adi.
1625 1397 1674 1428 Vt,
1698 1396 1841 1423 Calamitas
1864 1398 2006 1425 Cannensis
2033 1398 2090 1426 Cic.
2106 1399 2139 1426 de
2153 1400 2225 1427 Clar.

1164 1427 1239 1453 Orat.
1256 1435 1289 1453 ιε.
1365 1429 1508 1456 Cursorem
1529 1431 1694 1458 Cannensem
1721 1433 1847 1459 Titinius
1861 1443 1910 1468 pro
1925 1434 2026 1461 Pistore
2039 1435 2127 1468 dixit,
2148 1437 2226 1464 Festo
2247 1468 2250 1470 .

1163 1464 1305 1501 rejerente:
1325 1465 1353 1489 in
1371 1473 1418 1499 quo
1435 1466 1486 1491 loco
1505 1467 1545 1492 vc!
1557 1467 1702 1501 explicando
1721 1471 1762 1494 vel
1775 1469 1924 1495 emendando
1939 1478 2034 1505 operam
2047 1471 2129 1498 adhuc
2148 1473 2226 1508 lusam

1165 1497 1209 1531 este
1222 1498 1344 1525 arbitror.
1401 1501 1490 1534 Pugna
1502 1502 1644 1529 Canncnfis
1661 1504 1781 1538 Propert.
1796 1513 1819 1537 3,
1834 1513 1857 1537 3,
1872 1513 1909 1530 ιο.
1971 1506 2027 1532 Cic.
2043 1507 2120 1533 Verr.
2135 1515 2148 1540 ς
2163 1517 2185 1534 c.
2202 1517 2225 1535 11

1165 1535 1330 1561 Cannensem
1359 1543 1475 1570 pugnam
1494 1539 1631 1572 nequitiae
1651 1539 1719 1565 dixit
1748 1539 1778 1566 de
1797 1543 1864 1565 exitu
1885 1543 1995 1566 conuiuii
2019 1543 2178 1569 immoderati
2202 1550 2227 1570 et

1162 1569 1249 1604 rixosi.
1300 1570 1383 1597 Eidem
1400 1571 1470 1598 dicia
1498 1574 1586 1608 Pugna
1605 1574 1748 1601 Cannensis
1770 1575 1885 1613 figurate
1899 1583 1950 1612 pro
1969 1577 2046 1603 Caede
2066 1578 2110 1604 illa
2127 1586 2152 1605 et
2164 1587 2227 1614 pro—

1156 1606 1298 1642 scriptione
1312 1607 1415 1642 Syllana
1423 1627 1431 1639 ,
1448 1617 1509 1644 quae
1523 1609 1580 1636 orbi
1592 1611 1716 1637 Romanae
1723 1611 1893 1647 funcltzffima
1899 1612 1960 1648 fuit
1973 1620 1997 1639 et
2009 1614 2226 1650 calamitqfiffima,

1157 1649 1265 1678 propter
1279 1649 1318 1669 tot
1332 1645 1422 1669 ciuium
1437 1654 1533 1674 necem,·
1555 1655 1605 1680 pro
1618 1646 1694 1673 Rosc.
1710 1651 1741 1679 89
1767 1648 1814 1674 Te
1826 1656 1914 1683 pugna
1937 1649 2078 1676 Cannensis
2095 1646 2226 1678 accusato-

1163 1687 1221 1705 rem
1237 1679 1274 1705 sat
1287 1679 1389 1705 bonum
1400 1680 1474 1706 facit.
1511 1681 1649 1708 Arnobius
1670 1682 1704 1708 ad
1722 1683 1788 1709 hunc
1800 1686 1879 1710 Iocum
1893 1685 2029 1720 respiciens
2048 1694 2060 1718 ς
2075 1695 2099 1720 p.
2115 1692 2161 1720 184
2178 1690 2226 1720 ait,

1163 1714 1250 1749 potest
1261 1714 1372 1749 quidem
1390 1717 1553 1751 proscriptio
1575 1718 1822 1753 (quemadmodum
1835 1720 1950 1747 Tullius
1964 1721 2053 1754 ludit)
2072 1723 2227 1758 pugna'dici

1162 1750 1346 1785 appellarique
1364 1752 1506 1779 Cannensis
1545 1756 1638 1789 Nempe
1655 1755 1700 1781 boc
1714 1755 1788 1788 dicit,
1804 1758 1891 1782 multis
1905 1757 2047 1783 oratoribus
2065 1765 2088 1784 et
2100 1761 2227 1795 accujaton

1162 1788 1234 1813 ribus
1250 1789 1278 1812 in
1292 1787 1371 1814 Sullae
1385 1788 1444 1815 bello
1458 1788 1620 1825 interfefhs,
1642 1800 1708 1816 nime
1726 1798 1754 1817 tu
1765 1802 1866 1818 numero
1878 1794 1960 1828 aliquo
1971 1791 2015 1826 effe
2030 1793 2134 1820 videris.

1199 1829 1216 1849 C
1226 1829 1247 1849 A
1256 1829 1279 1848 N
1290 1829 1313 1848 N
1323 1822 1370 1850 ,ΑΪΒ
1379 1831 1389 1850 1
1399 1830 1411 1849 S
1421 1844 1429 1856 ,
1457 1825 1488 1851 is.
1508 1825 1528 1852 f.
1566 1825 1722 1860 [adriacos]
1760 1827 1846 1853 Herba
1858 1826 1901 1860 est,
1916 1837 1947 1853 ex
1960 1831 2031 1854 cuius
2043 1832 2135 1855 cortice
2142 1829 2226 1866 funes

1161 1861 1357 1893 intorquentur:
1389 1865 1413 1885 et
1428 1863 1536 1894 ponitur
1554 1867 1605 1887 tam
1620 1868 1671 1896 pro
1691 1862 1745 1897 'Psa
1764 1863 1854 1893 herba,
1874 1872 1946 1899 quam
1959 1870 2008 1898 pro
2016 1864 2118 1900 semme.
2156 1866 2224 1893 Plin.

1162 1902 1201 1925 19,
1214 1902 1230 1926 9
1250 1893 1353 1920 Deinde
1368 1895 1504 1922 vtilillima
1517 1895 1629 1922 funibus
1643 1896 1768 1923 cannabis
1782 1898 1902 1924 seritur'a
1915 1899 2045 1926 Fauonio.
2085 1902 2148 1935 Qio
2162 1901 2226 1928 den-

1162 1928 1214 1955 fior
1227 1929 1278 1959 est,
1301 1938 1334 1955 eo
1353 1931 1482 1957 tenerior.
1520 1931 1614 1957 Semen
1635 1933 1693 1958 eius
1716 1942 1799 1967 quum
1820 1934 1856 1959 est
1876 1940 2028 1968 maturum,
2050 1936 2083 1962 ab
2096 1938 2225 1968 aequino—

1162 1964 1218 1990 ὁῖιο
1239 1965 1371 1992 Autumni
1390 1965 1576 2001 distringitur,
1602 1973 1628 1993 et
1647 1968 1717 1999 sole,
1750 1975 1795 1994 aut
1813 1975 1911 2001 vento,
1939 1976 1985 1996 aut
2010 1972 2086 1997 fumo
2106 1969 2224 2000 siccatur.

1161 2001 1218 2035 Ipsa
1231 2000 1357 2027 cannabis
1370 2002 1484 2028 vellitur
1498 2002 1555 2035 post
1569 2003 1749 2032 vindemiam,
1770 2012 1799 2029 ac
1813 2004 2047 2032 lucubrationibus
2065 2007 2226 2037 decorticata

1160 2044 1298 2071 purgatur.
1371 2038 1440 2062 Pers.
1455 2044 1478 2068 ς,
1493 2039 1541 2067 146
1568 2036 1642 2062 Tibi
1655 2043 1726 2063 torta
1741 2038 1858 2065 cannabe
1874 2040 1946 2066 fulto
1962 2042 2051 2068 Coena
2064 2042 2095 2068 fit
2114 2044 2142 2069 in
2155 2051 2225 2071 tran-

1159 2072 1230 2102 stro,
1243 2072 1268 2106 Ji
1283 2071 1384 2105 fidenti
1398 2073 1425 2095 in
1439 2070 1543 2096 rudente
1550 2077 1600 2105 pro
1610 2073 1732 2106 puluino,
1746 2082 1795 2109 pro
1813 2075 1896 2111 mensa
1905 2075 1943 2109 sit
1956 2078 2102 2110 transtrum.
2147 2083 2226 2107 Atala-

1158 2109 1234 2165 tiuulsz
1247 2114 1305 2140 ergo
1324 2102 1358 2136 est
1385 2105 1519 2132 Cannabe.
1559 2107 1590 2133 Et
1609 2115 1692 2134 tamen
1714 2109 1806 2146 Aecus:
1829 2111 1981 2139 Cannabim
2002 2112 2037 2147 est
2056 2115 2173 2142 Varroni
2193 2116 2226 2145 de

1158 2141 1190 2165 R.
1239 2159 1244 2165 .
1271 2148 1289 2172 1,
1310 2148 1347 2172 23,
1367 2142 1392 2166 6.

1195 2181 1243 2201 ca
1257 2182 1277 2200 κ
1290 2183 1312 2201 Ν
1324 2182 1373 2202 ΑΒ
1385 2183 1459 2209 vm,
1491 2177 1509 2203 i.
1531 2187 1556 2204 n.
1589 2179 1667 2205 Dixit
1686 2179 1819 2207 Palladius
1846 2181 1925 2209 Febr.
1946 2192 1968 2210 c.
1985 2191 1998 2217 ς
2023 2185 2085 2212 Hoc
2104 2191 2226 2223 tempore

1157 2210 1305 2237 cannabum
1321 2212 1393 2239 seris.
1430 2213 1499 2240 ΑΜ.
1517 2215 1596 2241 Mart.
1612 2223 1624 2247 ς
1639 2216 1728 2251 etipse
1753 2217 1958 2253 Varr.ap.Gell.
1975 2227 2014 2255 17,
2029 2230 2053 2254 3.

1193 2254 1210 2274 C
1222 2254 1243 2274 A
1259 2254 1279 2273 N
1295 2254 1315 2273 N
1326 2256 1347 2274 Α
1358 2255 1392 2275 ΒΙ
1404 2255 1427 2273 N
1440 2257 1459 2275 v
1470 2257 1482 2276 s
1492 2270 1500 2282 ,
1520 2259 1544 2283 a,
1567 2260 1620 2277 um.
1642 2251 1702 2278 Adi.
1731 2252 1905 2290 [καννοέέἵνσς]
1932 2257 2006 2291 Qud
2018 2256 2052 2290 ‘st
2064 2267 2094 2283 ex
2106 2259 2223 2286 cannabe.

1154 2290 1198 2313 vt,
1220 2283 1354 2310 Columel.
1364 2286 1391 2317 6,
1402 2293 1449 2318 2,3
1472 2286 1692 2322 Cannabinisque
1707 2288 1818 2315 funibus
1830 2299 1930 2317 cornua
1943 2292 2120 2319 iuuencorum
2130 2294 2222 2328 ligato.

1155 2319 1230 2345 Idem
1252 2327 1288 2351 12,
1304 2328 1344 2352 30,
1360 2325 1381 2350 8.
1454 2321 1610 2348 Cannabina
1625 2323 1689 2349 retis
1705 2325 1791 2350 Varro
1804 2325 1835 2350 R.
1853 2326 1886 2352 R.
1905 2334 1929 2358 3,
1946 2333 1969 2359 ς,
1983 2335 2016 2354 ιι.
2089 2329 2223 2357 Cannabi-

1155 2364 1205 2382 nae
1226 2356 1384 2388 tegeticulae
1414 2355 1454 2382 Id.
1469 2365 1494 2387 2,
1509 2362 1531 2388 8,
1546 2366 1570 2383 z.
2218 2381 2220 2385 ·

1191 2397 1208 2417 c
1219 2397 1237 2415 A
1248 2398 1269 2416 N
1279 2398 1300 2416 N
1313 2397 1334 2416 Α
1347 2397 1362 2417 Β
1371 2398 1379 2416 ι
1389 2398 1409 2415 v
1420 2398 1433 2417 s
1442 2410 1449 2421 ‚
1469 2400 1494 2423 a,
1517 2401 1571 2418 um.
1602 2392 1684 2423 Idem,
1703 2393 1772 2428 apud
1790 2394 1915 2422 Gratium
1937 2397 2065 2433 Cyneget.
2078 2408 2104 2432 2,
2117 2409 2156 2436 47
2186 2403 2222 2430 At

1154 2434 1256 2460 pauper
1269 2426 1340 2459 rigui
1356 2425 1441 2452 custos
1456 2427 1633 2454 Alabandicus
1648 2427 1722 2455 horti
1760 2430 1908 2457 Cannabias
1929 2434 2016 2460 nutrit
2035 2435 2127 2468 filuas,
2149 2446 2194 2464 etc.

1191 2468 1208 2488 C
1217 2468 1237 2487 Α
1249 2468 1269 2486 N
1280 2468 1300 2487 Ν
1313 2468 1333 2487 Α
1345 2468 1360 2488 Β
1372 2463 1390 2488 ἑ
1399 2469 1420 2488 Τ
1431 2469 1450 2486 v
1460 2470 1502 2496 M,
1528 2464 1546 2490 i.
1567 2473 1593 2490 n.
1623 2466 1703 2491 Locus
1720 2466 1829 2493 cannabe
1849 2468 1965 2502 consttus.
2003 2472 2061 2497 Vet.
2075 2473 2220 2508 Inscriptio

1154 2496 1225 2531 apud
1242 2497 1349 2524 Gruter.
1364 2507 1388 2532 p.
1404 2500 1463 2531 896,
1478 2507 1509 2533 14
1545 2500 1638 2534 VSQ
1672 2501 1727 2527 AD
1764 2503 2075 2534 CANNABETVM
2112 2509 2220 2537 HVIC

1155 2533 1177 2558 A
1185 2533 1208 2559 R
1215 2533 1234 2559 E
1242 2534 1264 2559 A
1274 2534 1293 2559 E
1330 2535 1352 2560 C
1359 2534 1378 2560 E
1388 2534 1411 2560 D
1419 2535 1438 2560 E
1447 2535 1487 2562 T.

1190 2574 1318 2602 CANO,
1350 2571 1446 2603 cec'rni,
1472 2577 1591 2605 cantum,
1618 2573 1672 2599 ere.
1711 2570 1803 2607 [HQ
1821 2573 1929 2606 ψάλλω,
1956 2578 2059 2614 κρέκω]
2097 2578 2138 2613 Est
2156 2582 2220 2608 Voce

1154 2604 1294 2638 modulari,
1312 2612 1336 2631 et
1355 2615 1404 2632 non
1418 2607 1557 2634 hominibus
1578 2608 1647 2635 modo
1667 2609 1806 2642 tribuitur,
1819 2610 1868 2645 sed
1885 2615 1912 2637 in
1925 2616 2022 2647 primis
2041 2618 2117 2641 etiam
2135 2627 2219 2644 amum

1151 2644 1253 2677 generi,
1275 2648 1300 2667 et
1318 2639 1492 2675 instrumentis
1511 2644 1624 2670 omnibus
1639 2643 1747 2678 musteis.
1820 2646 1886 2673 Plin.
1911 2656 1950 2681 10,
1969 2657 2000 2682 29
2027 2651 2131 2678 Merula
2147 2655 2220 2681 canit

1153 2675 1263 2709 aestate,
1285 2676 1376 2704 hieme
1391 2677 1516 2706 balbutit.
1569 2680 1625 2707 Cic.
1640 2680 1719 2707 Acad.
1735 2690 1754 2715 4
1781 2682 1874 2716 Qum
1887 2684 1982 2711 cornix
1995 2686 2132 2714 cecinerit.
2176 2690 2215 2717 Id.

1151 2713 1216 2739 Diu.
1236 2721 1263 2746 2,
1284 2715 1316 2746 56
1336 2713 1461 2741 Victores
1474 2724 1569 2742 canere
1590 2716 1675 2743 solent
1693 2716 1764 2751 galli.
1838 2719 1885 2745 Sed
1903 2720 2010 2749 Gallina
2030 2724 2127 2751 cecinit
2145 2725 2215 2752 Ter.

1151 2747 1260 2775 Phorm.
1275 2759 1303 2782 4,
1316 2759 1346 2783 4,
1357 2757 1401 2785 27.
1425 2751 1573 2787 Auspicium
1584 2754 1683 2779 malum.
1721 2754 1818 2779 Etenim
1834 2754 1902 2781 Galli
1922 2763 2020 2784 tantum
2037 2762 2065 2785 in
2086 2769 2110 2786 eo
2128 2771 2216 2797 genere

1151 2794 1241 2811 canere
1258 2785 1378 2812 dicuntur
1390 2791 1506 2823 proprie.
1558 2788 1607 2815 Sed
1617 2795 1641 2814 et
1660 2789 1735 2823 Virg.
1751 2789 1850 2824 Georg.
1864 2800 1885 2823 1,
1897 2798 1944 2827 378
1965 2794 2090 2822 Veterem
2105 2797 2132 2822 in
2146 2796 2215 2823 limo

1151 2829 1232 2847 ranae
1244 2821 1364 2848 cecinere
1379 2823 1525 2857 querelam.
1598 2824 1656 2851 Cic.
1673 2824 1706 2851 de
1719 2825 1783 2852 Nat.
1796 2826 1879 2853 Deor.
1893 2836 1920 2861 2,
1935 2837 1963 2854 22
1982 2829 2008 2855 Si
2024 2838 2056 2857 ex
2069 2831 2142 2858 oliua
2156 2841 2214 2859 mo-

1151 2856 1261 2884 dulante
1280 2864 1402 2884 canentes
1423 2858 1506 2886 tibiae
1526 2860 1712 2894 nascerentur,
1739 2870 1803 2887 num
1824 2862 1960 2890 dubitares
1986 2866 2053 2900 quin
2072 2867 2162 2894 inesset
2183 2870 2213 2895 in

1152 2893 1227 2919 oliua
1241 2893 1363 2920 tibicinis
1374 2895 1505 2929 quaedam
1517 2896 1644 2924 scientia?
1669 2896 1745 2923 Idem
1758 2898 1835 2925 Verr.
1851 2908 1873 2932 3,
1886 2907 1929 2932 105
1950 2901 2042 2934 Quum
2057 2902 2084 2928 in
2098 2904 2136 2930 eis
2149 2913 2213 2931 con.

1150 2929 1234 2956 viniis
1253 2929 1416 2965 Symphonia
1438 2938 1560 2965 caneret,
1585 2933 1764 2969 maximisque
1789 2935 1893 2968 poculis
1916 2936 2128 2972 ministraretur,
2162 2949 2209 2968 etc.

1151 2965 1269 2992 Auribus
1285 2966 1372 2993 surdis
1386 2975 1480 2994 canere
1489 2969 1608 3003 prouerb.
1630 2969 1691 2995 Liu.
1706 2979 1752 3003 40,
1791 2989 1798 2996 .
1899 2972 1954 2998 Cic.
1970 2972 2053 3000 Tnsc.
2069 2983 2096 3007 2,
2110 2984 2137 3002 ιι
2155 2977 2210 3004 Aut

1149 3000 1169 3028 fi
1182 3001 1294 3028 absurde
1310 3008 1386 3029 canat
1398 3003 1430 3037 is,
1448 3005 1496 3039 qui
1512 3005 1536 3031 se
1551 3004 1646 3031 haberi
1660 3005 1787 3032 unificum
1803 3005 1877 3032 velit.
1932 3007 2088 3044 Plin.Epist.
2104 3019 2128 3041 2,
2143 3017 2177 3044 18,
2192 3021 2211 3046 9

1149 3037 1222 3064 Sicut
1234 3037 1302 3064 olim
1321 3038 1424 3066 theatra
1442 3040 1511 3067 male
1524 3041 1636 3067 musicos
1657 3050 1751 3067 canere
1764 3040 1928 3076 docuerunt,
1948 3044 1986 3070 ita
2005 3054 2075 3072 nunc
2093 3046 2122 3073 in
2137 3048 2210 3082 spem

1149 3072 1283 3107 adducor,
1312 3075 1382 3110 poss‘e
1395 3075 1456 3103 fieri
1465 3097 1474 3109 ,
1499 3083 1528 3104 vt
1541 3077 1633 3103 eadem
1647 3077 1749 3103 theatra
1770 3076 1837 3103 bene
1851 3087 1945 3106 canere
1960 3081 2073 3108 muficos
2087 3082 2208 3112 doceant.

1149 3110 1253 3137 Canere
1272 3111 1410 3139 emerendi
1430 3112 1534 3140 fauoris
1554 3113 1639 3148 gratia
1667 3112 1800 3147 Qiind‘ul.
1820 3122 1849 3147 4,
1870 3123 1888 3141 1.
1961 3116 2002 3143 Ad
2022 3126 2097 3145 auras
2115 3128 2210 3148 canere

1474 3149 1514 3175 Ad
1535 3149 1663 3175 citharam
1683 3158 1777 3175 canere
1796 3149 1887 3176 laudes
1901 3150 2014 3178 alicuius
2035 3155 2168 3188 Qinetil.
2186 3166 2208 3190 1,

1313 3183 1354 3210 Ad
1368 3184 1464 3211 tibiam
1477 3193 1571 3212 canere
1593 3185 1650 3211 Cic.
1666 3185 1749 3211 Tusc.
1763 3193 1792 3219 4,
1806 3194 1818 3218 3
1832 3195 1853 3211 e.
1868 3195 1890 3212 2.
1942 3189 2036 3224 Nempe
2045 3200 2145 3226 propri.
2167 3202 2208 3219 ca-

1594 3221 1668 3247 Idem
1682 3221 1755 3248 Brut.
1763 3229 1792 3256 71
1813 3222 1872 3248 Nec
1890 3221 2009 3251 dubitari
2023 3225 2119 3260 debet,
2138 3229 2206 3263 quin

1991 3406 2038 3432 Sed
2052 3407 2088 3433 ad
2109 3406 2201 3440 inllru·

1979 3442 2035 3468 Cic.
2051 3443 2133 3469 Tusc.
2149 3451 2168 3475 1,
2181 3451 2201 3476 4

1590 3509 1664 3536 Idem
1678 3509 1710 3535 de
1723 3509 1816 3537 Diuin.
1826 3518 1847 3544 1,
1860 3520 1892 3543 3ο
1911 3513 1991 3546 Quod
2006 3513 2039 3540 ab
2054 3514 2110 3540 eius
2123 3513 2200 3542 Litui

1850 3549 1882 3574 Et
1903 3548 1935 3575 de
1955 3549 2047 3583 Legib.
2071 3558 2089 3581 1,
2107 3558 2129 3575 ιι
2143 3558 2164 3576 c.
2178 3558 2199 3584 4

1143 3580 1379 3614 Qiernadmodum
1392 3581 1502 3608 Roscius
1514 3580 1655 3608 familiaris
1671 3586 1732 3608 tuus
1747 3582 1776 3609 in
1789 3583 1923 3610 senectute
1935 3593 2058 3611 numeros
2076 3585 2105 3610 in
2118 3592 2197 3612 cantu

1016 3619 1074 3646 gra-
1095 3620 1128 3646 95
1142 3616 1281 3644 cecinerat.
1320 3617 1367 3644 Sed
1376 3619 1445 3643 Iocus
1452 3625 1502 3652 pro
1514 3623 1631 3652 corrupto
1644 3617 1755 3645 habetur.
1792 3619 2077 3656 Lanibinutfiszlcatur
2090 3621 2198 3648 remise-

1140 3657 1192 3679 rat.

1141 3701 1188 3708 ·-—-
1222 3689 1302 3716 Pueri
1314 3689 1417 3715 circum
1439 3688 1619 3724 innuptaeque
1642 3690 1746 3724 puellae
1791 3692 1866 3718 Sacra
1882 3698 1985 3717 canunt.

1236 3653 1312 3680 Sacra
1336 3661 1443 3683 canere,
1469 3651 1504 3685 ⁶st
1523 3653 1646 3685 Hymnos
1665 3653 1755 3682 dicere
1783 3655 1856 3682 Seru.
1875 3655 1911 3682 ad
1929 3657 2002 3690 Virg.
2022 3656 2087 3717 AeIn.
2105 3665 2134 3718 ¹²3³
2148 3666 2196 3691 239

2072 3701 2102 3718 nc
2116 3700 2197 3725 mata,

1140 3722 1310 3760 vlulantique
1325 3733 1391 3752 voce
1405 3733 1481 3751 more
1495 3724 1612 3752 Asiatico
1625 3733 1734 3757 canere,
1755 3730 1845 3754 vitium
1858 3729 1966 3753 oratoris
1986 3728 2061 3752 nimis
2074 3730 2197 3756 modulate

614 3786 620 3791 ,
765 3786 770 3791 ,
795 3786 800 3791 ,
1135 3764 1332 3796 pronunciantis
1353 3761 1409 3787 Cic.
1422 3760 1451 3786 in
1468 3760 1542 3788 Orat.
1556 3769 1599 3797 27.

298 3784 330 3810 ln
342 3784 385 3812 bis
395 3785 469 3812 rebus
480 3793 505 3812 et
518 3786 622 3813 Calarm
636 3793 660 3812 et
667 3786 815 3813 Arundinis
828 3796 920 3823 quoque
927 3793 1074 3818 mentionem
1085 3801 1132 3821 100
1141 3796 1213 3823 enim
1226 3796 1373 3824 multitudo
1387 3796 1445 3822 vim
1461 3796 1593 3832 quandam
1612 3797 1710 3832 talem,
1732 3805 1762 3826 vt
1781 3796 2002 3833 quemadmodum
2026 3798 2126 3825 tibicen
2141 3800 2194 3826 {ine

1139 3831 1218 3859 tibiis
1240 3841 1350 3865 canere,
1377 3831 1410 3858 fic
1422 3838 1516 3860 orator
1529 3832 1582 3860 fine
1593 3834 1769 3861 multitudine
1787 3833 1909 3860 audiente
1922 3832 2050 3868 eloquens
2071 3836 2120 3861 esse
2139 3844 2193 3862 non

1137 3867 1222 3903 poffit.

1138 3913 1234 3939 magna
1264 3903 1362 3931 Tibul.
1377 3912 1400 3936 2,
1413 3912 1436 3937 ς,
1451 3909 1498 3936 118.

1137 3940 1207 3968 Rara
1220 3940 1330 3975 quidem
1343 3939 1411 3966 facie
1418 3960 1427 3973 ,
1453 3940 1498 3967 sed
1510 3942 1599 3969 rarior
1613 3948 1670 3969 arte
1683 3940 1802 3968 canendi.

973 3970 1070 4002 Crflss‘a-
1083 3980 1127 4010 103
1137 3976 1169 4004 Et
1181 3975 1302 4004 dedimus
1314 3975 1407 4002 medio
1422 3976 1518 4012 scripta
1532 3977 1650 4007 canenda
1666 3978 1741 4006 foro.-

1677 3762 1752 3790 Idem
1773 3762 1807 3789 de
1825 3763 1899 3789 Orat.
1915 3770 1940 3792 2,
1955 3767 1998 3794 338
2011 3771 2033 3788 c.
2048 3767 2076 3795 83
2105 3764 2196 3791 Habet

1262 3866 1533 3902 Hancfimilitudinem
1544 3871 1695 3906 explicatius
1703 3873 1777 3905 ponit
1790 3872 1817 3894 in
1837 3869 1920 3894 Bruto
1934 3877 1979 3901 ¹92
1992 3879 2014 3896 c.
2028 3878 2064 3902 5¹-
2122 3872 2193 3897 Voce

1544 3906 1626 3932 Habet
1637 3909 1711 3932 etiam
1726 3904 1860 3932 Gerundia.
1909 3904 1992 3932 Ouid.
2006 3906 2071 3932 Met.
2091 3915 2131 3939 14,
2145 3913 2193 3940 337

1875 3938 1950 3974 Idem
1961 3949 1977 3966 e
1989 3942 2064 3968 Pom.
2080 3950 2101 3973 1,
2115 3949 2142 3974 7,
2156 3949 2189 3972 30

1810 3976 1842 4003 Et
1852 3975 1921 4004 Met.
1939 3984 1964 4010 5,
1981 3985 2018 4009 113
2037 3977 2119 4004 Iuss'us
2133 3983 2189 4001 eras

1286 4012 1305 4039 Z
1325 4020 1340 4039 z
1360 4019 1375 4039 z
1392 4020 1408 4039 2
2055 4010 2190 4038 celebrare
