2474 4182
40 185 97 223 ,25
466 166 505 205 A
558 132 713 202 (ῑοἃ

45 261 65 288 i·
83 258 162 287 nostri
181 262 206 283 et
227 255 292 282 Diui
312 255 403 283 Seueri
423 255 545 284 iuuatur,
565 249 612 286 qui
631 247 811 290 rescripserit,
833 246 943 274 homine
960 246 1063 281 legato,

40 297 149 323 &eiorem
157 302 209 320 non
218 292 285 326 posse
297 292 371 326 eligi.
408 292 495 318 Seritur
511 295 567 324 crgo
580 284 678 316 Aaou
691 284 738 320 sed
750 291 867 319 oplzmus.
906 283 1008 310 Paullus
1021 282 1037 308 l.
1049 288 1061 313 5

34 331 52 362 ὁ.
68 340 88 363 3.
113 329 144 356 de
163 328 220 355 doli
235 328 298 354 mali
311 337 365 354 exc.
403 324 521 355 actoris,
539 321 587 357 qui
604 319 740 356 exigendis
762 321 880 354 pecuniis
904 317 1062 355 praepositus

34 367 64 393 ³:st
97 366 176 392 etiam
189 364 320 399 posterior
340 363 414 390 dolus
436 359 545 387 domino
564 362 642 384 nocet
676 356 783 392 leian.
799 356 816 381 l.
831 364 840 382 1
865 356 909 382 lin.
933 355 964 380 de
980 354 1062 379 Seruo

34 385 94 428 lox-³1.
129 401 153 427 1⁸
169 409 277 435 quoque
290 399 447 426 deteriorem
460 395 522 422 facit
543 408 588 413 —
607 392 625 419 fi
640 391 734 419 Aaou
748 392 824 418 suasit
839 392 927 418 verbis
941 390 993 430 siue
1005 396 1062 423 pre-

34 438 80 468 io,
101 442 129 462 vt
150 436 267 463 rationes
288 434 429 462 dominicas
454 428 638 461 intercideret,
663 427 839 460 adulteraret,
866 428 908 467 vel
932 432 1012 466 etiam
1034 429 1063 466 vt

40 473 156 498 ationem
169 472 218 498 libi
233 470 389 498 commissam
404 466 530 494 turbaret.
567 464 633 491 Plin.
649 465 710 490 Pan.
724 466 770 496 36,
785 473 806 496 3.
828 462 926 503 dt'jlsffl
943 462 1063 500 Tisaia-m,

38 508 131 534 )icitur
148 507 242 534 Aciori
274 513 350 542 atque
364 504 441 531 etiam
459 500 565 537 (crescit
585 503 684 532 oratio)
699 501 868 526 Procuratori
890 504 951 527 tu0‚
973 505 1001 522 in
1023 504 1063 521 ius

38 544 97 570 reni.
135 543 172 570 ld.
188 528 265 578 Episi.
279 550 302 576 3,
318 549 360 574 19,
375 548 390 566 2
411 538 438 564 dc
492 536 572 563 aedis:
591 539 701 569 vicinis,
723 536 791 571 poss'e
806 534 851 561 sub
865 533 1064 572 eodemprocu-

42 586 124 612 atorc,
138 589 167 606 ac
181 587 260 615 paene
271 574 361 604 iisdem
369 544 511 601 Aeiorssrus
520 572 625 599 habere.
656 574 737 599 Etiam
746 571 855 598 Αὲἲοτει
867 568 969 608 publici
984 574 1063 597 orant,

35 614 69 641 'mi
84 616 192 652 Rct'publ.
204 615 265 641 hanc
277 619 370 648 operam
400 607 545 642 uastarent.
584 609 653 635 Tac.
671 609 739 635 Ann.
756 616 780 639 2,
796 616 840 639 30,
856 614 867 638 5
889 606 960 637 Qua
970 609 1064 644 petere

36 643 98 678 {Cto
115 650 230 686 quaestio
243 648 271 674 in
290 652 364 681 caput
378 618 482 672 domini
502 643 718 679 prohibebatur,
740 642 846 681 callidus
866 646 891 666 et
911 648 977 682 noui
994 648 1065 680 'iuris

34 678 148 721 lepertoi·
160 684 286 713 Tiberius
306 681 451 716 mancipari
469 680 583 715 singulos
603 680 696 706 Ae'tori
716 678 821 715 publico
838 675 922 715 iubet.
960 676 1066 716 Scilicet

36 729 57 749 >'t
78 723 104 748 in
118 721 243 749 Libonem
261 727 293 745 ex
314 718 394 744 seruis
413 717 486 744 saluo
498 717 566 743 SCto
588 722 766 751 quaereretur.
783 747 787 751 .
801 713 843 739 Sic
859 711 925 738 l'lin.
941 712 1020 746 Epist.
1038 719 1064 746 7,

37 764 68 790 ιε,
83 767 98 785 2
116 756 244 790 Mam-ipat
265 763 356 788 agrum
377 752 469 780 Aeiori
489 752 615 787 publico,
635 759 664 779 vt
682 755 731 778 iam
750 747 802 788 estet
820 757 880 784 ager
894 747 1066 787 Reipublicae,

36 786 58 826 {ib
69 794 112 820 hoc
123 790 231 819 eundem
246 790 370 824 vectigali
385 790 422 816 im
443 788 510 815 oiito
523 789 628 823 recipit.
667 790 714 815 Pro
732 784 824 811 villico
846 783 946 810 videtur
958 784 1067 826 posui-'sse¹

38 829 87 856 ῖοΙ.
98 836 120 860 i,
132 835 158 862 7,
171 835 187 862 7
207 827 244 859 lta
259 825 304 858 tit,
320 833 348 852 vt
362 831 387 852 et
400 799 490 857 abiot,
509 832 534 851 et
549 824 652 851 familia
665 826 777 859 peccent.
816 820 890 856 Conf.
908 828 927 851 ι,
943 825 965 852 8,
981 828 1002 852 5·
1024 820 1066 845 vlu

1083 387 1096 413 Ξ

1079 572 1106 589 10

1081 753 1105 779 ¹5

36 869 90 890 'tunc
107 862 200 889 munitm
236 869 275 888 rito
290 861 429 893 Aetorem,
451 864 493 897 qni
510 861 592 896 paullo
611 866 667 887 ante
684 856 789 896 villicus
806 853 889 881 diffus
905 854 946 888 cst·
985 853 1066 888 Ponst

35 907 104 932 ›anumi
116 907 178 925 viius
192 898 219 924 vi
232 898 295 924 licus
305 899 390 932 plnres
405 897 506 924 actores
515 896 562 932 suh
570 896 598 933 fi
610 891 723 933 habuiſje,
737 892 802 933 qimgi
815 892 901 927 colliga
915 901 943 917 ex
958 892 977 917 C
981 891 1064 931 olum.

40 943 64 967 2,
77 942 99 966 3,
113 936 129 960 6
156 933 198 960 vbi
212 933 240 960 de
253 931 358 966 villica,
380 933 459 960 Nihil
480 934 551 959 enim
567 930 685 961 nocebit,
707 930 724 954 11
745 927 793 953 libi
812 934 891 967 atque
905 927 1109 967 Affloribus‚20

38 977 51 997 lt
63 969 121 996 aliis
135 969 163 996 in
178 968 280 996 honore
295 969 406 996 seruulis
423 972 477 1000 (im
491 970 537 1005 leg.
548 975 597 1003 pro
615 965 734 995 seruilis)
757 963 835 989 vestis
856 963 929 1001 domi
944 963 1066 1003 coiifeela

39 1005 114 1033 uerit.
153 1006 232 1031 Etiam
248 1005 371 1031 Scaeuola
386 1005 402 1032 l.
418 1014 459 1031 20.
479 1004 509 1031 de
524 1001 649 1030 instruEto
663 1007 687 1027 et
702 999 825 1026 lustrum.
842 998 891 1033 leg.
908 1002 930 1035 9.
945 1008 966 1038 3.
986 1008 1001 1025 α
1014 999 1065 1025 vil-

38 1041 76 1068 ico
94 1038 226 1078 distinguit
247 1041 356 1068 A&ores
371 1041 384 1067 τ’
402 1040 509 1068 Praedia
529 1045 556 1066 vt
576 1036 700 1063 instrucsta
719 1036 793 1067 sunt,
813 1044 874 1061 cum
894 1034 1019 1074 dotibus,
1041 1041 1067 1061 et

39 1076 134 1111 eliquis
148 1078 305 1105 colonorum
315 1084 339 1104 et
355 1077 521 1107 villicorum,
541 1080 567 1101 et
580 1072 734 1108 mancipiis,
754 1079 779 1098 et
798 1080 894 1106 pecore
908 1079 984 1097 omni
999 1071 1067 1105 lega-

39 1113 79 1144 it,
94 1118 119 1139 et
133 1113 243 1147 peculiis
253 1134 260 1145 ,
274 1120 299 1139 et
313 1122 371 1139 cum
385 1112 481 1139 actore.
517 1109 592 1144 Pqffis
600 1109 736 1145 sii-spicari,
752 1107 877 1147 AQorem
892 1107 933 1132 hic
944 1105 1067 1147 pastorfm
1078 1115 1108 1141 25

39 1147 76 1174 ¹722>
111 1148 152 1175 Sic
165 1156 230 1176 certe
244 1149 325 1176 Ouid.
337 1150 398 1176 Her.
413 1157 432 1180 1,
446 1155 476 1180 95
496 1145 652 1180 Pecorisque
668 1143 832 1172 Melanthius
846 1142 929 1169 Αέῖοι·
943 1142 1047 1169 edendi.

62 1190 229 1217 AC'rkix,
250 1185 306 1211 icis.
328 1185 346 1211 f.
384 1185 450 1219 Qun*
467 1185 534 1218 agit,
554 1179 676 1207 achonem
699 1178 819 1213 institnit.
857 1180 927 1213 Lege
947 1188 984 1213 41.
999 1179 1067 1206 Cod.

39 1222 55 1263 le
76 1219 195 1247 Liberali
215 1221 289 1247 causa
305 1232 309 1247 :
344 1219 463 1247 iubemus
483 1226 575 1243 omnes
597 1216 718 1252 epistolas
738 1215 844 1242 actricis
863 1215 953 1241 inanes
973 1223 1002 1242 ac
1024 1224 1068 1242 va-

39 1257 313 1325 Γῗξθςξεκ-ἈΒινς,
340 1291 368 1317 ii.
394 1299 429 1316 m.
462 1287 606 1325 [γραφεύς]
642 1288 693 1324 Qii
712 1284 772 1314 uffa
786 1286 902 1322 publica,
927 1284 1109 1322 afliones11e30

40 1325 197 1361 ιιῃῑλίεονιυη
219 1330 245 1352 in
260 1326 349 1352 iudicio
367 1328 482 1353 velociter
497 1326 586 1359 cxctpi't
597 1335 604 1349 .·
626 1327 668 1359 qui
681 1330 704 1350 et
718 1323 848 1350 Notarius
863 1322 968 1348 dicitur.
1006 1323 1066 1349 Sue-

40 1369 78 1389 an.
96 1363 122 1389 in
137 1363 208 1389 Caes.
223 1371 249 1396 55
269 1362 406 1389 Orationes
427 1361 527 1396 aliquas
547 1360 671 1394 reliquit,
692 1360 762 1386 inter
783 1368 847 1394 quas
867 1366 967 1385 temere
989 1368 1067 1394 quae-

43 1407 84 1425 ani
100 1399 239 1431 feruntur,
254 1405 281 1425 vt
295 1407 343 1433 pro
356 1399 393 1431 Q
406 1397 530 1424 Metello:
553 1405 632 1431 quam
643 1405 696 1422 non
710 1395 849 1427 immerito
864 1394 994 1429 Augustus
1012 1396 1067 1421 exi-

40 1434 162 1469 amabat,
183 1434 263 1469 magis
282 1435 314 1460 ab
334 1434 458 1460 ateium-iis
478 1439 628 1468 exceptam,
652 1431 720 1458 male
741 1430 962 1466 subsequentibus
984 1431 1068 1458 verba

40 1470 150 1502 licentis,
178 1479 254 1505 quam
274 1469 306 1496 ab
327 1470 383 1505 ipso
407 1470 514 1496 editam.
563 1470 621 1495 Vox
641 1467 754 1494 actuarii
775 1468 834 1493 vice
853 1467 993 1501 fungitur,
1013 1477 1067 1493 cum
1082 1476 1108 1501 3)-

40 1501 117 1533 lienis
135 1505 223 1532 verbis
241 1506 439 1538 commodatur,
464 1506 558 1531 alienas
569 1504 710 1540 fintcntiizs
729 1503 820 1539 refert.
859 1503 917 1529 Seri.
933 1503 1011 1537 Epist.
1030 1512 1066 1535 33.

40 1541 99 1577 ἴονιῘ.
121 1540 140 1568 l.
157 1550 170 1574 ς
198 1541 262 1568 eod.
277 1541 309 1568 de
329 1543 432 1575 Erogat.
451 1540 529 1567 milit.
545 1549 604 1567 ann.
646 1541 756 1574 Eutrop.
770 1548 802 1572 9,
817 1547 843 1574 7.
888 1539 980 1565 Aurel.
995 1539 1066 1566 Vic'i.

40 1575 60 1603 le
77 1577 147 1604 Caes.
168 1586 188 1603 c.
202 1585 237 1608 33.
275 1578 358 1612 Heius?
372 1584 394 1602 ct
408 1578 490 1603 Burm.
505 1576 538 1601 ad
550 1576 653 1602 Petron.
668 1585 690 1602 c.
701 1584 726 1609 53
745 1585 769 1610 p.
782 1583 841 1610 257.
882 1577 915 1602 It.
929 1575 1070 1610 πρακτικός,

40 1596 179 1644 [ἃιιειτίυε,
198 1610 302 1644 efficax,
321 1612 396 1646 agilis
412 1612 489 1638 Giofl'.
507 1612 564 1638 Vct.
764 1621 780 1638 2
807 1613 911 1646 Proprie
924 1611 960 1637 est

59 1651 304 1679 ACTV'ARIVS‚
325 1655 354 1679 a,
376 1657 429 1673 um.
466 1647 646 1673 Adieefiuum.
701 1648 742 1675 Sic
761 1647 904 1674 Aetuarius
922 1647 1000 1674 limes
1022 1646 1109 1681 est,40

51 1680 68 1707 1i
81 1681 180 1716 primus
193 1680 264 1708 ac'ius
277 1682 329 1715 est,
344 1689 370 1709 et
384 1682 416 1709 ab
430 1692 462 1709 eo
476 1684 584 1718 quintus
597 1684 726 1718 quisque,
741 1692 821 1718 quem
835 1683 852 1709 si
869 1692 992 1710 numeres
1007 1692 1067 1709 cum

53 1717 125 1749 imo,
143 1717 195 1744 erit
210 1717 308 1744 sextus:
328 1719 456 1754 quoniam
477 1720 596 1754 quinque
616 1720 747 1747 centurias
763 1720 805 1746 sex
825 1719 924 1746 limites
946 1718 1065 1746 cludunt.

45 1753 127 1787 eliqui
142 1752 241 1780 medeii
264 1753 362 1781 limites
386 1755 494 1781 linearii
523 1755 687 1790 appellantur
701 1775 709 1788 ,
744 1755 772 1782 in
796 1756 873 1782 Italia
901 1755 1066 1782 subrunciui.

44 1788 140 1816 &uarii
154 1795 240 1816 autem
254 1797 326 1817 extra
339 1792 483 1823 maximos,
501 1791 683 1819 Dec-umanum
697 1797 724 1819 et
738 1791 882 1818 Cardinem
896 1791 1067 1819 latitudinem

41 1824 116 1857 sbent
129 1824 224 1859 pedum
240 1826 297 1852 XII.
334 1827 382 1853 Per
401 1826 448 1853 hos
462 1827 514 1853 iter
526 1827 626 1862 populo
641 1827 705 1854 ficut
724 1837 771 1862 per
785 1828 858 1855 viam
873 1828 1008 1862 publicam
1024 1827 1067 1854 de·
1077 1832 1110 1859 43

55 1867 105 1887 tur.
141 1861 239 1896 Hygin.
261 1861 292 1887 de
309 1861 534 1898 limit.constit.p.
545 1872 581 1896 151
602 1865 654 1898 seq.
665 1864 742 1890 Goes.
781 1863 909 1891 Actuaria
922 1864 1013 1896 nauis,
1028 1865 1068 1890 vel

70 1896 173 1923 uarium
186 1897 338 1932 nauigium,
359 1899 431 1934 quod
445 1899 512 1926 velis
528 1899 603 1926 simul
617 1900 706 1934 agitur
724 1906 750 1926 et
763 1900 855 1926 remiS.
893 1901 967 1925 Hanc
981 1898 1068 1933 defini-

41 1941 107 1960 onem
127 1932 219 1960 Isidori
238 1942 282 1966 19,
302 1943 310 1960 1
331 1935 424 1970 prohat
443 1934 561 1968 Scheffer.
576 1935 603 1960 de
617 1937 669 1961 mil.
683 1944 740 1960 nau.
762 1943 795 1965 2,
809 1943 825 1960 2
844 1943 869 1968 p.
885 1939 921 1965 83.
943 1937 1018 1959 etiam
1038 1942 1067 1958 ex

41 1962 107 1994 ellio
121 1976 164 2001 ιε),
178 1977 208 2002 25
227 1969 384 2002 Aftuariae,
403 1979 467 2004 quas
481 1970 577 1996 Graeci
597 1970 716 1994 ἱποκώπκς
729 1974 842 2000 vocant,
864 1967 931 2003 quast
949 1975 977 1994 tu
998 1967 1069 1994 dicas

51 2003 164 2032 liremeS.
202 2004 317 2037 Ostendit
330 2006 393 2032 idem
408 2005 548 2038 Scheff'ms
566 2014 590 2039 p.
606 2006 649 2030 66.
670 2003 778 2039 duplicis
791 2007 906 2040 generis,
918 2007 1033 2030 -minores
1045 2010 1069 2029 ct
1079 2010 1109 2034 50

63 2043 130 2066 ores.
167 2040 227 2067 Illae
235 2041 307 2076 sum,
320 2050 381 2076 quas
400 2040 566 2067 Aftuariolas
586 2047 659 2066 vocat
674 2040 770 2072 (herro,
792 2040 821 2065 de
835 2039 924 2074 qm'bus
942 2047 1013 2063 mox.-
1034 2037 1068 2062 ad

37 2085 79 2108 „uis
102 2078 176 2101 etiam

199 2079 326 2111 pertinere
347 2076 448 2102 videtur
475 2076 548 2102 Non.
564 2084 587 2107 13
621 2075 762 2101 Actuariae
788 2074 927 2100 nauiculae
953 2072 1065 2101 celeres;

38 2111 105 2137 ttae
119 2110 191 2145 quod
205 2111 259 2138 cito
278 2112 320 2146 agi
340 2113 439 2146 possent
455 2122 460 2137 :
481 2120 618 2149 ‹uanquam
637 2111 745 2143 exempla
766 2109 889 2133 Sisennae
907 2113 931 2132 et
950 2106 1066 2132 Sallustii

47 2145 166 2174 {maiora
181 2151 267 2182 potius
286 2150 418 2173 retulerim.
454 2146 483 2172 Sa
496 2145 568 2171 lustii
584 2147 651 2170 locus
667 2143 699 2175 est
721 2142 761 2169 Ad
782 2141 832 2169 hoc
851 2151 933 2177 pauca
953 2142 1065 2178 piratica

11 2192 13 2194 ·
48 2182 134 2208 {uaria
145 2182 262 2216 nauigia.
297 2183 433 2213 Sisennae,
448 2180 584 2206 Aetuarias
598 2178 630 2206 ad
642 2178 757 2213 viginti,
773 2187 853 2205 naues
866 2179 930 2205 item
943 2178 1062 2214 complu·
1078 2182 1106 2209 53

37 2216 56 2249 it
70 2217 204 2245 onerarias
218 2217 369 2243 incendunt.
419 2216 514 2244 Caesar
528 2216 556 2242 B.
572 2215 604 2241 G.
620 2222 642 2248 5,
658 2223 668 2240 1
688 2215 757 2242 Cum
770 2213 930 2251 desi-rz'psiſjbt
944 2224 1018 2240 naues
1032 2214 1065 2241 ad

37 2261 97 2280 <iera
111 2259 137 2280 et
153 2252 187 2279 ad
199 2251 400 2279 multitudinem
413 2252 595 2279 iumentorum
616 2252 845 2285 transportandam
864 2257 938 2286 aptas
947 2251 1064 2286 subiicit,

0 2306 3 2314 .
38 2286 63 2350 ἧς
77 2297 168 2316 omnes
181 2288 309 2315 actuarias
323 2288 436 2323 imperat
452 2287 520 2315 fieri.
557 2288 617 2314 Liu.
632 2295 669 2320 25,
681 2296 712 2319 3ο
737 2288 767 2313 In
781 2286 832 2313 hoc
847 2285 964 2314 tumultu
977 2286 1065 2313 affitua-

0 2318 6 2327 '
49 2333 74 2353 ae
87 2332 167 2351 naues
180 2323 329 2351 instruCtae.
364 2323 402 2350 Id.
420 2329 456 2356 38,
472 2329 499 2356 38
516 2324 579 2360 fimt
592 2322 750 2355 Adtuariae,
770 2331 837 2357 quae
858 2322 969 2356 triginta
981 2323 1064 2350 remis

49 2366 138 2390 ;antur.
180 2360 252 2387 Caes.
266 2359 423 2393 sse11.Ciuil.
445 2368 471 2392 i,
493 2368 528 2394 27
557 2360 645 2394 Atque
665 2359 699 2386 iis
719 2358 845 2393 expedito
866 2358 926 2385 loco
948 2357 1105 2385 aetuariatso

49 2394 128 2429 migia
140 2394 258 2430 reliquit.
285 2395 415 2423 Achradis
430 2396 541 2424 minutis
555 2396 642 2422 Patras
654 2395 777 2422 accedere
792 2404 846 2421 non
859 2394 920 2421 satis
936 2393 1063 2421 decorum

44 2426 80 2480 Ιίς.
90 2431 142 2458 Att.
151 2438 173 2464 5,
184 2439 208 2463 9.
244 2432 283 2458 Sic
296 2433 367 2459 Hirt.
381 2432 413 2458 de
427 2433 456 2459 B.
468 2431 542 2458 Alex.
557 2440 596 2465 44
613 2430 736 2458 Nauibus
749 2430 876 2457 achi-ariis
897 2445 942 2449 —-
963 2430 1065 2465 magni-

49 2465 114 2492 zdine
133 2474 290 2502 quamquam
304 2477 358 2494 non
373 2468 433 2495 satis
449 2467 515 2494 iusta
529 2467 561 2494 ad
576 2467 774 2502 praeliandum,
792 2466 877 2493 rostra
890 2466 1028 2500 imposuit.

60 2509 195 2529 ACTVA
205 2505 290 2530 ιὶιῦι.
300 2511 352 2531 vm
362 2524 370 2537 ,
391 2504 492 2530 Dimin.
503 2504 536 2531 ab
549 2503 716 2532 Minatium.
755 2503 811 2529 Cic.
826 2503 880 2528 Att.
897 2503 942 2535 16,
957 2510 969 2534 3
993 2502 1065 2528 Haec

7 2541 15 2551 ¹
49 2546 72 2569 zo
86 2538 255 2566 conscendens
274 2548 289 2566 e
302 2540 461 2575 Pompeiano
476 2540 562 2567 tribus
582 2539 737 2566 actuariolis
759 2538 849 2565 decem
869 2537 981 2565 scalmis.
1019 2539 1064 2564 Al.
1075 2539 1107 2570 65

49 2573 186 2602 almorum.
221 2575 365 2603 Corbitane
378 2585 412 2603 an
424 2576 585 2603 Aeiuariolis
599 2576 655 2602 Cic.
665 2577 718 2602 Att.
734 2577 772 2607 16,
786 2576 811 2601 6.
849 2573 918 2601 ΑΜ.
933 2572 970 2600 ib.
988 2582 1026 2606 10,
1042 2582 1064 2601 ιι

49 2609 98 2642 ,uid
109 2609 177 2637 dum
187 2615 306 2646 tempore
318 2612 383 2639 anni
396 2612 553 2639 AEtuai-iolo
572 2612 632 2638 fore
649 2612 735 2638 censes
748 2612 756 2637 3

59 2642 230 2678 Ac'T‘i'ro,
248 2649 301 2672 ire.
337 2647 504 2682 [ἐνεργὲμαι]
539 2647 608 2674 Gell.
621 2656 653 2681 9,
667 2649 684 2674 6
704 2647 745 2674 Ab
767 2655 799 2672 eo
819 2644 892 2681 quod
912 2644 949 2670 est
961 2645 1019 2679 Ago
1038 2649 1066 2671 et

49 2679 84 2713 gi,
105 2679 188 2707 verba
205 2679 274 2714 sunt',
285 2690 350 2716 quae
366 2682 497 2716 appellant
509 2683 682 2710 Grammatici
693 2683 906 2718 frequentatum,
927 2680 1018 2707 Adiit«)
1040 2686 1065 2707 et

49 2714 144 2743 ⁴⁴titiitii.
178 2717 211 2743 Et
220 2715 379 2752 paullopql?‚
399 2717 489 2744 Aetito
503 2718 630 2753 produ&e
644 2719 671 2745 in
683 2719 770 2754 prima
782 2717 879 2751 syllaba
892 2717 1105 2752 pronuntian-70

52 2760 102 2778 nn:
127 2751 255 2787 quoniam
267 2761 299 2779 ex
311 2761 344 2779 eo
358 2753 397 2786 fit,
406 2754 478 2788 quod
495 2754 530 2780 est
543 2755 616 2789 Ago,
634 2761 660 2782 et
672 2755 753 2782 aetus.
789 2755 845 2781 Cic.
862 2753 894 2779 de
907 2752 978 2779 Clar.
989 2754 1064 2780 Orat.

61 2789 76 2827 ⁶.
95 2793 166 2828 ‘270
185 2788 272 2815 Etiam
283 2789 321 2815 M.
337 2789 455 2816 Potidius
470 2790 604 2826 municeps
622 2791 710 2819 noster
728 2790 822 2818 multas
843 2789 957 2824 priuatas
977 2790 1064 2816 causas

43 2831 46 2834 ⁴
66 2828 157 2851 namt..
188 2823 279 2858 Qi‘um
292 2824 364 2853 inter
374 2827 522 2862 praesentes
537 2832 562 2854 et
575 2827 762 2856 conuenientes
777 2836 818 2853 res
836 2825 943 2852 aCtitata
962 2824 992 2852 fit
1017 2825 1036 2851 1.
1051 2833 1064 2858 3

41 2857 46 2884 l
71 2857 103 2884 de
118 2856 183 2886 Fffle
194 2859 317 2889 Instrum-

58 2899 110 2921 AG
120 2892 210 2929 i'TQ,
238 2899 291 2928 {ire-
330 2897 344 2932 [
357 2893 437 2930 dove'm,
455 2897 581 2932 οἷνκκινὲω,
601 2899 691 2925 ἐλαύνω
707 2901 720 2935 ]
762 2896 895 2935 ςίξῖῑίᾖσαῒ
915 2896 1065 2924 vehementer
1074 2907 1107 2935 75

54 2938 94 2956 ere
104 2929 316 2967 velfrequmiter,
334 2941 477 2967 concutere,
492 2944 646 2962 commouere.
681 2937 757 2970 Virg.
773 2936 870 2968 Georg.
885 2942 911 2966 1,
929 2935 976 2967 356
994 2934 1065 2960 Con-

63 2973 98 2992 uo
111 2966 197 2994 ventis
211 2967 392 3003 surgentibus,
405 2976 451 2996 aut
463 2970 531 2997 freta
544 2971 619 3006 ponti
653 2972 789 3006 Incipiunt
802 2970 898 3005 agitata
912 2970 1063 2997 tumescere.

38 3007 42 3013 ¹
67 3001 186 3043 *Agitata
206 3005 292 3031 ventis
311 3005 395 3032 maria
415 3007 548 3042 tepescunt
569 3007 625 3034 Cic.
645 3007 678 3034 de
699 3009 762 3035 Nat.
785 3008 865 3033 Deor.
887 3013 915 3038 2,
931 3007 963 3033 26
988 3015 1010 3032 c.
1024 3015 1062 3033 10.

67 3043 128 3064 itari
139 3042 218 3078 atque
231 3039 334 3080 tiu-bari
353 3049 425 3068 mare
443 3049 586 3070 ventorum
599 3043 628 3070 vi
645 3043 684 3070 Id.
697 3053 746 3079 pro
761 3043 865 3069 Cluent.
885 3050 906 3068 c.
918 3049 963 3075 49.
997 3042 1061 3077 Agi-

37 3109 40 3112 ⁴
65 3080 78 3097 e
92 3071 180 3100 ‚verbis
194 3074 278 3102 saeuis
289 3076 394 3104 fastidia
405 3077 517 3105 alicuius
530 3080 624 3106 Horat.
635 3080 718 3114 Epod.
733 3089 770 3111 12,
785 3087 818 3111 13.
875 3077 930 3104 Cic.
951 3076 984 3104 de
998 3078 1061 3105 Nat.
1072 3087 1104 3113 80

2 3136 3 3139 Ἴ
65 3116 104 3147 or.
122 3116 144 3140 3,
157 3108 323 3149 23-Νειωτᾱε
336 3112 383 3140 ista
401 3113 477 3147 sunt,
495 3114 591 3148 Balbe,
609 3122 718 3143 naturae
733 3124 787 3142 non
801 3112 957 3141 artificiosne
971 3113 1063 3141 ambu-

70 3151 102 3169 τις
117 3147 164 3184 (vt
177 3150 215 3170 ait
227 3145 315 3186 Z-eno)
329 3148 372 3176 sed
383 3150 475 3176 omnia
488 3151 581 3178 cientis
595 3158 620 3178 et
631 3152 755 3187 agitantis
767 3149 886 3177 motibus
899 3155 924 3176 et
937 3151 1063 3177 mutatio-

56 3179 102 3205 bus
117 3180 177 3206 suis.
213 3180 270 3208 Cic.
288 3181 394 3223 dezNat.
407 3185 488 3213 Deor.
503 3195 527 3219 1,
550 3191 592 3221 114
611 3197 632 3214 c.
647 3197 677 3221 41
704 3189 763 3215 Nec
785 3192 873 3213 tamen
885 3185 981 3219 video,
996 3196 1063 3222 quo-

55 3251 59 3255 *
72 3214 105 3241 do
119 3224 172 3241 non
186 3223 308 3244 vereatur
319 3218 366 3259 iste
378 3219 441 3248 deus
454 3221 554 3256 beatus,
563 3232 597 3250 ne
609 3224 738 3256 intereat,
755 3231 838 3257 quum
853 3221 905 3248 fine
916 3221 969 3249 vlla
982 3222 1064 3250 inter-

45 3250 142 3277 ‘iffione
162 3251 280 3293 pulsetur
297 3258 461 3291 agiteturque
482 3264 633 3286 atomorum
653 3259 803 3287 incurfione
823 3257 988 3293 sempiterna.
1032 3260 1064 3286 Et
1076 3269 1105 3298 33

85 3296 105 3313 c.
119 3296 155 3320 40
182 3288 323 3316 Indiuidua
343 3299 466 3325 corpora>
478 3307 524 3315 ——
547 3295 645 3330 pellere
663 3297 689 3322 se
706 3295 776 3330 ipsa,
795 3301 821 3321 et
839 3294 934 3329 agitari
954 3294 1024 3322 inter
1037 3296 1063 3323 se

56 3324 150 3350 neni-su
163 3323 269 3351 sortasse
290 3326 396 3366 possent.
439 3328 494 3355 Cic.
509 3338 557 3365 pro
570 3331 644 3359 Rosc.
659 3332 749 3358 Amer.
765 3333 800 3365 67
820 3339 841 3356 c.
855 3338 890 3364 24
911 3330 1004 3358 Nolite
1017 3341 1063 3366 pu-

65 3367 89 3399 et
99 3360 321 3394 quemadmodum
335 3371 364 3388 in
379 3361 476 3403 fabulis
490 3365 562 3401 saepe
577 3376 689 3394 munero
704 3367 818 3398 videtis,
833 3374 888 3399 eos,
901 3367 947 3402 qui
960 3367 1063 3403 aliquid

55 3403 63 3420 i
83 3403 106 3421 ie
119 3395 292 3431 scelerateque
312 3399 510 3433 commiserint,
521 3401 622 3436 ‚agitari
634 3409 660 3430 et
677 3403 821 3438 perterreri
835 3401 966 3430 furiatum
979 3403 1063 3430 taedis

57 3430 184 3491 :tibiam
221 3431 270 3460 Sua
285 3443 419 3469 quemque
431 3435 503 3461 fraus
520 3442 546 3463 et
558 3438 615 3464 suus
628 3445 716 3467 teri-or
734 3438 851 3466 maxime
870 3444 965 3466 vexat:
986 3440 1103 3476 suum90

42 3486 50 3523 Ι,
62 3494 118 3537 ιιΓ,

64 3535 108 3563 itit
123 3537 198 3566 alias.

183 3467 253 3495 celus
267 3470 367 3511 agitat,
384 3471 552 3513 amentiaque
571 3472 664 3501 afficit:
689 3476 750 3502 suae
772 3474 855 3502 malae
873 3474 1062 3510 cogitationes,

217 3513 251 3531 ue
264 3513 348 3532 anum
363 3512 478 3547 terrent.-
509 3509 566 3535 Cic.
578 3509 640 3538 Diu.
654 3519 680 3544 2,
695 3520 744 3545 144
769 3510 868 3545 Aquila
881 3509 1022 3538 inseffitur
1037 3517 1064 3539 et

77 3572 81 3575 ᾖ
183 3575 188 3580 ·
204 3549 272 3582 aues.
314 3541 354 3568 Id.
369 3542 401 3569 de
416 3543 508 3578 Legib.
524 3552 532 3570 i
541 3563 549 3576 ,
562 3552 598 3577 40
615 3546 650 3572 Vt
667 3554 713 3573 eos
731 3547 832 3582 agitent
852 3545 1063 3586 insetSknturque

61 3580 127 3635 522⁰.
156 3575 403 3647 vifffieffimig'gz
412 3579 782 3643 4¹⁵-Gdbffaess‘l‘2‘inigim‘-
795 3590 872 3644 gffllu
885 3581 989 3646 2⁰¹⁶⁰¹i
1003 3584 1063 3625 ὡς’

41 3663 47 3667 -
62 3640 84 3667 ‘⁷¹¹'
96 3635 101 3638 ⁶
159 3644 213 3679 ⁸1¹¹,
224 3647 313 3682 Agitet
327 3623 436 3678 f’ortursia
445 3671 452 3684 ,
468 3625 563 3678 fateri:
585 3626 732 3680 Hortamiir
741 3625 834 3686 sagigii,
847 3626 1064 3688 giiagnziimngiii
1075 3631 1108 3658 95

58 3685 190 3741 Ἑιζαῦι.
223 3681 269 3711 Sil.
281 3687 373 3749 {5568}
394 3687 729 3738 Tyriasnagitare'domos,
743 3687 777 3722 till
789 3698 888 3732 ve'fa.'²'
913 3690 972 3718 Vid.
979 3692 1064 3726 Bello,

57 3768 61 3776 ‚
76 3753 116 3778 ¹28
126 3733 161 3776 »Η
195 3728 283 3788 16ἰωὶ
294 3757 300 3763 Ι
319 3729 440 3757 agitare.
476 3723 518 3751 Sic
530 3724 639 3759 Agitue
652 3721 683 3758 qs}
699 3724 786 3751 ducere
799 3726 892 3751 m111tes
901 3725 962 3758 Stat.
969 3727 1063 3755 Theb.

63 3783 138 3812 edon.
188 3787 202 3810 .’
214 3806 221 3813 ..
238 3784 241 3786 ’
287 3774 296 3787 ⁵

57 3818 277 3886 ζῖῑλᾝοῃῗξξὲθέθὶαεέ
316 3829 410 3871 *rigares
446 3831 519 3858 Paul.
536 3832 564 3858 in
576 3832 594 3859 l.
607 3840 639 3867 73
661 3833 692 3873 D.
710 3832 742 3859 de
757 3832 866 3876 fideiuss.
885 3833 972 3862 Postea
989 3836 1065 3863 vicio

68 3874 79 3904 'v
197 3893 202 3899 ³
225 3893 232 3899 ·
247 3894 250 3900 .
270 3863 356 3896 uersus
374 3872 471 3894 iterum
491 3867 524 3894 de
538 3877 568 3894 ea
581 3877 610 3895 re
629 3868 755 3903 agitabat.
792 3868 850 3895 Sall.
866 3869 983 3904 Iugurth.
999 3881 1037 3906 19,
1051 3880 1064 3906 5

58 3891 391 3964 ῑιιὲςξξὲἕέξῑὲέἒέἓᾶθεςιιίᾳς
401 3903 567 3946 accepimus,
584 3905 682 3940 partim
703 3905 732 3932 in
747 3905 877 3940 tuguriis,
896 3905 962 3940 alios
982 3907 1064 3935 incul-

199 3962 201 3964 ,
292 3953 302 3966 ,
318 3944 338 3962 i.
349 3945 447 3971 viuere,
465 3939 589 3966 hahitare.

308 3758 484 3795 pulchraeque
497 3759 574 3787 docet
587 3761 696 3788 virtutis
711 3769 831 3787 amorem
848 3760 950 3790 Arduus
961 3763 1065 3799 Hippo-

631 3940 700 3967 Add.
715 3942 773 3976 Iug.
790 3947 830 3973 18,
848 3950 865 3974 9
888 3941 987 3981 Libyen
1004 3953 1066 3979 pro-

1508 160 1736 201 AGO
2092 172 2170 208 226

1115 251 1185 283 que.¹
1214 243 1307 284 Tacit,
1320 245 1394 286 Ann3
1410 254 1454 286 ιι,
1474 257 1523 279 21,
1542 258 1558 276 2
1584 251 1656 278 Dum
1675 251 1706 278 in
1725 251 1826 287 oppido
1839 251 1998 280 Adrumetto
2017 255 2107 283 vacuis
2125 266 2174 291 per

1114 279 1234 319 inedium
1253 280 1310 321 diei
1325 282 1473 322 porticibus
1496 285 1608 313 secretus
1629 287 1719 322 agitat.
1758 287 1858 315 Sallust.
1875 289 1997 323 Iugurth.
2012 293 2057 323 60,
2073 303 2091 325 4
2114 293 2174 319 Huc.

1116 315 1197 347 illuc,
1218 320 1289 350 quali
1309 318 1451 343 Vitabundi
1471 327 1515 345 aut
1529 321 1653 349 iacientes
1675 323 1727 350 tela
1738 324 1838 358 agitare
1858 327 1937 352 intell.
1953 327 1996 358 se,
2017 336 2126 353 mouere
2140 329 2175 354 se.

1117 351 1205 377 Valcr.
1228 355 1329 392 Argon.
1351 362 1383 386 2,
1405 357 1453 387 164
1490 368 1543 374 ——
1579 363 1662 384 totam
1688 359 1750 386 inde
1779 369 1824 395 per
1841 359 1936 388 vrbem
1979 363 2119 395 Personat,
2146 370 2175 389 vt

1118 386 1224 413 cuuGtas
1250 395 1350 422 agitent
1374 389 1506 430 expellere
1525 391 1635 430 Lemno.
1671 397 1689 420 i.
1712 396 1868 432 Confidtent,
1892 396 1998 431 Consilia
2021 401 2120 429 ineant,
2148 399 2177 425 id

1116 430 1210 463 agant,
1229 424 1346 459 quomodo
1367 427 1498 460 expellant.
1536 427 1592 452 Cic.
1608 429 1684 454 Verr.
1700 438 1723 461 3,
1743 451 1750 456 .
1769 451 1775 457 .
1798 452 1803 458 ,
1829 432 1911 466 Qiod
1923 433 1941 459 fi
1964 434 2010 460 ille
2027 434 2078 460 hoc
2092 444 2176 462 vnum

1118 466 1219 499 agitare
1234 461 1361 494 coeperit.
1398 462 1440 488 Sic
1454 461 1562 495 Agitare
1577 469 1626 497 pro
1645 463 1778 492 'Dochi-e.
1818 468 1881 494 Non
1901 470 2021 496 contenti
2041 470 2130 496 febres
2151 477 2177 497 et

1119 496 1219 521 viscera
1233 497 1349 530 agitare,
1374 505 1466 523 rerum
1483 506 1591 532 quoque
1609 506 1729 525 naturam
1744 510 1774 526 ex
1790 511 1862 536 parte
1883 505 1973 540 aliqua
1991 507 2098 533 scrutati
2117 508 2176 533 sunt

1119 532 1187 557 Cels.
1203 532 1286 558 Praef.
1326 532 1411 559 Nullo
1428 542 1492 559 vero
1508 535 1651 568 quicquam
1673 535 1728 569 post
1748 545 1809 568 eos,
1830 540 1877 572 qui
1899 541 1974 575 supra
1992 542 2175 577 comprehensi

1120 568 1195 600 sunt,
1216 568 1349 608 agitante,
1371 568 1418 594 nili
1436 568 1509 603 quod
1530 577 1662 604 acceperat
1686 570 1725 596 lb.
1771 572 1829 598 lllic
1851 576 2000 609 agitaucre,
2026 578 2177 612 placeretne

1121 603 1223 630 obstrui
1239 604 1317 638 Alpes
1333 605 1425 631 Tacit.
1440 605 1508 630 Hist.
1523 614 1547 638 3,
1562 614 1581 637 1,
1597 615 1621 632 2.
1665 606 1768 632 Paullus
1788 608 1804 633 l.
1820 618 1828 634 1
1854 609 1876 642 6.
1904 613 2011 639 Veteres
2032 616 2063 641 D.
2084 615 2117 641 de
2136 623 2178 641 ac-

1120 640 1191 674 quir.
1211 640 1272 674 pois.
1308 641 1448 674 Agit-atur,
1475 650 1539 667 num
1564 641 1628 668 haec
1653 642 1745 676 regula
1767 642 1873 677 longius
1897 648 2063 680 producenda
2088 650 2118 676 sit
2157 653 2176 677 i.

1120 675 1273 711 disputatur.
1433 673 1454 713 ff
1476 685 1488 709 3
1523 677 1570 704 Sed
1583 678 1893 715 commodiffimnmfuerit
1906 684 2069 717 Alphabmco
2091 671 2178 712 nrt’lt'ne

1117 719 1207 747 ponere
1228 713 1332 747 rslsqua.
1371 712 1469 747 Virgil.
1485 713 1585 748 Georg.
1600 722 1634 746 4,
1652 721 1705 748 154.
1728 714 1756 739 de
1775 715 1878 749 apibus,
1899 718 2056 754 Magnisque
2077 723 2179 749 amitant

1121 747 1168 774 sub
1188 747 1290 782 legibus
1305 748 1418 774 Aenum.
1476 748 1552 780 Alai,
1573 752 1591 775 i.
1611 759 1704 775 mouere
1726 750 1808 777 Ouid.
1822 751 1875 778 Tr.
1897 761 1926 784 3,
1946 762 1980 786 4,
2000 764 2037 781 21.
2092 743 2179 785 Tutius

1121 785 1251 818 quaedam
1267 784 1368 818 agitare
1381 785 1469 810 conati
1484 785 1552 810 Cels.
1569 793 1578 811 1
1596 785 1679 819 praef.
1718 786 1828 819 Liu.29,
1843 795 1852 815 1
1876 787 1954 814 Nihil
1971 791 2041 816 enim
2057 801 2166 825 paruum

1121 820 1164 846 sed
1180 819 1349 854 Carthaginis
1371 820 1425 847 iam
1446 821 1549 846 excidia
1570 821 1687 855 agitabat
1700 822 1809 849 Animo.
1854 824 1910 849 Cic.
1926 834 1975 858 pro
1990 826 2103 853 Fonteio
2121 838 2142 854 c.
2162 814 2179 855 ἐ

1121 857 1175 882 Vos
1190 862 1215 882 et
1228 857 1329 891 saepius
1344 856 1453 883 eandem
1471 865 1527 883 rem
1546 857 1651 883 Animis
1665 857 1781 891 agitare,
1801 864 1826 884 et
1838 858 1939 886 diutius
1952 870 2007 887 vno
2022 871 2130 896 quoque
2147 864 2179 890 de

1121 892 1184 918 teste
1199 893 1316 926 cogitare
1332 892 1450 926 potestis.
1488 892 1557 919 Add.
1574 893 1675 920 Sallust.
1690 893 1769 920 Catil.
1784 902 1828 926 20,
1843 903 1864 927 5.
1902 897 2000 923 Animo
2020 890 2180 925 formidines

1122 929 1181 954 Liu.
1198 937 1237 960 30.
1296 928 1363 954 Plin.
1377 937 1401 958 2,
1419 938 1427 955 1
1451 929 1537 955 Furor
1558 929 1594 955 est
1614 930 1765 956 mensuram
1784 930 1840 956 eius
1856 932 1957 958 Animo
1978 934 2106 967 quosdam
2128 936 2182 969 agi-

1120 964 1189 991 tafl'e.
1220 966 1258 990 De
1276 964 1366 990 mundo
1386 966 1414 992 lo.
1428 967 1505 991 uitur.
1559 964 1662 992 Sallust.
1676 966 1709 992 ad
1721 966 1875 999 Caesarem,
1896 968 1928 993 de
1944 969 2008 1003 Rep.
2023 970 2088 996 Ord.
2105 979 2120 996 2
2142 980 2182 1005 pr.

1121 1000 1213 1034 Itaque
1228 999 1298 1026 mihi
1311 1000 1394 1027 multa
1427 1002 1478 1027 'um
1493 1001 1593 1027 Animo
1607 1001 1735 1035 agitanti,
1757 1002 1897 1029 consilium
1919 1004 1988 1036 fuit,
2011 1006 2109 1032 samam
2125 1015 2182 1033 mo-

1121 1036 1285 1070 destiamque
1300 1045 1386 1062 meam
1400 1037 1456 1072 post
1470 1043 1543 1063 tuam
1558 1037 1716 1072 dignitatem
1729 1037 1837 1065 habere.
1875 1038 1944 1065 Add.
1959 1041 1997 1066 [d.
2013 1042 2092 1068 Catil.
2108 1052 2128 1068 c.
2137 1050 2180 1077 27.

1122 1073 1152 1098 ln
1171 1072 1250 1098 corde
1269 1072 1374 1106 aliquid
1395 1072 1477 1099 Plaut.
1492 1073 1579 1099 Truc.
1596 1082 1621 1105 2,
1636 1081 1659 1106 5,
1672 1082 1696 1106 3.
1732 1074 1794 1100 Liu.
1809 1082 1836 1109 7,
1850 1083 1878 1108 35
1903 1076 1999 1108 Nunc,
2012 1086 2079 1112 quae
2091 1079 2182 1104 Mente

1122 1108 1237 1142 agitem,
1253 1108 1352 1134 audite.
1391 1108 1448 1134 Cic.
1463 1108 1495 1134 de
1510 1109 1571 1135 Nat.
1585 1110 1665 1135 Deor.
1681 1118 1701 1142 1,
1723 1129 1729 1136 .
1753 1130 1759 1136 .
1781 1130 1788 1136 .
1814 1111 1903 1137 Habet
1923 1112 1996 1138 enim
2017 1113 2087 1141 nihil
2108 1111 2182 1140 aliud

1123 1143 1195 1179 quod
1209 1144 1290 1179 agitet
1305 1145 1335 1170 In
1350 1145 1450 1170 Mente.
1488 1145 1558 1170 Ter.
1573 1146 1681 1172 Phorm.
1696 1155 1725 1180 4,
1739 1154 1767 1178 3,
1785 1154 1802 1179 9
1823 1147 1879 1181 Ego
1900 1157 2008 1183 quoque
2027 1150 2054 1176 id
2071 1150 2183 1184 quidem

1123 1180 1232 1214 Agitans
1246 1181 1352 1207 Mecum
1366 1179 1474 1212 scdulo,
1493 1181 1604 1213 inueni,
1619 1183 1727 1215 opinor,
1743 1183 1892 1209 remedium
1908 1184 1969 1210 huic
1984 1185 2033 1211 rei.
2072 1186 2182 1220 Agitare

1125 1225 1184 1243 rem
1202 1216 1320 1252 aliquam
1339 1216 1445 1243 secretis
1467 1217 1708 1251 imaginationibus
1729 1218 1821 1244 Tacit.
1836 1220 1904 1245 Ann.
1921 1229 1960 1253 15,
1974 1223 2014 1253 36.
2052 1222 2184 1248 Laudatur

1122 1255 1197 1279 etiam
1216 1252 1277 1278 Liu.
1300 1272 1306 1278 .
1330 1272 1337 1279 .
1360 1272 1366 1278 .
1398 1253 1448 1279 His
1467 1253 1537 1279 curis
1557 1253 1822 1289 cogitationibusque
1842 1256 1962 1282 animum
1981 1257 2127 1291 agitauerat
2148 1257 2183 1290 ab,

1121 1289 1230 1315 ineunte
1250 1294 1352 1321 aetate,
1396 1291 1413 1317 ι’.
1433 1295 1584 1315 exercuerat.
1661 1290 1730 1315 Aues
1752 1291 1852 1324 agitare
1888 1293 1944 1318 Cic.
1968 1293 2030 1319 Diu.
2050 1302 2066 1320 2
2094 1304 2115 1320 c.
2138 1301 2183 1328 70.

1123 1325 1183 1351 Sall.
1197 1324 1319 1359 Iugurth.
1334 1332 1396 1357 109,
1410 1333 1427 1351 2
1452 1325 1482 1350 Se
1496 1325 1602 1351 missum
1623 1334 1638 1351 a
1652 1326 1767 1352 Consule
1787 1327 1884 1354 venisse
1902 1328 2067 1362 quaesitum,
2090 1338 2182 1364 pacem

1122 1370 1155 1387 an
1168 1361 1270 1386 Bellum
1283 1360 1431 1394 agitaturus
1444 1361 1524 1387 foret.
1562 1361 1608 1387 Sil.
1624 1370 1648 1393 3,
1660 1370 1714 1396 700
1737 1362 1865 1397 Belloque
1880 1365 1980 1399 agitare
1994 1366 2098 1400 parabis
2114 1367 2183 1391 Affa-

1122 1397 1177 1423 raci
1201 1396 1313 1430 prolem.
1391 1398 1456 1422 Atra
1477 1397 1542 1423 Bilis
1562 1398 1645 1431 agitat
1668 1398 1807 1424 hominem
1828 1399 1909 1426 Plaut.
1933 1401 2007 1435 Capt.
2028 1411 2058 1434 3,
2079 1413 2112 1436 4,
2136 1405 2182 1434 64.

1124 1433 1232 1467 Agitare
1248 1433 1333 1467 Caput
1354 1432 1486 1458 Columel.
1508 1435 1539 1465 6,
1561 1436 1593 1465 6,
1611 1442 1633 1465 3.
1656 1436 1673 1458 ι’.
1688 1443 1790 1460 mouere.
1850 1436 1951 1462 [cruos
1972 1438 2000 1463 in
2015 1439 2085 1463 retia
2099 1437 2182 1464 Ouid.

1123 1469 1189 1495 Met.
1204 1477 1226 1501 3,
1239 1470 1294 1500 356.
1353 1467 1475 1501 Chore&
1497 1471 1514 1494 i.
1531 1469 1638 1494 Choreas
1652 1478 1762 1496 exercere
1782 1470 1857 1504 Virg.
1876 1472 1975 1506 Georg.
1991 1482 2018 1505 4,
2033 1482 2082 1505 533.
2121 1472 2182 1499 Sall.

1124 1505 1167 1532 Ne
1181 1505 1240 1539 quis
1257 1504 1284 1530 in
1298 1503 1365 1530 vrbe
1385 1504 1483 1530 Coetus
1504 1504 1650 1531 nociurnos
1671 1505 1787 1539 agitarit.
1836 1506 1896 1532 Liu.
1914 1516 1947 1539 4,
1970 1516 2000 1540 ις
2024 1508 2066 1534 [bi
2086 1509 2184 1535 secreta

1125 1541 1242 1568 Confilia
1261 1540 1380 1574 agitare:
1408 1540 1486 1575 queri
1507 1541 1533 1565 se
1553 1548 1568 1566 a
1589 1540 1665 1574 plebe
1686 1541 1752 1567 adeo
1765 1542 1874 1575 spretos.
1912 1543 1981 1568 Adii.
1996 1543 2034 1570 Id.
2049 1550 2090 1576 28,
2106 1553 2145 1577 ιο,
2161 1552 2184 1577 5.

1124 1578 1193 1603 Ter.
1209 1578 1274 1603 Hec.
1290 1585 1316 1608 1,
1335 1585 1366 1609 2,
1387 1581 1412 1606 18
1440 1576 1577 1610 Agitarem
1593 1577 1664 1602 inter
1678 1585 1725 1602 vos
1745 1576 1830 1603 libere
1850 1579 2017 1605 conuiuium.
2066 1581 2114 1607 Vbi
2129 1581 2183 1606 Do-

1123 1619 1216 1646 natus,
1238 1614 1341 1647 Agere,
1363 1612 1399 1638 est
1413 1611 1518 1647 aliquid
1534 1612 1577 1638 vel
1591 1613 1762 1638 necessarium
1784 1613 1871 1639 facere
1887 1625 1892 1640 :
1920 1615 2046 1649 Agitare,
2061 1616 2184 1651 volupta-

1123 1649 1204 1675 rium.
1249 1649 1332 1675 Plaut.
1347 1647 1417 1674 Asin.
1433 1656 1455 1681 5,
1470 1657 1490 1680 1,
1505 1656 1522 1682 7
1542 1649 1601 1674 Hoc
1615 1649 1744 1682 agitemus
1759 1650 1919 1676 conuiuium
1934 1652 1999 1678 vino
2020 1659 2045 1678 et
2060 1654 2181 1680 sermone

1123 1685 1208 1711 suaui.
1273 1685 1376 1711 Currus
1400 1683 1482 1711 Ouid.
1499 1684 1551 1710 Tr.
1573 1693 1606 1716 2,
1628 1689 1678 1717 385.
1748 1685 1919 1719 Custodiam,
1941 1691 1959 1714 i.
1978 1689 2091 1714 accubitu
2112 1698 2185 1725 agere

1123 1721 1206 1748 Plaut.
1220 1720 1289 1747 Rud.
1304 1729 1327 1753 3,
1343 1723 1370 1753 6,
1384 1729 1426 1747 20.
1466 1722 1504 1746 De
1523 1721 1609 1756 aliqua
1621 1730 1656 1747 re.
1694 1721 1734 1747 De
1749 1721 1877 1755 supremis
1892 1724 1993 1757 agitare
2006 1725 2097 1750 Tacit.
2114 1724 2182 1751 Hist.

1123 1766 1151 1791 4,
1167 1765 1208 1790 59,
1224 1766 1243 1783 1.
1266 1760 1283 1782 i.
1300 1764 1402 1783 mortem
1423 1763 1538 1790 reputare·
1546 1758 1638 1791 ficum.
1696 1757 1821 1783 Creditus
1842 1759 1924 1785 etiam
1945 1760 1982 1786 est
2001 1760 2033 1786 de
2051 1761 2184 1787 memoria

1123 1792 1265 1820 clebranda
1285 1793 1405 1819 Neronis
1427 1792 1562 1825 agitauiss'e
1582 1791 1620 1816 Id.
1635 1792 1703 1817 Hist.
1718 1801 1743 1823 1,
1760 1798 1808 1826 78,
1822 1802 1846 1819 2.
1889 1795 1971 1821 Plaut.
1987 1796 2054 1821 Pers.
2071 1805 2098 1828 5,
2114 1805 2137 1828 1,
2153 1804 2182 1831 17

1124 1830 1179 1863 Age
1192 1828 1334 1858 accumbe,
1357 1827 1426 1852 hunc
1440 1827 1519 1852 Diem
1533 1827 1639 1851 suauem
1655 1835 1745 1852 meum
1758 1828 1872 1854 natalem
1893 1830 1964 1856 inter
1984 1840 2031 1857 nos
2050 1833 2182 1861 agitemus

1123 1872 1276 1891 amoenum.
1315 1862 1371 1888 Cic.
1384 1863 1462 1892 Verr.
1476 1871 1509 1894 4,
1526 1869 1570 1894 154
1592 1871 1612 1887 c.
1627 1864 1664 1895 46
1690 1862 1773 1888 Cuius
1793 1864 1903 1891 nomine
1920 1866 1989 1900 apud
2003 1861 2104 1893 Siculos
2119 1868 2183 1894 Dies

1123 1899 1184 1925 festi
1198 1899 1340 1932 agitantur.
1399 1896 1525 1929 Dionysia
1541 1897 1643 1930 agitare
1656 1897 1727 1924 Ter.
1743 1899 1839 1926 Heaut.
1854 1909 1882 1933 4,
1896 1911 1931 1935 4,
1946 1910 1977 1928 ιι.
2035 1904 2183 1937 Disciplina

1123 1934 1263 1960 literarum
1279 1934 1382 1959 maiore
1396 1932 1483 1959 fludio
1499 1933 1595 1966 agitari
1610 1933 1699 1966 coepit
1714 1934 1782 1959 Cels.
1796 1944 1806 1961 1
1823 1937 1907 1969 praef.
1944 1937 2044 1964 Sallust.
2060 1938 2182 1972 Iugurth.

1123 1978 1163 2002 25,
1179 1972 1195 1995 6
1216 1970 1305 1995 Primo
1320 1974 1485 1997 commotus,
1505 1974 1578 1993 metu
1599 1974 1680 2001 atque
1699 1968 1815 1995 libidine
1829 1971 1956 1997 Diuersus
1976 1973 2143 2006 agitabatur,
2162 1977 2182 2001 i.

1123 2004 1191 2031 modo
1205 2005 1265 2035 huc,
1287 2003 1355 2029 modo
1374 2003 1435 2028 illuc
1450 2002 1618 2036 impellebatur
1638 2006 1665 2028 1⁴72
1686 2002 1799 2039 diuersas
1812 2006 1963 2040 sententian
1993 2001 2182 2043 Spumantem.

1122 2048 1173 2073 que
1188 2038 1304 2072 agitabat
1319 2046 1418 2071 equum
1433 2037 1530 2071 Virgil.
1545 2038 1610 2063 Acn.
1626 2046 1670 2070 11,
1686 2046 1749 2072 770.
1787 2040 1870 2067 Plaut.
1886 2042 1954 2068 Asin.
1971 2051 1997 2075 ς,
2014 2052 2026 2076 3
2037 2065 2044 2076 ,
2062 2051 2098 2075 118
2121 2046 2182 2072 Cal-

1122 2074 1177 2099 cari
1198 2073 1398 2108 quadrupedem
1423 2072 1531 2107 agitabo
1550 2073 1674 2099 aduersus
1694 2074 1805 2102 cliuum.
1864 2078 1920 2104 Cic.
1938 2072 1990 2105 Osi'.
2007 2089 2035 2112 ς,
2056 2083 2086 2110 og
2114 2091 2136 2108 c.
2152 2090 2181 2117 17

1121 2109 1218 2135 Suntne
1242 2109 1326 2143 igitur
1346 2109 1473 2141 insidiae,
1494 2109 1604 2136 tendere
1624 2110 1727 2144 plagas,
1750 2111 1852 2138 etiarnsi
1875 2109 2036 2142 excirms'us
2057 2126 2111 2143 non
2133 2117 2181 2150 fis,

1120 2154 1167 2172 nec
1194 2145 1363 2179 agitaturus?
1397 2146 1468 2180 Ipsae
1487 2145 1559 2171 enim
1582 2145 1654 2172 ferae
1674 2146 1750 2173 nullo
1777 2149 1933 2183 insequente
1957 2152 2031 2186 saepe
2051 2153 2182 2180 incidunt.

1119 2181 1217 2215 Virgil.
1238 2182 1305 2208 Aen.
1327 2189 1358 2213 z,
1377 2183 1432 2214 640
1460 2182 1514 2207 Vos
1536 2182 1634 2216 agitate
1654 2183 1763 2217 Fugam.
1809 2185 1854 2211 Sil.
1872 2194 1896 2218 1,
1912 2194 1958 2220 ¹40
1981 2188 2181 2225 Baeticolasque

1119 2218 1194 2243 viros
1208 2217 1296 2244 Furiis
1312 2218 1430 2251 agitabat
1448 2218 1558 2252 iniquis.
1597 2217 1697 2244 Sallust.
1713 2219 1793 2246 Catil.
1809 2226 1853 2254 48,
1868 2230 1878 2247 1
1901 2223 2060 2251 Ciceronem
2079 2226 2110 2252 ad
2125 2235 2180 2253 cae.

1118 2253 1175 2279 lum
1190 2252 1301 2286 tollere,
1323 2253 1408 2279 veluti
1422 2254 1552 2280 seruitute
1569 2260 1676 2288 erepta,
1695 2255 1829 2282 Gaudium
1845 2263 1870 2283 et
1891 2258 2034 2286 Laetitiam
2054 2262 2180 2291 agitabat..

1119 2290 1219 2324 Greges
1239 2289 1373 2324 lanigeros
1393 2290 1490 2325 Virgil.
1505 2290 1603 2324 Georg.
1619 2299 1646 2322 3,
1665 2296 1720 2324 287.
1779 2293 1928 2327 Imperium
1949 2295 2024 2322 orbis
2047 2291 2180 2324 tei-rarum

1118 2326 1219 2359 agitare
1238 2325 1310 2352 Flor.
1326 2334 1357 2358 2,
1371 2334 1402 2357 2,
1415 2334 1438 2358 3.
1465 2329 1482 2351 ι’.
1500 2329 1583 2352 animo
1595 2326 1647 2359 szi
1660 2326 1790 2360 destinare.
1833 2329 1881 2356 Sed
1899 2330 1927 2356 de
1946 2332 2000 2366 ipfiz
2019 2332 2180 2361 administra-

1119 2364 1186 2387 tione
1205 2361 1307 2388 Sallust.
1322 2362 1401 2388 Catil.
1413 2370 1439 2394 9,
1457 2369 1469 2393 5
1490 2361 1630 2388 Beneficiis
1644 2365 1762 2397 (potius)
1778 2372 1858 2398 quarn
1877 2373 1949 2393 metu
1962 2362 2179 2404 Imperiunsagi-

1119 2396 1219 2423 tabant.
1287 2397 1409 2423 inducias
1433 2396 1494 2423 Sall.
1513 2397 1635 2432 Iugurth.
1648 2406 1700 2431 29,
1719 2408 1746 2433 4.
1790 2400 1847 2427 Sen.
1863 2397 1942 2436 Epist.
1960 2412 2007 2436 109
2035 2405 2108 2439 Qiia
2127 2405 2180 2432 hoc

1119 2439 1223 2467 tempus
1238 2432 1365 2459 idoneum
1380 2433 1415 2458 est
1428 2431 1582 2466 laboribus,
1604 2433 1733 2461 idoneum
1746 2436 1877 2470 agitandis
1890 2447 1938 2472 per
1953 2439 2038 2467 studia
2052 2442 2179 2476 Ingeniis.

1121 2469 1189 2496 Pers.
1204 2470 1230 2501 6,
1245 2477 1258 2502 5
1279 2470 1345 2495 Mox
1359 2469 1471 2496 iuuenes
1486 2469 1586 2503 agitare
1601 2471 1691 2502 iocos,
1716 2474 1735 2497 i.
1754 2473 1874 2499 luncuiler
1889 2474 1938 2505 siue
1957 2478 2069 2503 iuuenum
2084 2487 2180 2504 amores

1120 2505 1263 2541 describere.
1301 2504 1370 2531 Add.
1384 2505 1466 2531 Ouid.
1481 2506 1547 2532 Met.
1562 2514 1591 2538 3,
1606 2515 1659 2538 3ι9.
1697 2507 1763 2534 Plin.
1778 2508 1857 2543 Epist.
1873 2503 1902 2542 8*,
1918 2519 1950 2543 2,
1965 2520 1981 2538 2
2002 2513 2073 2539 Mihi
2090 2520 2179 2541 autem

1120 2540 1259 2575 egregium
1279 2540 1308 2567 in
1336 2541 1430 2575 primis
1462 2540 1587 2573 videtur,
1607 2548 1636 2568 vt
1656 2542 1740 2575 foris,
1761 2544 1798 2570 ita
1825 2544 1914 2572 domi:
1935 2554 1964 2573 vt
1997 2548 2025 2574 in
2059 2551 2179 2584 magnis,

1121 2577 1158 2603 ita
1193 2577 1222 2603 in
1245 2577 1349 2611 paruis:
1376 2583 1405 2603 vt
1440 2576 1469 2603 in
1502 2577 1614 2610 alienis,
1635 2578 1673 2604 ita
1714 2579 1744 2605 in
1773 2580 1825 2607 suis
1862 2582 1963 2616 agitare
1995 2585 2143 2618 Iustitiam,
2160 2589 2180 2612 i.

1120 2612 1209 2647 affidue
1229 2622 1348 2640 exercerc.
1386 2612 1487 2639 Sallust.
1502 2613 1581 2640 Catil.
1603 2620 1667 2640 extr.
1689 2615 1728 2642 Ita
1746 2616 1822 2643 varie
1842 2626 1890 2651 per
1905 2627 2014 2646 omnem
2028 2623 2178 2649 exercitum

1122 2648 1254 2681 Laetitia,
1280 2650 1407 2682 Moeror,
1428 2649 1543 2682 Lucius,
1565 2655 1644 2684 atque
1662 2651 1766 2677 Gaudia
1789 2652 1967 2687 agitabantur.
2023 2656 2179 2686 Latrocinia

1121 2685 1190 2711 Tac.
1204 2685 1273 2711 Ann.
1288 2693 1325 2718 12,
1338 2693 1378 2718 39.
1434 2686 1601 2712 Mentionem
1622 2685 1655 2712 de
1675 2695 1704 2713 re
1724 2687 1814 2723 aliqua
1833 2689 1893 2716 Liu.
1909 2698 1941 2726 7,
1963 2712 1970 2718 .
1994 2712 2000 2719 .
2023 2713 2029 2719 .
2067 2695 2178 2722 Moenia

1119 2730 1207 2747 nouae
1222 2720 1297 2748 vrbis
1312 2721 1413 2756 agitare
1428 2721 1498 2748 Flor.
1513 2730 1536 2753 1,
1551 2730 1578 2754 ι,
1592 2729 1613 2754 5.
1639 2725 1657 2748 ι’.
1672 2725 1784 2760 cogitare
1797 2724 1826 2751 de
1839 2725 1900 2752 illis.
1937 2727 2039 2755 Sallust.
2055 2729 2177 2765 Iugurth.

1121 2762 1159 2789 81,
1172 2766 1190 2790 4
1210 2757 1253 2784 Ne
1268 2765 1357 2784 moras
1376 2757 1518 2791 agitando,
1539 2757 1613 2784 aliud
1631 2767 1711 2793 quam
1731 2758 1834 2787 bellum
1853 2762 1961 2796 mallet,
1982 2767 2001 2791 i.
2017 2766 2176 2799 cunctando,

1120 2792 1278 2820 differendo.
1335 2793 1421 2819 Multa
1438 2793 1550 2827 agitanti
1562 2793 1632 2820 nihil
1646 2795 1768 2829 procedit
1783 2796 1841 2823 Sall.
1856 2798 1985 2834 Catil.27,
1999 2810 2021 2833 3.
2059 2802 2177 2829 Noctem

1120 2829 1190 2864 apud
1209 2838 1305 2864 aquam
1317 2829 1420 2856 Marius
1434 2829 1533 2862 Syllam
1553 2839 1615 2856 eum
1631 2831 1768 2865 equitibus
1784 2833 1886 2867 agitare
1905 2835 1981 2862 iubet
2000 2836 2038 2863 Id.
2054 2837 2176 2872 Iugurth-

1120 2870 1170 2899 98,
1185 2874 1213 2899 4.
1251 2867 1342 2906 Et·14‚
1360 2874 1389 2892 ιο
1413 2865 1488 2892 Laeti
1502 2874 1592 2900 pacem
1606 2867 1786 2901 agitabamus,
1806 2872 1824 2895 i.
1839 2870 1984 2907 agebamus,
2022 2880 2092 2899 acute
2108 2877 2176 2900 uiue-

1120 2901 1212 2928 bamus.
1267 2902 1367 2929 Piratas
1380 2901 1487 2928 nauales
1501 2902 1573 2929 Flor.
1588 2912 1616 2936 4,
1631 2908 1655 2935 8,
1669 2911 1694 2929 2.
1749 2904 1855 2931 Plebem
1868 2879 2045 2934 seditionieus
2058 2909 2124 2935 Plin.
2135 2918 2175 2942 14,

1120 2948 1147 2972 4.
1184 2936 1454 2965 vid.1-:xAG1To.

1167 2974 1172 2978 ·
1346 2973 1352 2978 .
1508 2937 1611 2965 Sallust.
1633 2939 1690 2974 Iug.
1712 2948 1757 2973 14,
1779 2949 1795 2966 2
1824 2942 1899 2974 Qiae
1921 2945 2076 2977 (praecepta
2093 2945 2176 2979 patris

1120 2977 1192 3006 inei)
1212 2983 1297 3009 quum
1312 2979 1456 3008 agitarem,
1477 2977 1495 3000 i.
1510 2976 1537 3000 in
1550 2974 1603 3001 illis
1608 2975 1746 3011 firuandis
1758 2985 1793 3002 me
1807 2985 1957 3010 exercerem,
1973 2986 2038 3005 certe
2050 2982 2077 3005 in
2091 2983 2175 3007 animo

1118 3009 1237 3038 haberem.
1291 3010 1343 3036 Pro
1358 3009 1462 3042 castris,
1482 3013 1500 3036 i.
1514 3009 1558 3044 effi*
1570 3014 1598 3036 in
1613 3009 1704 3044 castris
1723 3011 1761 3037 Id.
1776 3011 1897 3046 Iugur-th.
1912 3021 1953 3046 59,
1966 3022 1984 3040 1.
2027 3015 2078 3041 Pro
2093 3024 2176 3042 muro

1118 3045 1188 3072 Ibid.
1203 3054 1249 3079 94,
1263 3054 1302 3079 14.
1338 3045 1438 3072 Sallust.
1453 3046 1483 3073 in
1496 3045 1616 3081 Iugurth.
1639 3046 1771 3073 Cohortes
1791 3057 1862 3074 cunr
1870 3050 1946 3075 omni
1961 3050 2082 3084 equitatu
2099 3060 2175 3087 prae-

1117 3081 1214 3108 sidium
1226 3081 1370 3116 agitabant.
1408 3083 1500 3109 quen.
1516 3091 1559 3115 10,
1573 3091 1599 3114 33
1619 3083 1750 3117 Perpetuo
1763 3084 1818 3110 risu
1837 3084 1993 3118 pulmonem
2012 3087 2113 3120 agitare
2134 3089 2174 3114 so-

1118 3117 1199 3144 lebat.
1236 3118 1415 3145 Democritus.
1465 3118 1620 3153 Qadrigae
1640 3118 1776 3153 agitantur
1795 3121 1871 3146 Varr.
1886 3121 1916 3147 L.
1933 3121 1963 3147 L.
1978 3129 2001 3155 5,
2017 3130 2038 3155 ς.
2085 3125 2173 3158 Qiae.

1118 3154 1248 3188 stionem,
1276 3154 1330 3181 vid.
1352 3155 1376 3181 h.
1390 3163 1415 3180 v.
1470 3155 1596 3181 Rationes
1611 3154 1712 3189 agitare
1727 3161 1753 3181 et
1767 3155 1909 3190 exquirere
1925 3157 2075 3185 Cic-Tusc.
2090 3168 2112 3193 5,
2126 3162 2173 3193 64.

1118 3190 1210 3217 lustin.
1225 3199 1245 3224 1,
1261 3197 1273 3223 5
1293 3191 1325 3217 Et
1338 3190 1468 3226 quoniam
1480 3189 1530 3217 fibi
1545 3190 1685 3217 defunctus
1700 3191 1805 3217 somnio
1818 3190 1973 3225 videretur,
1986 3196 2087 3228 agitato
2102 3197 2174 3223 inter

1119 3226 1233 3262 pastores
1248 3227 1358 3261 Regno,
1380 3226 1409 3253 de
1427 3226 1480 3263 Iufii
1499 3234 1523 3252 et
1543 3225 1610 3263 quasi
1617 3227 1719 3262 fabula.
1757 3227 1817 3253 Liu.
1830 3236 1854 3259 3,
1865 3236 1899 3261 34
1919 3229 2061 3257 Versarent
2074 3232 2105 3258 in
2115 3232 2172 3258 ani-

1119 3263 1169 3290 mis
1187 3264 1274 3289 secum
1288 3271 1505 3298 vnamquamque
1519 3263 1600 3295 Rem,
1620 3263 1750 3297 agitarent
1770 3262 1867 3290 deinde
1886 3264 2075 3300 Sermonibus,
2091 3274 2172 3302 atque

1119 3299 1148 3326 in
1161 3298 1282 3326 medium
1300 3298 1366 3334 quid
1382 3300 1412 3325 in
1426 3307 1531 3334 quaque
1550 3307 1579 3326 re
1600 3298 1658 3333 plus
1678 3298 1799 3324 minusue
1819 3299 1880 3326 esset
1903 3301 2066 3330 conferrent.
2121 3304 2173 3330 Res

1118 3335 1147 3362 in
1161 3335 1257 3362 Senatu
1277 3334 1375 3370 agitari
1394 3341 1487 3370 coepta
1508 3334 1568 3361 Sall.
1583 3335 1639 3368 Iug.
1651 3341 1702 3368 27,
1717 3341 1736 3359 ι.
1792 3334 2012 3372 Rempublicam,
2031 3348 2082 3374 pro
2096 3340 2172 3366 Tur-

1117 3371 1183 3398 bare
1203 3370 1242 3398 Id.
1257 3371 1338 3398 Catil.
1354 3376 1400 3404 33,
1419 3379 1442 3403 3.
1493 3370 1569 3397 Sacra
1590 3370 1678 3396 Catul.
1691 3368 1723 3395 de
1736 3369 1884 3398 Berecinth.
1899 3378 1927 3399 et
1947 3374 2000 3406 Aty
2014 3384 2058 3408 24.
2109 3375 2172 3409 Spes

1119 3408 1209 3434 inanes
1229 3407 1312 3434 Ouid.
1328 3408 1393 3433 Met.
1408 3414 1435 3442 7,
1448 3408 1502 3439 336.
1546 3404 1717 3440 Triumphos
1735 3405 1816 3433 Ouid.
1830 3407 1864 3434 ad
1875 3408 1936 3436 Liu.
1950 3417 1987 3442 35.
2023 3410 2068 3438 Sil.
2082 3418 2108 3442 2,
2122 3418 2172 3443 529

1119 3442 1307 3478 Tisiphonen,
1329 3444 1398 3470 imos
1410 3443 1555 3478 agitantem
1570 3440 1688 3468 Verbere
1707 3450 1804 3469 manes.
1846 3443 1906 3471 Sen.
1920 3445 2030 3480 Hippol.
2043 3448 2094 3480 965
2114 3446 2172 3472 Cur

1118 3478 1171 3506 tibi
1191 3485 1263 3506 tanta
1282 3479 1319 3506 est
1335 3487 1403 3506 cura
1416 3487 1545 3514 perennes
1564 3477 1665 3511 agitare
1679 3477 1742 3504 Vias
1758 3478 1874 3507 aetheris
1888 3480 1953 3514 alti,
1974 3489 2019 3508 etc.
2055 3481 2172 3515 Vigilias

1118 3515 1201 3542 Plaut.
1214 3515 1298 3542 Trin.
1314 3525 1350 3549 4,
1369 3524 1400 3548 2,
1419 3522 1463 3549 27.
1493 3517 1510 3540 ι’.
1526 3520 1604 3540 totam
1622 3511 1718 3539 nostem
1736 3515 1854 3551 vigilare.
1910 3516 2010 3543 Sallust.
2025 3517 2104 3543 Catil.
2117 3525 2143 3549 2,
2160 3525 2172 3544 ι

1120 3552 1153 3587 Et
1173 3551 1228 3578 iam
1242 3557 1299 3578 tum
1313 3552 1369 3578 vita
1383 3551 1525 3577 hominum
1538 3548 1591 3575 sine
1603 3547 1749 3589 cupiditate
1762 3551 1929 3586 agitabatur,
1942 3559 1991 3588 pro
2004 3552 2151 3586 Agebatur.

1156 3595 1179 3615 A
1187 3594 1208 3615 G
1219 3595 1228 3614 1
1238 3595 1260 3615 T
1269 3595 1291 3615 Α
1300 3595 1323 3614 N
1332 3594 1350 3614 D
1360 3595 1382 3614 v
1391 3594 1417 3613 M
1438 3586 1474 3613 est
1488 3593 1583 3619 corpus
1595 3583 1654 3611 leui
1665 3585 1811 3620 gestatione
1829 3588 1898 3614 Cels.
1910 3596 1935 3620 3,
1947 3590 1973 3614 6.

1159 3631 1182 3651 A
1191 3630 1229 3651 Gi
1240 3631 1261 3650 T
1271 3631 1294 3651 A
1303 3632 1325 3651 N
1335 3631 1364 3656 s,
1385 3622 1478 3649 Partic.
1499 3620 1512 3654 [
1519 3620 1650 3656 ἐνακινῶν]
1686 3621 1742 3649 Cic.
1756 3622 1789 3649 de
1804 3623 1861 3649 Fin.
1871 3632 1897 3656 2,
1911 3631 1944 3656 45
1964 3621 2046 3656 Qiod
2056 3622 2075 3649 fi
2088 3623 2172 3651 ratio-

1121 3669 1184 3686 nem
1199 3659 1315 3687 habeant
1329 3668 1344 3686 a
1356 3664 1450 3686 natura
1467 3656 1552 3684 menti
1567 3655 1671 3690 datam,
1692 3663 1718 3684 et
1738 3667 1825 3685 acrem
1844 3666 1870 3685 et
1890 3660 2044 3693 vigentem,
2063 3659 2171 3686 celerri-

1119 3705 1216 3731 meque
1229 3696 1313 3722 multa
1324 3695 1481 3730 agitantem,
1501 3698 1545 3718 etc.
1580 3691 1679 3719 Infidos
1694 3695 1796 3729 agitans
1811 3693 1943 3721 discordia
1962 3694 2058 3721 fratres
2071 3695 2170 3730 virgil.

1121 3732 1219 3767 Georg.
1236 3740 1262 3764 2,
1275 3733 1339 3765 496.
1376 3729 1485 3764 Agitans
1499 3728 1528 3754 in
1541 3728 1608 3754 retia
1622 3737 1715 3756 ceruos
1731 3730 1813 3757 Ouid.
1829 3731 1894 3756 Met.
1908 3738 1938 3762 3,
1951 3732 2007 3762 368.
2043 3731 2086 3757 Est
2099 3732 2173 3758 Deus

1121 3768 1150 3794 in
1166 3768 1245 3794 nobis
1262 3768 1378 3803 agitante
1396 3764 1549 3791 calescimus
1562 3763 1611 3791 illo
1624 3764 1664 3792 Id.
1679 3765 1745 3792 Fast.
1760 3768 1787 3798 6,
1800 3774 1822 3798 5.

318 3794 342 3819 ‘2
371 3795 420 3823 Sed
429 3798 503 3822 etiam
515 3797 614 3833 aliquas
627 3797 696 3822 verbi
707 3797 766 3831 Ago
771 3795 969 3833 significationes
974 3807 1116 3835 perna-100
1159 3811 1181 3831 Α
1190 3811 1211 3831 G
1221 3812 1230 3830 1
1239 3811 1260 3830 T
1269 3811 1320 3830 Αἰ·
1330 3810 1350 3829 ν
1360 3809 1373 3828 s
1383 3821 1392 3833 ‚
1411 3800 1505 3827 Panic.
1533 3799 1722 3836 [ἐληλαμένας]
1760 3802 1816 3828 Cic.
1835 3800 1868 3827 de
1881 3800 1970 3827 Somn.
1986 3801 2055 3836 Scip.
2072 3810 2098 3828 21
2117 3811 2138 3828 c.
2154 3809 2171 3834 9

1121 3840 1186 3867 Sunt
1199 3845 1288 3866 autem
1301 3838 1418 3873 optimae
1432 3844 1510 3862 curae
1524 3835 1556 3862 de
1569 3836 1651 3864 salute
1663 3838 1778 3872 patriae:
1798 3835 1895 3871 quibus
1908 3837 2021 3871 agitatus
2034 3844 2061 3864 et
2072 3837 2172 3864 exerci-

1119 3881 1189 3903 tatus
1209 3875 1329 3907 animus,
1355 3871 1476 3900 velocius
1498 3871 1528 3898 in
1547 3871 1614 3898 hanc
1634 3873 1724 3900 sedem
1748 3878 1775 3899 et
1792 3872 1902 3899 domum
1919 3873 1993 3900 suam
2011 3873 2172 3908 pei-uolabit.

1120 3912 1194 3939 Saxis
1208 3912 1320 3946 agitatus
1334 3909 1434 3935 humor
1448 3908 1542 3934 Horat.
1557 3907 1608 3935 Od.
1623 3917 1649 3941 1,
1661 3917 1704 3941 12,
1717 3916 1758 3940 29.
1815 3907 1943 3942 Zephyris
1965 3909 2062 3944 agitata
2084 3915 2172 3942 tempe

1121 3947 1161 3975 Id.
1174 3947 1226 3974 Od.
1239 3955 1267 3979 3,
1282 3955 1310 3978 1,
1324 3953 1365 3978 24-
1412 3943 1469 3970 Cic.
1483 3942 1515 3970 de
1529 3944 1653 3971 Vniuers.
1667 3952 1694 3978 7.
1715 3944 1787 3970 Nam
1805 3953 1890 3978 quum
1910 3944 2081 3971 constituiss'ct
2099 3943 2171 3969 Deus

59 3971 88 3989 us
100 3971 172 3990 mare
183 3964 304 3996 Africum
316 3971 455 4006 agitabant.
493 3976 524 4001 Et
538 3975 594 4011 lug.
608 3984 655 4011 74,
670 3985 679 4003 1
700 3977 824 4012 Agitabat
837 3985 927 4004 varius
939 3977 1112 4019 incertus-105
1121 3983 1201 4011 bonis
1214 3980 1340 4009 omnibu·
1353 3979 1460 4015 explere
1473 3977 1619 4013 mundum,
1637 3979 1702 4007 mali
1713 3978 1784 4006 nihil
1797 3979 1943 4008 admiscere
1951 4000 1960 4012 ,
1978 3978 2068 4015 quoad
2078 3984 2172 4005 natur·

133 4006 218 4028 vor..
244 4003 275 4030 -1.

1414 4016 1435 4043 F
1460 4015 1476 4043 f
2072 4020 2173 4049 patere-
