2474 4182
795 127 800 139 ἱ

22 156 71 195 113
441 132 668 178 ADM
1499 133 1737 175 ADM
2099 152 2155 189 114

58 236 156 258 ADMi
164 235 204 255 Νι
212 234 224 255 s
233 234 282 254 TR
291 233 327 260 0,
347 229 401 254 are.
423 225 578 262 [ὕπηρετέω]
614 221 737 258 Lati'fflmi
751 221 810 258 vfiaes
823 222 932 255 verbum,
944 222 1006 249 illud
1017 228 1055 249 ta·
1106 229 1199 249 remur
1208 239 1216 252 ,
1236 228 1304 260 quae
1316 219 1383 246 fiunt
1398 220 1430 246 ad
1443 221 1641 261 multitudinem
1655 221 1845 250 deleniendam.
1884 223 1925 252 Sic
1939 224 1970 251 de
1983 225 2060 252 Pron.
2075 226 2154 253 Cons,

21 275 73 293 men
80 264 173 302 fimper
185 270 270 293 notat,
290 266 317 289 in
334 266 444 300 gratiam
462 258 788 300 alterius*aliquas-facere‚
804 266 919 299 tanquam
934 260 1000 285 [llius
1011 259 1055 284 mi-
1109 266 1130 283 e.
1147 265 1158 281 2
1176 255 1224 281 Scd
1238 255 1302 290 quid
1317 256 1460 297 est³.q¹¹⁰d
1481 267 1508 282 m
1527 258 1574 284 hac
1595 261 1669 286 causa
1689 259 1810 302 homines
1825 260 1939 286 maxime
1953 260 2117 287 admirentur
2132 268 2157 288 et

22 299 130 334 mstrum.
166 299 237 326 Caes.
254 299 315 326 Bell.
332 300 399 326 Gall.
414 308 447 335 7,
467 306 496 330 19
522 296 633 330 Reliqua
648 303 714 330 quae
727 294 760 321 ad
773 304 995 329 oppugnationem
1008 302 1053 327 op·
1108 291 1302 325 reprehendant
1315 292 1452 317 conllllum
1466 301 1554 319 meum
1566 302 1610 321 etc.
1649 297 1725 322 Plura
1737 306 1764 322 ιη
1777 296 1841 322 hanc
1853 305 1904 322 rem
1921 298 2013 322 Parcus
2025 298 2083 322 Lex.
2092 298 2156 323 Crit.

11 335 76 371 -pidi
89 334 267 369 pertinebant,
287 335 468 362 administrare
487 332 615 364 instituit,
634 337 717 366 nempe·
735 338 851 366 tanquam
871 332 988 357 minister
1005 331 1053 355 rei-
1108 328 1133 355 h.
1150 337 1174 352 v.
1331 326 1352 364 Ἴ
1374 336 1386 359 3
1408 328 1553 367 Ammirari
1573 339 1743 367 nonnunquam
1756 334 1783 358 in
1797 331 1865 358 bonis
1872 331 1946 358 libris
1956 335 2090 363 inuenitur,
2100 342 2123 358 υ.
2132 341 2157 369 g.

15 370 132 407 publicae.
205 372 286 397 Etiam
300 371 403 405 obsolute
417 375 446 396 vt
457 376 564 400 curare,
584 374 612 393 vt
626 375 722 393 nauare
740 374 860 402 ponitur,
879 364 1003 403 inaffectio
1022 370 1051 389 re
1071 368 1085 395 ς
1110 363 1178 389 Gcll.
1191 370 1224 395 4,
1241 367 1256 402 '8
1270 369 1294 388 et
1307 370 1336 394 5,
1356 372 1385 395 14
1401 366 1431 389 it.
1454 364 1553 403 Hygin.
1568 365 1638 397 f.29.
1676 366 1740 400 Pass.
1761 368 1857 402 Turpe
1870 368 1905 394 est
1919 374 2025 402 propter
2040 368 2157 394 venusta.

20 405 131 441 publica.
186 406 253 432 Cato
265 407 296 433 ad
311 401 365 433 Cic.
381 406 449 432 Fani.
465 410 505 436 15,
528 410 540 436 5
570 404 603 428 Vt
617 408 689 429 tuam
703 402 846 435 virtutem,
865 403 1052 429 innocentiam,
1108 405 1162 425 tem
1182 398 1402 438 yestiinentorum
1420 398 1565 431 admirari,
1585 407 1611 425 et
1624 408 1731 435 propter
1745 403 1888 438 turpillime
1900 403 1986 430 aciani
1999 403 2082 430 vitam
2096 413 2156 430 con.

20 441 182 473 diligentiam
192 462 200 473 ,
219 457 263 462 -—
283 443 338 477 pari
353 440 477 467 industria
490 438 672 465 administrare
685 438 821 473 gaudeam,
836 434 985 474 vbisrtisbnz
1001 436 1054 460 viri
1109 441 1193 461 temni
1217 435 1339 460 Priscian.
1355 434 1372 460 l.
1387 439 1409 464 8.

19 471 150 512 dorfffflimi
163 485 260 504 nunant
271 481 296 504 in
309 475 498 503 administrari:
532 472 599 501 rcfse
616 477 743 510 antiquam
755 473 880 502 lectionem
891 478 970 499 tuente
979 472 1054 496 Grae·
1147 478 1169 497 A
1179 477 1197 496 D
1207 476 1231 495 M
1241 477 1249 495 1
1261 477 1279 495 R
1290 477 1310 496 Α
1320 477 1341 496 Ν
1352 477 1370 497 D
1378 477 1399 497 V
1409 477 1422 497 S
1431 490 1439 502 ,
1460 478 1484 502 a,
1496 479 1550 496 um.
1569 469 1751 505 [θαυμαςὲος]
1772 475 1882 510 Dignum
1894 475 2059 502 admiratione
2067 486 2074 500 :
2095 474 2159 501 idm

21 515 77 545 vio,
97 520 120 539 et
133 513 249 539 laudante
266 513 334 539 Caes.
348 512 374 538 B.
389 512 419 537 C.
433 519 462 543 3,
482 512 517 536 26
538 510 580 536 Illi
593 509 713 536 adhibita
727 510 835 537 audacia
848 514 873 536 et
886 508 994 538 virtute,
1009 505 1053 532 ad·
1110 506 1174 542 quod
1187 505 1371 536 Admirabilis.
1416 506 1491 540 Virg.
1507 507 1605 540 Georg.
1621 514 1656 539 4,
1677 514 1689 538 3
1708 508 1868 536 Admiranda
1881 511 1932 537 tibi
1947 511 2048 538 leuium
2062 511 2158 546 spech-

20 548 228 575 ministrantibus
236 549 270 574 M.
279 547 394 574 Antonio
408 545 518 572 etFuiio
529 545 628 572 Caleno
643 555 722 572 naues
734 546 847 572 soluunt.
881 542 919 569 ld.
935 541 966 568 de
975 543 1003 568 B.
1019 542 1051 567 G.
1067 549 1095 567 10
1108 542 1166 568 cula
1180 551 1286 573 rerum,
1308 548 1356 567 etc.
1394 541 1570 581 Admirandus
1586 543 1616 581 in.
1627 541 1749 576 plurimis
1767 544 1897 575 Qiinetil.
1913 556 1940 578 3,
1960 555 1991 573 ιι.
2027 548 2058 573 Et
2074 556 2159 579 12,10,

20 592 55 618 4,
76 593 105 617 23
124 585 220 611 Tertia
234 584 287 609 fere
301 582 393 617 vigilia
407 582 503 614 soluit,
522 582 678 616 equitesque
697 596 741 602 —-
762 583 788 608 se
809 579 879 614 sequi
895 578 961 604 iuffit
976 588 982 603 ε
1019 576 1052 603 ab
1110 581 1126 604 6
1153 577 1352 612 Euphranorem
1366 577 1551 603 admirandum
1567 578 1647 610 facit,
1667 578 1740 611 quod
1753 585 1798 603 etc.
1872 581 1902 606 ln
1922 582 2015 609 iisdem
2029 583 2160 617 exposuit,

19 619 116 655 quibus
133 629 189 646 cuin
203 618 288 653 paullo
302 618 400 645 tardius
414 618 473 644 ciret
487 617 715 650 administratum,
735 619 789 652 ipse
801 617 864 643 hora
878 612 1055 653 “irci‘ef.<l³ei
1112 623 1188 653 quae·
1202 614 1230 639 in
1251 613 1333 654 Italia.
1350 614 1549 653 Hispaniisque
1562 613 1718 639 viderentur
1736 613 1890 640 admiranda
1928 617 1996 651 Nep.
2018 627 2066 652 24,
2085 627 2114 651 3,
2132 627 2159 652 4.

22 663 55 682 lv
69 665 128 682 cum
141 655 235 690 primis·
243 653 353 680 nauibus
369 653 530 680 Britanniam
544 654 641 687 attigit.
698 654 756 680 Sall.
772 654 825 685 lug.
839 658 872 683 92
882 670 889 681 ‚
910 658 926 682 9
951 649 1054 688 Milite}
1110 648 1336 677 Admirandilhmi
1351 658 1459 675 iuuenes
1481 649 1594 675 Saluian.
1604 650 1650 683 Ep.
1666 654 1687 678 8-

21 700 105 726 neque
119 700 166 725 pro
180 698 257 724 opere
272 689 424 722 comittere,
444 698 529 724 neque
551 689 620 716 inter
639 690 729 716 vineas
745 689 794 715 fine
808 685 927 721 periculo
941 684 1055 712 admini-
1149 692 1198 712 AD
1209 692 1233 711 M
1245 692 1283 710 11<
1293 693 1313 711 Α
1324 692 1366 711 Ns
1376 705 1383 717 ‚
1405 686 1481 711 antis.
1503 685 1597 711 Partic.
1644 685 1734 719 Nepos
1749 693 1778 717 2,
1797 693 1842 716 ιο,
1862 693 1872 710 ι
1897 685 1952 712 Rex
1967 687 2049 713 animi
2061 689 2161 723 magni.

21 727 109 753 strare.
156 726 273 760 Alioquin
286 725 355 761 castis
367 724 524 762 adiungitur,
533 735 558 752 o.
572 736 596 762 g.
613 726 685 752 Caes.
700 726 727 752 B.
742 724 772 749 G.
786 730 816 756 7,
838 727 869 751 80
890 722 980 748 Crates
995 730 1055 756 pro·
1070 726 1096 754 ις
1111 721 1233 748 tudinem
1247 720 1388 747 admirans.
1444 720 1511 747 ΑΜ.
1528 721 1585 747 Cic.
1599 720 1631 746 de
1645 721 1719 747 Orat.
1736 729 1744 746 1
1758 730 1779 746 c.
1795 729 1838 746 20.
1890 722 1964 755 Virg.
1979 724 2042 748 Aen.
2059 733 2072 749 2
2083 745 2089 755 ‚
2109 734 2161 760 297

22 763 116 793 iicere,
134 760 238 792 fundis,
255 761 371 792 sagittis,
391 760 539 795 lapidibus,
560 762 662 788 nostros
680 761 711 787 de
731 757 800 785 vallo
815 756 971 790 deturbare,
992 757 1054 784 reli·
1112 764 1136 784 et
1150 759 1182 790 6,
1202 761 1263 790 408.
1315 756 1447 790 Qiinciil.
1465 765 1504 789 ιι,
1524 765 1551 789 3,
1574 765 1616 788 103
1651 757 1772 791 Digitos,
1792 765 1851 782 cum
1866 756 1963 783 summi
1976 760 2111 791 coierunt,
2130 761 2162 787 ad

41 806 71 824 ua
91 804 122 822 ue
132 805 198 830 quae
206 797 237 822 ad
245 791 468 831 oppuanationcm
479 798 650 832 pertinerent,
658 793 845 823 administrare.
884 793 1055 825 Id.B.C.2,15
1111 802 1141 820 os
1155 793 1273 825 referre,
1293 802 1340 819 cur
1359 792 1517 827 quibusdam
1536 792 1718 827 displicuerit,
1738 793 1836 818 nescio.
1893 793 1964 818 Nam
1985 793 2011 818 id
2032 801 2055 819 ct
2070 795 2165 822 leuiter

50 806 172 858 reimnius
186 840 230 863 ea,
247 825 386 866 quaeksunt
399 833 505 865 amissa,
524 833 608 859 multo
623 833 720 859 maiore
734 828 820 855 studio
832 829 950 855 militum
972 829 1056 855 admi-
1112 829 1334 861 admirantes,-et
1354 829 1463 855 interim
1482 828 1568 854 subita
1587 828 1772 863 indignatione
1792 828 1865 855 velut
1883 829 2065 863 pauescentes,
2080 838 2104 856 et
2122 838 2164 857 de-

18 866 124 894 nisti-are
137 873 162 893 et
177 867 284 894 reficere
296 868 402 895 studuit.
439 870 510 895 Caes.
525 869 588 896 Bell.
604 868 667 895 Gall.
681 874 712 897 2,
734 884 741 890 .
763 884 770 890 .
794 884 800 891 .
831 865 911 891 Nihil
924 866 976 891 iam
991 866 1056 891 Cae·
1112 871 1263 900 precantes,
1283 864 1402 891 facimus.

0 923 1 934 ,
18 903 80 930 saris
100 903 242 938 imperium
261 903 448 939 expectabant,
471 905 512 931 sed
535 914 582 940 per
602 905 639 935 se,
659 909 726 936 quae
746 900 921 933 videbantur,
941 900 1101 928 admini-zo'
1151 901 1415 933 ADMIRATOR,
1431 900 1494 926 oris.
1516 909 1551 926 m.
1572 898 1746 934 [θαυμαςὴς]
1764 906 1793 926 vt
1814 899 1883 934 apud
1897 899 2030 933 Qiinffil.
2045 909 2076 940 ΖΙ,
2091 908 2119 934 5,
2139 910 2168 928 21

0 935 1 961 ἶ
18 937 138 965 strabant.
175 938 275 965 Bellum
289 939 472 967 administrare
493 941 548 968 Cic.
564 940 595 967 de
609 939 653 965 Or.
668 946 693 967 1,
714 945 768 962 210.
807 937 879 963 Caes.
895 937 923 963 B.
940 937 970 962 C.
987 945 1006 968 1,
1016 944 1055 969 25.
1115 937 1271 965 Admirator
1283 937 1364 963 nimis
1377 936 1551 971 antiquitatis.
1624 936 1825 963 irritamentum
1847 935 1883 961 est
1898 938 2035 970 omnium,
2057 946 2086 963 in
2100 945 2167 972 quae

0 988 1 1011 ι
18 973 84 1000 Veli.
98 982 130 1006 z,
148 976 193 1006 61,
216 984 242 1008 4.
281 975 383 1002 Bellum
397 986 456 1002 cum
472 975 609 1011 Iugurtha,
626 982 685 999 cuni
698 971 816 998 Cimbris
827 993 834 1004 ,
855 982 914 998 cum
930 972 1055 998 Theuto-
1113 974 1274 1005 insanimus,
1295 972 1441 999 admirator
1455 979 1481 998 et
1494 972 1613 998 conscius
1634 972 1691 998 Sen.
1706 973 1751 1007 Ep.
1767 980 1812 1005 94.

0 1022 1 1039 1
17 1009 57 1036 nis
75 1009 130 1036 Cic.
146 1019 194 1044 pro
207 1011 276 1045 Lege
289 1012 381 1038 Manil.
397 1022 418 1038 c.
433 1021 475 1039 20.
531 1011 567 1038 Id.
582 1008 633 1036 Off.
649 1017 676 1041 1,
693 1013 721 1038 88
742 1008 802 1034 Sine
812 1008 957 1034 Seueritate
972 1007 1056 1034 admi-
1149 1017 1172 1036 A
1182 1016 1199 1036 D
1210 1016 1234 1035 M
1245 1016 1252 1034 1
1263 1016 1281 1035 R
1291 1016 1312 1036 A
1322 1015 1390 1035 Tio
1400 1028 1408 1041 ,
1430 1008 1498 1035 onis.
1518 1008 1538 1034 f.
1565 1007 1760 1042 [θαυμασμὸς]
1786 1008 1843 1034 Cic.
1856 1007 1888 1033 de
1901 1007 1963 1034 Nat.
1980 1008 2061 1034 Deor.
2076 1016 2102 1040 z,
2120 1016 2168 1041 124

0 1056 2 1076 ι,
16 1044 121 1072 nistrari
137 1046 238 1073 Ciuitas
253 1056 307 1074 non
321 1048 413 1082 potest.
469 1049 501 1074 Et
514 1048 587 1073 Verr.
605 1053 633 1077 1,
657 1046 688 1074 68
714 1045 763 1070 Per
778 1043 899 1070 homines
914 1043 1056 1070 honestissi-
1113 1045 1155 1072 Est
1170 1045 1251 1071 etiam
1265 1044 1408 1070 admiratio
1421 1043 1548 1070 nonnulla
1560 1044 1588 1070 in
1601 1043 1692 1070 bestiis
1706 1043 1876 1079 aquatilibus.
1919 1045 2016 1078 Magna
2035 1043 2071 1070 est
2084 1043 2168 1070 admi-

0 1095 2 1112 ι
15 1087 72 1107 mos
85 1081 209 1116 virosque
223 1082 376 1110 fortillimos
391 1084 458 1118 leges
470 1081 617 1115 iudiciaque
630 1079 855 1107 administrentur.
892 1080 922 1106 L.
938 1089 975 1106 10.
984 1080 1016 1106 D.
1025 1079 1092 1115 de25
1113 1081 1184 1108 ratio
1199 1081 1306 1115 copiose
1319 1080 1501 1115 sapienterque
1517 1079 1629 1106 dicentis
1664 1080 1720 1106 Cic.
1736 1080 1788 1106 Off.
1802 1088 1819 1106 2
1834 1089 1855 1105 c.
1872 1088 1912 1112 14·
1985 1079 2052 1106 Plin.
2068 1088 2113 1112 ιω,
2134 1087 2169 1112 29

16 1115 91 1143 inoff.
107 1114 205 1144 testam.
229 1118 297 1145 Illud
313 1119 469 1146 notillimum
481 1117 532 1149 est,
550 1125 610 1143 eum
625 1117 672 1152 qui
686 1116 802 1150 legatum
822 1116 983 1151 perceperit,
1002 1124 1057 1142 non
1114 1117 1173 1143 Alia
1187 1116 1331 1142 admiratio
1345 1116 1414 1143 circa
1429 1116 1538 1142 oscines.
1576 1115 1633 1142 Cic.
1649 1115 1701 1142 Off.
1716 1124 1742 1149 2,
1753 1123 1784 1150 37
1799 1125 1820 1141 c.
1835 1124 1864 1141 ιε)
1886 1114 2071 1142 Admiratione
2080 1122 2169 1142 autem

16 1151 88 1179 recte
110 1152 142 1178 de
163 1153 312 1181 inofficioso
333 1155 482 1182 testamento
500 1152 652 1185 dicturum,
671 1152 719 1178 nili
741 1152 769 1178 id
782 1158 869 1179 totum
883 1152 930 1178 alii
944 1151 1057 1178 admini-
1113 1151 1266 1179 afficiuntur
1289 1152 1329 1184 ii,
1348 1152 1396 1186 qui
1415 1151 1517 1179 anteire
1540 1152 1650 1178 caeteris
1672 1152 1772 1178 virtute
1796 1157 1937 1186 putantur,
1958 1154 1976 1177 i.
1995 1155 2081 1187 magni
2089 1151 2169 1187 flunt.

16 1187 117 1215 strauit.
174 1189 230 1216 Cic.
248 1191 318 1217 Fam.
335 1199 357 1222 13
367 1211 373 1221 ,
391 1198 413 1216 ιι
441 1190 609 1224 Operamque
623 1188 684 1221 des,
705 1192 734 1214 vt
748 1198 794 1223 per
807 1194 833 1215 te
846 1197 926 1223 quam
939 1196 1057 1214 commo-
1115 1188 1193 1223 Cepit
1206 1196 1268 1214 eum
1282 1188 1427 1214 admiratio
1446 1187 1499 1214 vid.
1513 1194 1560 1215 CA
1569 1194 1583 1214 P
1593 1195 1602 1213 1
1611 1194 1640 1214 Ο.
1701 1187 1803 1213 Caritas
1828 1187 1952 1213 conciliat
1966 1187 2020 1221 ipsa
2033 1187 2111 1213 rebus
2126 1186 2169 1213 ad-

17 1222 116 1250 diffime
130 1225 266 1259 negotium
281 1225 418 1261 municipii
431 1225 643 1257 administretur,
664 1225 916 1259 quamprimumque
936 1224 1059 1250 conficia-
1113 1224 1288 1251 mirationem
1307 1224 1384 1259 Apul.
1407 1223 1439 1250 de
1458 1224 1517 1250 Deo
1530 1223 1602 1250 Socr.
1625 1243 1632 1249 .
1655 1243 1661 1249 .
1698 1223 1829 1249 Decrescit
1841 1222 1985 1249 admiratio
2005 1222 2136 1257 QiinCtil.
2150 1231 2171 1255 1,

17 1265 68 1286 tur.
126 1259 182 1287 Cic.
198 1261 230 1287 de
244 1262 305 1289 Nat.
318 1263 396 1289 Deor.
409 1270 440 1293 2,
462 1269 503 1293 132
517 1270 539 1288 c.
555 1268 584 1294 52
606 1261 647 1287 Sic
659 1260 777 1295 vndique
791 1261 867 1286 omni
879 1260 984 1287 ratione
997 1269 1095 1296 con-30
1116 1270 1145 1293 3,
1165 1268 1186 1293 5.
1231 1260 1288 1287 Cic.
1304 1259 1336 1286 de
1350 1260 1426 1287 Orat.
1441 1269 1450 1286 1
1460 1280 1468 1291 ,
1488 1267 1529 1292 152
1555 1260 1627 1287 Haec
1640 1259 1708 1291 sunt,
1718 1268 1784 1294 quae
1800 1259 1927 1285 clamores
1942 1265 1967 1285 et
1982 1259 2172 1285 admirationes

16 1293 148 1327 cluditur,
168 1304 256 1324 mente
268 1297 426 1332 conlilioque.
441 1296 535 1323 diuino
549 1297 640 1323 onmia
653 1297 681 1322 in
695 1296 746 1322 hoc'-
760 1296 875 1329 mundo,
897 1295 928 1322 ad
945 1296 1057 1322 salutem
1115 1297 1144 1323 in
1156 1296 1235 1323 bonis
1249 1296 1403 1322 oratoribus
1419 1294 1546 1322 efficiunt.
1600 1295 1667 1321 Plin.
1683 1297 1728 1328 16,
1749 1297 1783 1322 26
1809 1295 1840 1321 In
1853 1295 1971 1321 maxima
1986 1300 2074 1321 tamen
2088 1294 2171 1321 admi-

16 1331 139 1358 omnitnn
153 1333 429 1368 conseruationemque
442 1332 636 1360 admirabiliter
648 1332 836 1359 administrari.
879 1332 974 1358 Pocula
988 1332 1060 1364 Ioui,
1115 1333 1220 1360 ratione
1232 1333 1312 1370 pinus
1325 1332 1370 1358 est.
1407 1331 1485 1359 Varii
1498 1331 1569 1358 casus
1584 1330 1682 1357 habent
1697 1331 1903 1358 admirationem
1928 1331 1984 1357 Cic.
1999 1332 2069 1357 Fam.
2084 1339 2113 1363 5,
2134 1338 2171 1356 ιι.

15 1365 81 1392 idem
93 1367 157 1402 quod
169 1369 320 1396 Ministrare
332 1368 375 1402 effi·
388 1368 475 1395 dc'cunt
487 1369 568 1395 Tusc.
585 1377 604 1394 1.
645 1368 692 1396 sed
702 1378 751 1394 non
763 1371 862 1399 inueni,
881 1378 967 1394 verum
980 1368 1061 1395 mini·
1116 1370 1158 1396 Sic
1173 1368 1230 1394 Cic.
1245 1368 1273 1395 in
1285 1369 1360 1395 Orat.
1375 1369 1400 1393 6.
1455 1367 1529 1394 Idem
1543 1367 1575 1393 de
1588 1368 1645 1393 Fin.
1661 1377 1680 1401 4
1693 1376 1714 1393 c.
1729 1376 1757 1402 17
1781 1367 1856 1400 Quid
1873 1372 1961 1394 autem
1976 1365 2074 1393 habent
2087 1366 2172 1392 admi-

16 1400 97 1429 strare
112 1402 150 1429 bis
163 1405 181 1431 s.
197 1406 236 1437 65.
289 1405 456 1433 Prouinciam
469 1405 626 1439 vigilanter,
646 1407 664 1430 i.
678 1405 770 1441 Regere
791 1405 848 1431 Cic.
863 1405 940 1431 Verr.
956 1413 973 1437 4
983 1424 991 1437 ‚
1012 1413 1059 1437 44.
1115 1405 1244 1436 rationis,
1263 1413 1324 1430 cum
1338 1411 1420 1438 prope
1434 1403 1566 1429 access'eris
1580 1404 1589 1429 3
1647 1404 1686 1430 Sic
1710 1410 1733 1429 et
1757 1403 1867 1436 Qiine't.
1882 1411 1907 1429 12
1917 1423 1924 1435 ,
1948 1412 1992 1435 io,
2014 1409 2051 1437 75v
2073 1401 2174 1429 Inceffit

17 1437 56 1464 Id.
72 1438 143 1465 Fam.
160 1448 201 1473 ις,
213 1449 234 1467 ιι
274 1440 314 1467 Ad
329 1449 359 1467 ea
373 1440 497 1473 visenda,
515 1440 687 1476 pecuniasque
702 1450 770 1475 quae
785 1449 799 1467 a
814 1440 917 1467 colonis
931 1440 1061 1467 debentur
1075 1440 1103 1466 35
1115 1440 1260 1467 admiratio
1275 1440 1364 1474 quod,
1384 1445 1433 1465 ete.
1476 1438 1533 1465 Vid.
1554 1446 1564 1465 1
1574 1444 1646 1466 ΝΘΕ
1657 1446 1669 1465 S
1679 1446 1691 1465 S
1702 1446 1730 1465 O.
1769 1440 1828 1473 Ipso
1843 1438 1966 1472 adspectu
1979 1439 2064 1464 cuiuis
2079 1438 2173 1464 iniecit

18 1473 169 1508 exigendas,
177 1482 310 1512 totamque
322 1486 378 1504 rem
393 1483 418 1503 et
433 1476 636 1511 cognoscendam
651 1482 676 1503 et
689 1476 941 1509 administrandam,
961 1476 1061 1511 legatos
1117 1476 1324 1503 admirationem
1339 1475 1379 1501 sui
1401 1475 1469 1509 Nep.
1485 1482 1523 1507 11,
1546 1483 1575 1506 3,
1598 1483 1617 1501 ι.
1654 1475 1834 1501 Intermittere
1846 1473 2052 1500 admirationem
2066 1494 2075 1506 ,
2118 1472 2172 1499 vid.

19 1509 144 1537 milimus.
187 1511 257 1538 Male
270 1521 310 1539 res
323 1512 502 1539 administrata
516 1512 551 1538 est
572 1512 640 1547 Nep.
654 1521 686 1546 9,
703 1521 728 1545 1,
749 1522 773 1540 2.
824 1513 891 1539 Rem
907 1512 1018 1538 confilio
1035 1518 1061 1538 et
1118 1520 1160 1540 IN
1172 1520 1193 1540 T
1203 1519 1219 1539 F.
1229 1519 1248 1539 R
1258 1519 1332 1538 ΜΙΤ
1342 1519 1363 1538 Τ
1373 1518 1401 1538 0.
1422 1529 1426 1532 -
1438 1510 1495 1537 Cic.
1509 1509 1624 1544 Philipp.
1639 1518 1683 1542 io,
1700 1518 1712 1541 3
1727 1519 1747 1535 c.
1762 1518 1777 1536 2.
1798 1511 1857 1536 Hoc
1871 1515 1943 1536 certe
1956 1509 2029 1544 quod
2043 1509 2174 1536 mihima·

19 1545 124 1572 ratione
147 1546 202 1573 Cic.
218 1547 248 1574 de
262 1548 319 1574 Fin.
335 1556 362 1581 1,
383 1549 422 1580 65.
469 1548 507 1574 Id.
522 1548 554 1574 de
569 1549 671 1574 Inuent.
687 1557 713 1581 1,
734 1557 761 1582 35
789 1548 935 1583 Quomodo
949 1558 1008 1575 rem
1023 1549 1061 1574 fa·
1118 1549 1218 1575 ximam
1230 1547 1437 1574 admirationem
1451 1552 1558 1578 mouet,
1577 1554 1631 1571 non
1646 1545 1747 1572 tacebo.
1804 1545 1922 1572 Mulcere
1944 1546 2046 1571 animos
2060 1546 2174 1573 admira-

18 1581 149 1608 miliarem
165 1582 334 1609 administret.
372 1583 572 1617 Rempublicam
588 1584 643 1610 Cic.
659 1584 712 1611 Off.
727 1593 747 1618 ι,
763 1590 804 1619 87.
842 1585 911 1619 Nep.
926 1593 970 1618 24,
988 1594 1020 1617 z,
1036 1593 1060 1611 2.
1118 1585 1193 1611 tione
1213 1583 1347 1618 Quinotil.
1361 1592 1371 1610 1
1381 1603 1389 1616 ,
1408 1591 1453 1615 io,
1473 1590 1499 1615 9.
1573 1581 1760 1616 Obstupefaeti
1774 1580 1896 1607 homines
1911 1581 2090 1608 admiratione
2117 1582 2174 1608 Cic.

17 1615 148 1656 Summam
160 1625 247 1643 rerum
274 1618 330 1644 Cic.
346 1627 394 1653 pro
406 1619 430 1645 S.
443 1619 503 1646 Ros.
519 1628 556 1652 91.
593 1619 641 1647 Sed
651 1623 725 1646 ctiam
745 1620 892 1655 rusticorum
905 1619 947 1654 eft.
992 1622 1022 1647 V.
1035 1627 1105 1657 g.40
1120 1630 1169 1656 pro
1183 1621 1272 1648 Deiot.
1289 1628 1330 1654 34.
1368 1618 1499 1646 Obtinere
1513 1616 1721 1644 admirationem
1732 1638 1740 1650 ,
1776 1617 1830 1643 vid.
1853 1624 1872 1644 o
1883 1624 1898 1644 Β
1908 1625 1929 1644 T
1940 1625 1949 1643 1
1960 1625 1981 1644 N
1991 1624 2007 1644 Ε
2017 1625 2046 1645 O.
2104 1617 2176 1644 Tra-

16 1651 190 1678 Foenincium
215 1653 290 1679 Varr.
307 1662 333 1686 1,
359 1661 403 1688 17,
426 1663 450 1681 2.
503 1655 658 1682 Infitionem
676 1656 737 1683 Col.
752 1665 791 1690 ιι,
809 1665 839 1689 2,
860 1665 899 1689 23.
957 1657 1062 1683 Semcn-
1117 1657 1214 1684 ducere
1227 1656 1363 1683 auditores
1375 1655 1407 1681 ad
1421 1663 1544 1689 magnam
1563 1654 1770 1680 admirationem
1813 1653 1869 1680 Cic.
1885 1653 1913 1679 in
1926 1654 2000 1680 Orat.
2013 1662 2066 1686 192.
2119 1654 2176 1679 Plu-

15 1691 70 1712 teni
83 1686 142 1726 Col.
157 1695 189 1720 2,
207 1696 257 1721 22,
278 1698 305 1722 4.
343 1689 512 1717 vindemiam
526 1692 585 1718 Col.
600 1700 637 1724 ιι,
656 1700 690 1725 2,
709 1694 753 1726 64.
792 1693 839 1720 Sed
853 1695 929 1720 Varr.
944 1701 956 1725 3
966 1713 974 1726 ‚
990 1694 1017 1719 16
1024 1713 1033 1726 ,
1049 1700 1062 1725 ς
1118 1696 1184 1720 rium
1198 1702 1307 1719 numero.
1382 1691 1448 1718 Non
1466 1691 1584 1716 minores
1599 1690 1674 1722 sunt,
1694 1698 1773 1725 quam
1787 1698 1952 1716 caeterarum
1965 1696 2074 1716 naturae
2085 1697 2177 1716 rerum

15 1720 220 1750 Administratui·
231 1725 284 1750 mel
302 1725 330 1751 in
345 1726 482 1754 secundam
495 1728 627 1760 mensam,
647 1730 665 1754 i.
680 1726 848 1761 mimstratur.
1119 1728 1346 1755 considerantibus
1360 1727 1550 1753 admirationes
1581 1727 1650 1752 Vitr.
1665 1734 1698 1761 7,
1720 1734 1754 1758 13.

50 1763 438 1794 AanNiSTRANDvs‚
458 1771 490 1795 a,
510 1772 564 1789 um.
603 1765 706 1791 Praeter
726 1762 798 1791 dicia
818 1765 874 1791 Cic.
896 1774 945 1800 pro
967 1765 1062 1792 Flacco
1155 1772 1239 1792 ΑΒΜ
1251 1762 1435 1791 iRABfLis
1464 1769 1490 1788 et
1515 1770 1539 1788 e.
1558 1761 1724 1794 [Samus-0¹5,
1744 1760 1903 1796 θαυμάσιος]
1938 1761 2126 1788 Admiratione
2138 1760 2178 1787 di·

4 1797 48 1827 ,87
67 1793 93 1820 O
107 1793 273 1822 conditiones
287 1797 394 1823 miseras
407 1798 673 1826 administrandarum
687 1801 890 1834 prouinciarum
899 1821 907 1833 ,
928 1802 957 1827 in
966 1800 1103 1835 quibus45
1120 1810 1201 1835 gnum
1240 1800 1297 1826 Cic.
1311 1799 1342 1825 de
1356 1799 1414 1824 Fin.
1429 1806 1458 1829 3,
1484 1816 1491 1822 .
1513 1816 1519 1822 .
1556 1797 1656 1822 Verum
1669 1796 1836 1822 admirabilis
1849 1798 2008 1831 competitio
2023 1797 2178 1831 disciplinae

3 1828 155 1864 idiligentia
168 1830 243 1865 plena
255 1831 416 1859 simultatum
431 1833 483 1866 est,
502 1835 665 1870 negligentia
679 1836 921 1871 vituperationum,
936 1836 984 1863 vbi
993 1838 1065 1863 seue·
1119 1835 1341 1869 incredibilisque
1356 1841 1447 1858 rerum
1459 1831 1541 1857 traxit
1554 1830 1632 1856 ordo.
1686 1831 1737 1855 Res
1751 1839 1822 1856 noua
1835 1838 1860 1857 et
1873 1832 2040 1858 admirabilis
2070 1832 2127 1858 Cic.
2143 1831 2178 1857 de

14 1865 79 1891 ritas
92 1866 238 1901 periculosa
259 1868 310 1901 est,
331 1868 479 1897 liberalitas
501 1871 620 1906 ingrata,
641 1872 730 1899 sermo
750 1873 908 1905 insidiosus,
929 1873 1067 1899 affenta'tio
1122 1873 1185 1898 Diu.
1198 1880 1215 1897 2
1228 1879 1250 1896 c.
1265 1875 1303 1899 28.
1381 1865 1558 1892 Admirabilis
1579 1871 1605 1891 et
1625 1864 1762 1899 singularis
1788 1866 1915 1900 sapientia
1954 1866 1994 1893 Id.
2014 1867 2068 1893 Att.
2084 1875 2117 1900 9,
2139 1875 2176 1893 10.

3 1880 170 1938 lpemiciosa.
1121 1905 1204 1932 Ouid.
1218 1905 1282 1930 Met.
1297 1905 1331 1935 6,
1355 1911 1385 1935 14
1417 1902 1490 1936 Opus
1502 1900 1669 1927 admirabile.
1725 1901 1781 1927 Cic.
1797 1901 1829 1927 de
1844 1903 1919 1928 Orat.
1935 1911 1961 1934 1,
1980 1904 1997 1929 6
2010 1912 2031 1929 c.
2046 1911 2062 1929 2.
2090 1904 2178 1935 Qiae-

4 1952 5 1959 ι
49 1943 412 1973 ADMINISTRATVS,
431 1950 461 1973 a,
482 1951 539 1968 um.
565 1942 638 1968 Caes.
652 1942 680 1967 B.
696 1942 729 1967 G.
745 1950 775 1973 3,
796 1949 813 1973 9
838 1941 889 1966 His
903 1941 983 1967 rebus
999 1939 1067 1965 cele·
1123 1939 1235 1966 rendum
1260 1940 1309 1965 effe
1333 1938 1420 1963 visum
1444 1937 1496 1968 est,
1517 1935 1583 1969 quid
1605 1936 1682 1966 effet,
1703 1944 1759 1960 cur<
1773 1936 1861 1968 plures
1883 1938 1911 1962 in
1931 1937 2058 1962 omnibus
2076 1937 2181 1963 artibus

10 1972 79 1999 riter
90 1972 289 2001 administratis.
327 1976 384 2002 Cic.
392 1978 469 2002 Verr.
478 1985 556 2008 5,124
574 1977 596 2001 A
609 1976 688 2001 nobis
696 1977 787 2002 onmia
801 1976 896 2010 Populi
909 1977 988 2002 Rom.
1002 1975 1066 2001 sem·
1074 1984 1105 2008 50
1121 1985 1200 2009 quam
1215 1975 1243 2000 in
1257 1973 1370 1999 dicendo
1382 1970 1553 2010 admirabiles
1568 1970 1719 2008 extitilsent.
1757 1970 1926 2010 Admirabile
1938 1972 1993 1997 suit
2008 1972 2036 1997 in
2051 1980 2084 1997 eo
2108 1972 2179 2007 Nep.

11 2017 59 2043 per
78 2015 106 2035 et
124 2008 190 2036 belli
208 2009 361 2036 adiumenta
382 2016 408 2036 et
429 2011 499 2044 pacis
519 2016 675 2037 ornamenta
695 2010 878 2038 administrata
898 2013 966 2037 sunt.
1014 2011 1067 2034 Hic
1122 2018 1165 2042 17,
1186 2017 1219 2042 7,
1241 2017 1262 2039 3.
1335 2005 1481 2032 Tractatio
1493 2014 1585 2030 rerum
1599 2003 1680 2044 efficit
1692 2004 1925 2044 admirabiliorem
1938 2007 2088 2033 orationem
2120 2008 2178 2034 Cic.

4 2043 75 2070 «idem
82 2044 141 2081 fere
154 2044 198 2078 effi·
212 2045 327 2076 videtur,
346 2045 411 2081 quod
423 2045 633 2073 Subministrata.
669 2046 719 2074 Sed
729 2050 821 2072 retinet
834 2053 915 2070 tamen
927 2044 1065 2079 generalem
1120 2044 1195 2069 Orat.
1211 2051 1232 2067 c.
1247 2049 1283 2074 35.
1341 2039 1500 2074 Magnitudo
1515 2040 1609 2075 populi
1622 2040 1701 2066 Rom.
1715 2039 1904 2069 admirabilior
1916 2051 1999 2077 prope
2012 2042 2126 2069 aduersis
2139 2053 2180 2070 re·

11 2081 80 2107 illam
97 2083 228 2108 notionem.
1119 2077 1168 2104 bus
1178 2098 1185 2109 ,
1199 2086 1279 2111 quam
1301 2076 1421 2102 secundis
1435 2076 1488 2102 fuit
1528 2077 1588 2103 Liu.
1604 2084 1654 2107 22,
1675 2084 1706 2111 37
1719 2084 1757 2111 pr.
1958 2087 1971 2105 2
1990 2078 2180 2112 Admirabilia,

49 2122 131 2142 ADM
143 2122 152 2142 1
162 2122 280 2142 leTR
291 2117 394 2142 Ᾰτοκ
404 2134 412 2146 ,
439 2115 503 2140 oris.
534 2123 569 2139 m.
600 2112 755 2147 [ὖπηρέτης]
792 2112 848 2138 Cic.
871 2112 955 2138 Tusc.
978 2118 1007 2144 5,
1030 2113 1064 2137 62
1119 2111 1246 2148 παρείδηξα
1263 2112 1320 2139 Cic.
1334 2111 1366 2138 de
1379 2113 1436 2138 Fin.
1451 2121 1469 2145 4
1481 2121 1502 2138 c.
1515 2120 1559 2147 27.
1597 2111 1687 2138 Parati.
1702 2112 1784 2146 praef.
1798 2120 1821 2140 et
1834 2113 1924 2141 Parad.
1940 2125 1966 2149 4.
2022 2116 2061 2141 Id.
2074 2115 2106 2141 de
2113 2116 2180 2142 Fato

12 2149 105 2185 Itaque
119 2159 166 2176 nec
177 2150 298 2184 pulchros
312 2149 372 2175 illos
386 2148 612 2175 administratores
625 2147 786 2182 aspiciebat:
825 2148 853 2173 de
868 2148 958 2183 mensa.
1016 2147 1064 2174 scd
1079 2156 1107 2182 55
1118 2155 1146 2182 38
1166 2159 1187 2175 c.
1203 2151 1232 2175 16
1284 2149 1309 2175 O
1342 2147 1530 2175 admirabilem
1560 2147 1713 2180 licentiam,
1733 2155 1760 2175 et
1798 2149 1980 2177 miserabilem
2009 2151 2179 2179 inscientiam

6 2185 65 2220 lpost
79 2187 209 2211 Gruterum
222 2184 304 2210 editur
318 2183 522 2210 Ministratores.
560 2184 617 2210 Cic.
626 2182 657 2209 de
665 2184 741 2210 Orat.
750 2193 770 2216 ι,
778 2192 825 2210 210
834 2193 854 2210 c.
862 2189 895 2217 48
907 2184 964 2217 Qii
978 2192 1063 2218 quum
1117 2184 1268 2212 differendi.
1780 2204 1781 2207 η

6 2221 70 2247 πῆξε
84 2219 239 2246 constitutus
253 2219 451 2246 administrator
465 2219 530 2246 belli
544 2218 663 2254 gerendi.
1156 2229 1178 2248 A
1187 2228 1205 2248 D
1216 2228 1241 2247 M
1250 2227 1288 2247 ιιι
1298 2227 1320 2247 Α
1330 2226 1346 2247 Β
1355 2227 1364 2247 1
1373 2228 1389 2247 L
1399 2218 1413 2247 ἴ
1423 2227 1470 2247 TE
1479 2227 1499 2247 R
1508 2240 1517 2253 ,
1539 2219 1608 2246 Adu.
1630 2217 1814 2255 [θαυμασίως]
1838 2221 1954 2249 Mundus
1969 2222 2081 2250 consilio
2094 2222 2179 2250 admi-

6 2272 7 2278 ι
47 2262 489 2289 ADMlNisTRATORivs,
509 2264 540 2288 a,
560 2265 615 2282 um.
652 2255 733 2290 Vulg.
756 2254 841 2282 Hebr.
859 2263 887 2288 ι,
911 2263 950 2289 14.
976 2254 1076 2291 dunos-⁵
1116 2257 1242 2284 rabiliter
1275 2256 1440 2291 gubernatur
1477 2256 1534 2282 Cic.
1555 2256 1587 2282 de
1606 2256 1669 2283 Nat.
1689 2256 1720 2282 D.
1732 2265 1749 2283 2
1769 2265 1790 2282 c.
1807 2265 1843 2290 53.
1915 2258 1955 2285 Id.
1982 2258 2013 2284 de
2032 2260 2094 2293 Opt.
2111 2259 2177 2285 Gen.

6 2291 72 2318 «τααὲ
86 2290 225 2324 πνεύματα.
1119 2294 1193 2320 Orat.
1208 2301 1239 2328 37
1267 2293 1340 2319 Plato
1360 2293 1437 2319 suum
1457 2292 1515 2318 fere
1536 2291 1675 2326 aequalem
1688 2292 1883 2319 admirabiliter
1897 2293 1925 2320 in
1938 2292 2058 2321 Phaedro
2074 2294 2181 2321 laudari.

6 2318 9 2349 l
50 2334 220 2355 ADMlNiS
230 2333 279 2354 TR
289 2333 398 2360 ATIO,
405 2327 472 2354 onis.
482 2327 502 2353 f.
520 2326 662 2363 [ὗπηρεσίοι]
681 2324 957 2359 αὲῗιααᾶηιῐιιζίῖναηᾶἱ
965 2327 1021 2354 Cic.
1032 2326 1064 2353 de
1072 2333 1107 2357 60
1119 2329 1184 2356 fecit
1196 2338 1211 2355 a
1225 2329 1341 2355 Socrate.
1413 2327 1452 2354 Id.
1484 2328 1539 2354 Att.
1560 2336 1590 2361 5,
1611 2336 1642 2361 14
1681 2328 1739 2355 Nos
1772 2328 1831 2355 Atia
1851 2330 1950 2364 accepit
1970 2329 2177 2357 admirabiliter.

15 2362 73 2390 Fin.
86 2372 114 2396 4,
134 2382 141 2390 .
161 2382 168 2390 .
207 2362 352 2397 Diligentia
364 2364 405 2389 rei
417 2363 570 2396 familiaris,
587 2363 783 2390 administratio
797 2364 873 2397 Reip.
890 2363 957 2389 ordo
972 2372 1063 2397 geren·
1120 2366 1212 2393 Nimis
1227 2364 1440 2396 admirabiliter,
1461 2364 1596 2399 nimisque
1611 2364 1750 2398 magnifice
1762 2364 1851 2391 dicere
1898 2368 1930 2392 Et
1937 2366 2021 2393 Tzisc.
2030 2376 2057 2401 4,
2065 2368 2098 2399 36
2109 2375 2131 2393 c.
2139 2368 2177 2393 16.

16 2398 112 2426 dorum
123 2399 299 2433 negotiorum.
337 2400 393 2427 Cic.
407 2400 479 2426 Fam.
494 2409 511 2432 ι,
520 2408 536 2432 9
555 2400 585 2426 In
598 2399 734 2425 sententiis
743 2399 898 2431 SenatoriiS,
906 2405 932 2425 et
944 2399 973 2425 in
986 2399 1064 2425 omni
1157 2409 1179 2428 A
1189 2408 1207 2428 ι)
1216 2408 1241 2428 Μ
1251 2409 1260 2427 ι
1270 2408 1289 2427 R
1300 2408 1321 2427 A
1331 2407 1346 2427 Β
1357 2409 1366 2427 1
1376 2407 1392 2426 ι.
1402 2398 1414 2426 ἴ
1423 2406 1445 2426 Τ
1454 2406 1477 2426 Α
1486 2408 1499 2427 S
1508 2420 1517 2432 ,
1537 2400 1594 2426 atis.
1616 2399 1664 2433 [τὸ
1677 2400 1833 2435 θαυμαςᾶν]
1854 2402 1987 2437 Qalisas,
2025 2412 2056 2428 ua
2070 2401 2132 2438 quid
2145 2400 2179 2436 est

17 2434 122 2461 aditione
143 2442 221 2469 atque
241 2435 468 2463 administratione
492 2436 568 2471 Reip.
590 2436 774 2462 floruissemus.
813 2436 885 2461 Caes.
901 2435 929 2461 Β.
943 2436 973 2461 C.
991 2445 1015 2467 1,
1037 2441 1064 2467 25
1119 2437 1266 2464 admirabile
1287 2437 1344 2463 Cic.
1358 2435 1410 2462 Off.
1427 2444 1460 2467 2,
1479 2441 1507 2468 38
1527 2445 1549 2462 c.
1564 2444 1587 2462 ιι
1608 2436 1681 2462 Haec
1694 2436 1779 2463 animi
1791 2436 1964 2471 despicientia
1983 2446 1998 2464 a
2018 2437 2178 2466 mirabilita-

18 2471 108 2497 Exitus
118 2470 407 2506 administrationesque
421 2471 579 2499 Brundufini
591 2477 683 2506 portus
696 2471 826 2506 impedire
842 2471 973 2503 instituit,
993 2473 1011 2497 i.
1021 2473 1067 2496 im·
1118 2478 1173 2499 tem
1187 2481 1310 2507 magnam
1324 2472 1396 2498 facit.
1435 2472 1542 2498 Nonius
1556 2479 1638 2497 tamen
1651 2472 1693 2498 bic
1706 2474 1767 2508 legit
1780 2472 1987 2499 Mirabilitatem
2002 2479 2026 2506 8,
2037 2481 2073 2507 53.
2104 2473 2179 2509 Idem

8 2507 115 2542 'pedit-e,
136 2516 165 2533 ne
187 2516 238 2533 rem
250 2508 286 2533 ibi
297 2516 396 2543 gerere,
417 2510 540 2543 explicare
554 2508 650 2541 classem
665 2514 710 2533 etc.
721 2508 799 2542 possit
812 2509 949 2542 Pompeius.
1008 2506 1102 2540 Cic.65
1121 2509 1154 2535 de
1171 2509 1234 2535 Nat.
1248 2509 1329 2535 Deor.
1342 2516 1373 2539 2,
1395 2515 1430 2540 90
1442 2516 1463 2534 c.
1477 2509 1510 2539 36
1546 2507 1653 2540 Quanta
1672 2507 1704 2534 sit
1716 2507 1910 2535 admirabilitas
1924 2509 2076 2536 caelestium
2086 2518 2179 2537 rerum

19 2541 71 2569 Off.
85 2551 114 2575 2,
130 2551 156 2570 η
177 2543 233 2570 Nec
247 2543 287 2570 his
301 2544 354 2570 tine
366 2543 506 2572 hominum
519 2543 749 2570 administratione
763 2550 909 2569 vteremur.
964 2542 1006 2568 An
1019 2542 1067 2568 Dii
1120 2551 1199 2580 atque
1215 2544 1389 2570 terrestrium.

17 2578 50 2605 ab
63 2579 137 2605 omni
151 2579 287 2605 curatione
299 2586 325 2606 et
338 2579 566 2606 administratione
579 2589 669 2606 rerum
678 2586 773 2606 vacent
798 2579 854 2605 Cic.
867 2579 898 2605 de
913 2578 974 2605 Nat.
983 2578 1064 2605 Deor.
1158 2588 1179 2607 A
1190 2588 1208 2607 D
1218 2587 1243 2607 M
1252 2588 1261 2606 1
1270 2585 1330 2607 SCE
1340 2585 1376 2611 o,
1397 2578 1442 2611 ui,
1462 2577 1543 2604 istum
1552 2577 1607 2612 stuc
1627 2578 1730 2611 ixtum,
1749 2581 1794 2606 ere
1814 2578 1827 2612 [
1840 2579 1991 2614 προσμιγνόω
2000 2601 2008 2613 ,
2029 2580 2177 2616 προσφόρω]

19 2621 47 2646 ι,
64 2622 80 2640 2
93 2623 115 2640 c.
128 2622 148 2640 1.
199 2613 302 2642 officiis
320 2620 348 2641 et
363 2615 637 2642 administrationibus
659 2624 767 2651 peccare
795 2615 863 2641 Tac.
877 2615 966 2649 Agric.
981 2623 1023 2647 19,
1044 2622 1065 2647 5.
1120 2617 1179 2644 Rem
1192 2618 1300 2652 aliquam
1314 2614 1436 2650 nustendo
1451 2616 1527 2640 alteri
1539 2615 1654 2641 adiicere.
1691 2616 1748 2642 Cic.
1763 2616 1846 2641 Tusc.
1860 2623 1892 2647 2,
1910 2618 1945 2641 26
1960 2625 1982 2642 c.
1998 2625 2021 2643 ιι
2046 2613 2179 2644 >Verunta-

21 2648 224 2675 Administratid
240 2649 327 2676 libera
361 2659 404 2676 uae
409 2650 462 2684 fit,
482 2651 535 2677 vid.
551 2652 580 2677 in
592 2651 610 2678 l.
633 2651 768 2678 filiusfam.
788 2651 819 2678 D.
832 2651 864 2677 de
877 2651 966 2676 donat.
1004 2649 1065 2684 le-
1121 2662 1182 2679 nien
1195 2653 1284 2679 versus
1297 2650 1330 2677 ab
1344 2652 1385 2677 his
1400 2650 1539 2676 admisceri
1553 2650 1681 2676 orationi.
1725 2651 1794 2677 Deus
1809 2650 1886 2677 bonis
1901 2651 2026 2678 omnibns
2047 2653 2178 2681 mundum

21 2684 51 2710 in
64 2683 81 2710 l.
97 2692 157 2710 eum
170 2683 266 2712 adium.
302 2685 334 2711 D.
380 2694 420 2720 eg.
435 2686 496 2720 gest.
510 2687 590 2723 casum
604 2687 715 2719 indicat,
736 2696 790 2723 quo
805 2696 835 2713 ex
850 2686 993 2721 superioris
1000 2691 1066 2712 tem·
1073 2696 1109 2723 70
1120 2688 1260 2723 impleuit,
1280 2687 1345 2714 mali
1356 2687 1426 2713 nihil
1439 2686 1579 2713 admiscuit
1598 2686 1655 2712 Cic.
1668 2685 1700 2712 de
1713 2687 1794 2712 Vniu.
1810 2695 1831 2713 c.
1846 2695 1867 2719 3.
1911 2687 2063 2715 Admiscere
2076 2689 2177 2716 oratio-

20 2719 94 2754 poris
103 2718 331 2746 administratione
345 2720 414 2748 nihil
428 2722 539 2757 amplius
553 2723 581 2749 in
595 2723 725 2750 iudicium
738 2723 832 2750 deduci
852 2722 942 2757 potest.
1121 2734 1150 2751 ni
1164 2724 1268 2759 aliquid
1282 2724 1379 2750 nitoris
1401 2722 1510 2756 Qun&
1525 2731 1554 2755 3,
1573 2730 1599 2754 1,
1621 2731 1642 2755 3.
1679 2722 1748 2749 Ter.
1762 2724 1858 2749 Heaut.
1872 2731 1900 2755 4,
1910 2730 1938 2756 5,
1957 2731 1985 2756 35
2003 2725 2043 2750 Ita
2056 2731 2084 2751 tu
2100 2724 2178 2752 istaec

57 2761 106 2781 AD
115 2761 139 2781 M
150 2762 228 2795 1le
237 2763 258 2782 T
268 2763 286 2783 R
297 2764 318 2783 A
328 2763 349 2783 'r
359 2758 450 2784 ivvs
459 2778 466 2790 ,
486 2767 516 2790 a,
538 2767 592 2785 um.
645 2759 777 2794 Qineffl.
794 2769 822 2792 ε,
844 2764 882 2791 18,
903 2767 916 2792 ς
937 2758 964 2785 Si
979 2764 1068 2785 tamen
1121 2767 1166 2787 tua
1175 2761 1300 2793 misceto,
1320 2768 1354 2786 ne
1367 2768 1410 2785 me
1423 2758 1573 2785 admisceas.
1612 2757 1680 2784 Ibid.
1697 2765 1725 2791 5,
1744 2767 1776 2791 2,
1794 2767 1828 2785 22.
1850 2759 1893 2785 Ne
1907 2766 1932 2785 tc
1947 2759 2076 2794 admisce,
2097 2770 2178 2788 nemo

20 2798 71 2817 vna
84 2798 117 2817 ex
130 2789 216 2818 tribus
229 2792 330 2818 artibus
342 2792 463 2820 habenda
476 2793 523 2827 sit,
544 2795 608 2829 quia
621 2796 751 2822 maximus
766 2796 822 2822 eius
835 2796 894 2821 vsus
907 2794 967 2821 aoht
981 2796 1065 2821 conti·
1121 2798 1223 2824 accusat
1238 2797 1301 2829 Syre
1315 2802 1350 2822 te.
1423 2794 1480 2821 Cic.
1494 2795 1529 2828 Q
1543 2794 1620 2820 fratr.
1633 2803 1645 2826 3
1654 2814 1663 2827 ,
1686 2802 1716 2829 17
1741 2795 1906 2822 Trebatium
1920 2804 1986 2822 vero
2000 2805 2089 2823 meum
2103 2795 2176 2832 quod

18 2833 114 2867 netur,
133 2833 211 2862 atque
233 2827 270 2854 est
293 2828 323 2854 in
344 2837 377 2856 eo
401 2829 625 2865 frequentiffima,
644 2831 746 2859 dicatur
768 2831 871 2864 aetina,
889 2830 932 2857 vel
955 2831 1068 2858 admini-
1119 2833 1170 2860 isto
1183 2833 1340 2864 admisceas,
1360 2830 1430 2858 nihil
1443 2830 1487 2856 est.
1540 2830 1597 2856 Cic.
1611 2831 1665 2857 Att.
1680 2837 1714 2865 7,
1737 2839 1746 2857 ι
1767 2831 1815 2858 Sed
1827 2831 1979 2858 hortamen
1993 2833 2126 2867 quidquid
2140 2833 2176 2860 est

19 2861 136 2890 stratum·
400 2868 401 2873 ¹
1078 2875 1110 2903 75
1120 2871 1292 2901 Precianum,
1313 2877 1373 2894 cuni
1387 2866 1428 2893 his
1441 2865 1592 2893 rationibus
1607 2875 1671 2901 quas
1686 2866 1731 2892 ille
1743 2875 1813 2893 meas
1828 2867 1938 2900 tractat,
1949 2868 2089 2895 admisceri
2101 2869 2176 2895 nolo.

46 2905 139 2940 ,ΑΒΜ
149 2899 262 2932 sROR,
278 2899 328 2926 ari.
343 2899 512 2939 [θαυμάξω]
539 2903 639 2930 Mirari
667 2904 838 2936 vehementer,
856 2904 942 2940 magni
965 2901 1065 2940 facere.
1121 2906 1176 2933 Cic.
1190 2905 1303 2940 Philipp.
1320 2913 1362 2936 12,
1384 2905 1412 2930 16
1424 2912 1445 2929 c.
1460 2911 1477 2937 7
1493 2903 1524 2929 In
1537 2901 1585 2928 hac
1599 2911 1649 2937 ego
1664 2902 1797 2937 legatione
1809 2903 1872 2935 sim,
1893 2910 1937 2929 aut
1950 2903 1983 2930 ad
1995 2904 2024 2930 id
2036 2904 2177 2932 confilium

21 2934 78 2962 Cic.
89 2935 143 2972 Att.
157 2936 189 2968 6,
205 2943 227 2975 ¹9
257 2935 409 2964 Admiratus
422 2938 480 2964 sum
493 2938 653 2966 breuitatem
667 2941 792 2976 epistolae
808 2946 876 2966 tuae.
914 2938 982 2966 Ter.
998 2940 1064 2966 Eun.
1119 2941 1284 2968 admiscear?
1322 2939 1388 2966 Plin.
1403 2941 1439 2965 26
1445 2959 1454 2972 ,
1472 2947 1500 2965 10
1521 2937 1650 2965 Admixto
1664 2939 1693 2966 in
1707 2938 1841 2965 heminam
1848 2939 1955 2964 seminis
1963 2940 2030 2965 turis
2038 2940 2176 2966 cochleare

21 2979 54 3003 ²2
67 2977 150 3007 &7¹9
174 2971 224 2997 ΗΒ
238 2971 310 2998 Vltro
324 2973 446 3006 arrideo,
465 2979 490 3000 et
504 2983 598 3002 eorum
613 2976 720 3011 ingenia
735 2977 854 3003 admiror
866 2974 948 3001 fimul.
1006 2975 1063 3002 Cic.
1118 2987 1181 3005 vno.
1219 2976 1346 3004 Absolute
1359 2975 1479 3002 Scribon.
1494 2975 1589 3009 Comp.
1603 2983 1659 3009 217.
1674 2976 1733 3001 266.
1749 2980 1808 3008 248.
1825 2982 1877 3007 255.
1917 2974 2006 3000 Alicui
2018 2976 2059 3001 rei
2077 2975 2116 3002 Id.
2125 2982 2177 3009 234

23 3004 210 3048 Affi-abffs
222 3015 244 3033 c.
257 3009 290 3040 36
295 3044 300 3048 η
315 3008 436 3035 Diodoro
450 3010 517 3045 quid
529 3011 626 3039 faciam
639 3013 746 3045 Stoico,
766 3018 814 3038 etc.
835 3019 915 3046 quem
934 3016 959 3038 et
979 3010 1064 3038 admi·
1118 3029 1163 3034 —
1181 3023 1242 3040 cum
1255 3013 1346 3048 aliqua
1360 3020 1389 3038 re
1408 3010 1447 3038 Id.
1461 3019 1512 3043 231.
1550 3010 1648 3038 Acidos
1662 3009 1758 3037 Bacclii
1769 3010 1860 3036 latices
1874 3010 2024 3037 Tritonide
2043 3010 2118 3038 oliua
2131 3011 2176 3038 ad-

21 3049 84 3074 ror,
102 3046 129 3068 ‘t
139 3039 232 3076 ‘ll-¹¹5⁰·
267 3043 343 3078 Vfl'g·
357 3045 455 3080 Geffl'g·
471 3055 507 3079 4,
523 3049 566 3079 3¹6
585 3047 633 3075 Ille
646 3058 758 3084 operum
772 3047 872 3080 custos,
889 3046 964 3075 illuni
978 3047 1063 3074 admi·
1081 3050 1230 3081 gemiscere
1244 3047 1396 3076 Nemefian.
1411 3047 1509 3081 cyneg.
1523 3049 1585 3073 206.

21 3084 128 3109 famur:
147 3082 173 3103 et
185 3084 275 3104 Omnes
311 3080 494 3108 Circumstant.
570 3084 626 3111 Cic.
640 3086 695 3112 Att.
711 3094 727 3118 9
735 3105 743 3117 ,
765 3093 791 3110 12
812 3084 851 3110 De
863 3083 990 3116 Dionysio
1005 3084 1063 3110 sum
1156 3093 1178 3113 A
1187 3094 1206 3113 D
1214 3093 1240 3113 Μ
1250 3093 1258 3112 1
1267 3092 1280 3113 s
1289 3092 1310 3112 T
1319 3091 1340 3111 v
1350 3091 1362 3111 s
1372 3103 1380 3116 ,
1407 3090 1433 3110 et
1461 3090 1482 3110 A
1491 3090 1509 3109 D
1520 3089 1544 3109 M
1553 3090 1563 3109 1
1572 3090 1592 3110 x
1600 3088 1621 3109 T
1630 3088 1671 3109 VS
1698 3082 1792 3108 Partic.
1830 3081 2081 3118 [προσμεμιγμένοε]
2116 3082 2175 3110 Cic.

20 3112 172 3155 admiratus.
209 3113 264 3140 cic.
278 3113 310 3141 de
323 3116 397 3143 Orat.
409 3126 436 3152 1,
455 3126 493 3154 47
509 3119 572 3153 Qio
584 3120 612 3146 in
626 3120 698 3148 libro
719 3121 746 3147 in
760 3120 810 3146 hoc
823 3119 938 3145 maxime
950 3119 1063 3146 admira·
1119 3122 1198 3149 Acad.
1214 3131 1224 3149 ι
1233 3142 1242 3155 ,
1263 3127 1276 3152 8
1310 3121 1341 3147 In
1361 3119 1415 3146 illis
1433 3118 1569 3145 veteribus
1588 3117 1684 3146 nostris
1697 3118 1800 3152 scriptis
1814 3118 1896 3144 inulta
1909 3117 2019 3144 admista
2032 3127 2065 3148 eit
2078 3119 2176 3146 intima

20 3147 69 3188 bar
82 3149 233 3188 haten-em,
253 3150 325 3184 quod
345 3152 415 3180 mihi
436 3153 466 3180 in
488 3155 641 3183 oratoribus
663 3155 808 3183 irridendis
832 3156 886 3190 ipse
902 3156 949 3182 esse
969 3162 1063 3183 orator
1120 3157 1299 3193 philosophia.
1338 3157 1391 3183 Aer
1407 3154 1531 3182 admistus
1545 3154 1631 3180 multo
1644 3153 1731 3180 calore
1753 3154 1809 3180 Cic.
1822 3153 1853 3179 de
1861 3153 1922 3179 Nat.
1939 3154 2019 3181 Deor.
2029 3163 2055 3187 2,
2063 3161 2098 3189 27
2105 3164 2127 3181 c.
2137 3164 2175 3181 10.

21 3185 138 3224 summus
153 3183 302 3224 videbatur.
347 3188 450 3219 Cic-‚de
463 3190 538 3217 Orat.
553 3200 582 3224 2,
603 3194 650 3219 126
666 3193 721 3227 Ego
735 3200 800 3218 vero
814 3191 842 3218 in
855 3191 931 3218 vobis
944 3190 995 3218 hoc
1009 3201 1064 3219 ma·
1119 3194 1193 3221 Caes.
1209 3194 1237 3221 B.
1253 3194 1282 3220 C.
1296 3202 1325 3226 3,
1346 3198 1380 3227 48
1402 3191 1444 3218 Est
1457 3192 1538 3218 etiam
1552 3199 1632 3226 genus
1647 3190 1759 3222 radicis,
1779 3188 1849 3224 quod
1864 3188 2006 3216 admistum
2020 3189 2087 3217 lae'te
2107 3190 2174 3217 mul-

21 3228 93 3261 ?fflle
105 3219 233 3260 admlffifl
247 3220 335 3254 s0¹²02
355 3225 426 3258 quod
435 3235 496 3254 cum
510 3227 581 3254 inter
593 3237 641 3255 vos
653 3228 683 3256 in
695 3227 807 3255 dicendo
821 3227 985 3254 dissimillimi
999 3228 1063 3261 fitis,
1078 3233 1107 3262 83
1118 3236 1177 3258 tuin
1191 3230 1312 3265 inopiam
1327 3227 1440 3255 leuabat.
1497 3227 1553 3254 Cic.
1569 3226 1601 3253 de
1616 3226 1680 3253 Nat.
1694 3227 1774 3252 Deor.
1788 3233 1821 3257 2,
1838 3226 1874 3251 26
1894 3225 1982 3260 Atque
1996 3235 2080 3262 aquae
2093 3227 2175 3253 etiam

20 3261 76 3297 Ιῐὲζ
95 3261 144 3296 etc:
182 3255 238 3282 CR*-
250 3257 304 3282 Att.
316 3260 332 3283 ⁶
340 3277 348 3289 2
365 3267 382 3292 9
399 3260 447 3287 Sed
460 3264 547 3289 amaui
561 3269 666 3298 tamen,
687 3264 884 3299 admiratusque
897 3264 969 3297 suni,
990 3264 1063 3300 quod
1119 3265 1261 3293 admistum
1275 3266 1324 3292 effe
1338 3264 1464 3291 calorem.
1500 3264 1577 3298 Aqua
1590 3262 1703 3289 admisto
1718 3261 1804 3288 calore
1815 3260 1961 3295 liquefacta
1975 3261 2015 3289 Ib.
2061 3263 2174 3289 Animus

20 3290 195 3332 nihilominus
209 3291 241 3318 ad
256 3299 356 3335 metua
369 3303 447 3323 manu
458 3298 598 3333 scripsisses.
636 3301 693 3327 Cic.
708 3300 740 3326 de
754 3300 817 3327 Diu.
830 3309 855 3333 2,
870 3305 913 3334 148
929 3301 982 3326 Ess'e
990 3309 1063 3335 prae·
1118 3312 1174 3329 non
1189 3302 1269 3329 habet
1281 3302 1311 3328 in
1323 3302 1348 3327 se
1364 3299 1512 3336 quidquam
1525 3298 1667 3326 admistum
1681 3297 1737 3324 Cic.
1751 3296 1783 3323 de
1796 3296 1897 3324 Senect.
1913 3306 1934 3324 c.
1948 3306 1987 3325 21.
2044 3299 2087 3328 Sic
2100 3301 2175 3326 etiam

21 3327 130 3354 stantem
141 3327 259 3368 aliqussm
274 3336 605 3371 aeterntnpqutr*naturam,
616 3342 642 3362 et
656 3345 714 3363 eam
728 3335 917 3371 suspiciendam
931 3336 1063 3364 admirari·
1119 3339 1203 3366 Tusc.
1219 3347 1272 3365 1‘c.
1287 3346 1330 3370 29.
1723 3367 1729 3372 ,
1810 3352 1813 3355 ·

23 3362 133 3404 ὖὲῑῦῑὶῑῑθ
146 3362 286 3405 h9⁰¹¹¹¹113²¹
300 3373 407 3405 genens
426 3367 593 3407 pulchritudo
603 3372 713 3406 mundi,
732 3372 854 3407 ordoque
874 3381 963 3399 rerum
977 3373 1063 3400 coele·
1155 3382 1178 3402 A
1187 3382 1206 3401 D
1214 3382 1239 3401 Μ
1248 3382 1258 3402 ι
1266 3382 1279 3401 s
1288 3380 1310 3402 T
1319 3381 1329 3400 1
1338 3379 1357 3399 ο
1365 3392 1374 3405 ,
1395 3378 1421 3398 et
1439 3377 1463 3398 A
1471 3378 1491 3398 D
1499 3377 1525 3397 M
1534 3377 1544 3397 1
1553 3378 1571 3397 Χ
1580 3376 1601 3396 Τ
1610 3376 1620 3396 1
1629 3375 1648 3395 Ο
1655 3387 1663 3400 2
1683 3369 1752 3393 ἴως’
1769 3367 1789 3394 f·
1807 3367 1974 3404 [πξᾶσμίξις]
1995 3369 2052 3396 Cic·
2065 3369 2096 3396 de
2109 3370 2174 3396 Nat.

23 3397 101 3426 stium
113 3405 184 3434 cogit
198 3403 328 3426 coniitert.
347 3437 352 3442 ,
402 3402 458 3429 Cic.
470 3404 550 3432 Tusc.
566 3415 575 3433 1
584 3426 594 3440 ‚
611 3416 628 3441 9
648 3409 744 3436 Errare
756 3407 906 3435 mehercule
917 3409 988 3436 malo
1001 3419 1062 3436 cum
1074 3422 1110 3448 90
1119 3409 1201 3438 Deor.
1214 3419 1248 3444 2,
1270 3430 1276 3437 .
1299 3429 1307 3436 .
1344 3408 1426 3436 Suum
1440 3407 1538 3433 retinet
1552 3405 1674 3432 ardorem
1688 3409 1809 3437 tenuem,
1820 3410 1846 3430 et
1859 3404 1933 3432 nulla
1945 3406 2103 3432 admistione
2112 3413 2177 3432 con·

24 3433 144 3468 Platone,
163 3444 244 3476 quem
263 3442 356 3472 quanti
376 3443 404 3464 tu
427 3439 523 3473 facias,
541 3442 611 3476 scio,
626 3450 653 3471 et
671 3453 752 3481 quem
765 3453 797 3471 ex
810 3450 857 3470 tuo
868 3452 915 3472 ore
927 3445 1062 3472 admiror:
1118 3449 1230 3474 cretum,
1273 3445 1348 3472 Idem
1363 3444 1396 3470 de
1409 3442 1510 3470 Sene&
1525 3450 1561 3476 79
1586 3440 1697 3466 Animus
1713 3440 1789 3467 omni
1801 3439 1960 3468 admistione
1972 3442 2093 3477 corporis
2106 3441 2173 3468 libe-

9 3490 11 3497 .
25 3476 102 3504 quain
114 3479 172 3497 eum
190 3471 244 3498 istis
257 3481 322 3513 vera
335 3474 440 3514 sentire.
475 3476 544 3503 Hor.
558 3477 635 3513 Epist.
649 3489 676 3513 1,
696 3482 729 3513 6,
748 3488 757 3507 1
778 3479 827 3507 Nil
841 3479 980 3515 admirari,
1001 3491 1063 3517 pro·
1118 3491 1200 3510 ratuS.
1237 3481 1299 3509 Sine
1313 3480 1471 3507 admistione
1484 3477 1584 3505 terreni
1605 3475 1700 3502 Pallad.
1715 3484 1741 3509 1,
1759 3484 1781 3509 5.

25 3512 110 3547 ιιι-τες
127 3506 163 3548 eit
175 3515 226 3548 vna
238 3508 367 3543 Numici,
387 3510 501 3546 Solaque
522 3521 589 3548 quae
608 3515 682 3550 poffit
694 3516 781 3544 facere
794 3523 820 3543 et
832 3517 934 3544 seruare
947 3517 1062 3545 beatum,
1156 3526 1178 3546 A
1187 3526 1206 3546 D
1215 3525 1240 3545 M
1249 3525 1259 3545 1
1269 3526 1287 3545 x
1298 3524 1319 3544 T
1328 3524 1371 3543 vs
1380 3537 1389 3549 ,
1412 3514 1451 3542 sis.
1472 3524 1508 3541 m.
1545 3512 1626 3539 Idem.
1663 3511 1783 3539 Macrob.
1806 3512 1910 3540 Saturn.
1930 3521 1964 3546 2,
1985 3520 2000 3539 r
2032 3512 2174 3540 Honorem

29 3538 78 3567 Hic
94 3540 219 3583 admirari
237 3543 271 3577 gli
288 3548 375 3582 magni
385 3546 490 3582 facere,
508 3554 613 3583 putare,
632 3551 784 3579 vehementer
797 3551 866 3588 adfi·
873 3552 1014 3588 pertinere,
1033 3554 1065 3581 ab
1119 3554 1171 3582 Dei
1185 3554 1260 3581 nullo
1274 3553 1394 3580 admixtu
1408 3549 1553 3586 voluptatis
1571 3556 1705 3581 augemus.

28 3583 119 3646 ‘offae‘
141 3580 240 3615 penjum
251 3577 308 3614 ff,
326 3581 463 3617 etproinde
474 3586 611 3619 inquietum
624 3594 632 3610 .·
667 3592 697 3613 υε
707 3595 796 3615 contra
809 3598 836 3615 ea
850 3589 931 3616 iubent
946 3600 993 3617 nos
1005 3591 1107 3627 phi-93
1156 3595 1425 3620 ADMISSIVVS‚
1463 3594 1485 3613 A
1496 3589 1760 3618 DMISSARIVS‚
1790 3589 2003 3616 ADMi'ssm,
2035 3586 2173 3615 Annus-

28 3609 52 3636 10
63 3617 92 3672 pf
102 3621 118 3642 ,ι
129 3621 279 3657 quemn-quq
292 3623 365 3644 extra
378 3627 423 3645 nos
432 3618 496 3658 fiant
509 3619 642 3655 despicere
655 3627 701 3649 etc.
757 3625 812 3651 Hoc
828 3625 937 3660 quuitur
953 3633 1008 3654 tota
1020 3627 1065 3654 illa
1120 3633 1134 3655 s.
1143 3634 1164 3654 v
1173 3633 1232 3654 RA.
1275 3625 1335 3652 Vid.
1343 3623 1435 3658 statim
1449 3629 1470 3649 A
1482 3628 1501 3648 ι)
1510 3627 1535 3646 Μ
1545 3625 1584 3646 1'r
1593 3625 1615 3645 Τ
1625 3625 1654 3646 0.

30 3648 76 3686 ’Βύ-
87 3647 140 3678 ⁰1⁶·
157 3658 187 3675 ιη
194 3654 327 3692 prmus-y.
341 3661 370 3679 η
384 3654 422 3690 sq.
479 3655 598 3683 Gaudeat
616 3665 649 3683 an
667 3656 775 3691 doleat;
812 3660 900 3695 cupiat
916 3665 1065 3695 metuatue5
1156 3668 1319 3690 ADMITT
1329 3667 1365 3693 ο,
1386 3658 1432 3691 isi,
1453 3658 1544 3688 iss'um,
1566 3656 1619 3682 ere.
1640 3654 1803 3692 [προσίεμαι,
1823 3652 1987 3689 dedimam]
2007 3654 2111 3686 facere,
2133 3655 2175 3682 vel

31 3680 149 3722 (1ῑὶΙρᾹᾶ
169 3691 242 3724 ΓΜ,
274 3686 302 3714 δι
323 3688 456 3725 quidquid
478 3691 549 3719 vidit
569 3692 665 3719 melius
682 3693 792 3728 peiusue
811 3696 855 3722 sua
869 3696 926 3732 spe,
963 3699 1064 3726 Defixis
1113 3702 1175 3735 pati
1211 3706 1241 3725 vt
1253 3695 1352 3734 aliquid
1362 3694 1478 3725 accedat,
1497 3691 1585 3722 adeat,
1598 3690 1660 3727 fiat.
1719 3692 1788 3717 Ante
1801 3691 1872 3717 fores
1887 3691 1997 3716 stantem
2009 3690 2115 3717 dubitas
2128 3690 2173 3718 ad·

31 3715 114 3744 ‘’mh’'
133 3725 274 3755 mumque
287 3727 318 3765 *et
336 3733 450 3760 torpore
468 3729 577 3763 torpet}
613 3728 769 3756 Admiratur
781 3739 838 3768 ergo
849 3735 889 3758 cui
899 3742 1013 3771 magnum
1025 3735 1065 3761 bo·
1119 3719 1229 3762 mitt⁵ere
1241 3735 1339 3761 famam
1361 3729 1477 3757 Martial.
1493 3736 1519 3761 1,
1539 3728 1582 3754 26.
1624 3728 1682 3754 Cic.
1695 3727 1772 3753 Verr.
1786 3736 1816 3759 3,
1838 3747 1844 3753 .
1864 3746 1872 3752 .
1907 3727 1937 3752 In
1951 3731 2004 3752 tam
2017 3727 2094 3761 graui
2106 3735 2172 3753 nun·

204 3761 321 3798 Pecu’lfflp
338 3769 453 3798 magnum
466 3765 556 3790 malum
567 3771 705 3797 contemtus
717 3769 898 3801 imperitorum,
917 3777 962 3798 etc.
1006 3771 1160 3802 Cic-motio
1173 3778 1255 3798 nemo
1273 3769 1467 3797 admitteretur.
1540 3762 1621 3790 Ouid.
1643 3763 1731 3790 Trist.
1746 3771 1775 3796 ς,
1796 3764 1828 3794 6,
1849 3770 1873 3794 13
1915 3761 2039 3797 Turpius
2053 3763 2173 3794 eiicitur,

32 3786 116 3826 Tui-²·
131 3795 160 3821 3,
175 3797 206 3830 ,30
230 3791 378 3831 ‚Nimirum
397 3797 462 3824 haec
481 3799 518 3825 est
530 3799 577 3827 illa
589 3801 719 3835 praestans
733 3807 759 3828 et
772 3801 864 3830 diuina
876 3804 1001 3840 sapientia
1020 3821 1066 3827 —
1121 3816 1202 3843 quam
1214 3815 1269 3834 non
1282 3803 1433 3833 admittitur
1448 3800 1548 3834 hospes.
1591 3799 1724 3826 Videamus
1733 3801 1816 3833 primo
1830 3794 2024 3829 constructiones
2036 3809 2088 3824 cum
2098 3805 2172 3833 praef

19 3821 101 3860 .¹¹¹h¹¹
113 3822 240 3867 &Qun
251 3833 297 3854 “⁶-
325 3863 332 3873 ¹
449 3831 471 3872 ff
489 3843 506 3862 2
526 3836 654 3864 Interdum
666 3837 811 3872 admirari,
829 3845 860 3865 vt
877 3841 943 3876 apud
959 3843 1067 3870 Socrati·
1117 3843 1289 3880 positionibus.
1345 3836 1460 3866 Admitti
1473 3836 1505 3862 ad
1518 3835 1554 3862 ali
1573 3844 1635 3862 uem
1660 3835 1729 3862 Ter.
1745 3834 1808 3859 Hec.
1825 3841 1856 3865 2,
1876 3841 1902 3873 ι,
1923 3841 1963 3867 4ι.
2020 3834 2125 3874 Partum
2138 3832 2172 3860 ad

19 3865 72 3912 icas
89 3857 227 3902 &aupacssm
243 3861 392 3906 &numos-ov,
408 3867 556 3902 θαημωςδν,
574 3871 609 3898 ad
619 3872 786 3909 absurditati,—
804 3875 979 3912 accusationem
990 3877 1067 3905 mode.
1121 3879 1205 3907 χώρη
1229 3878 1296 3906 Plin,
1310 3882 1339 3908 g,
1360 3883 1404 3908 4²--
1480 3871 1536 3899 Cic.
1549 3872 1567 3898 Ρ
1589 3871 1663 3906 ilipp.
1678 3876 1708 3903 8,
1729 3878 1762 3896 22
1776 3870 1813 3908 ‘In
1826 3867 1979 3896 cubiculum
1993 3869 2132 3896 admittere
2145 3874 2172 3894 et

24 3890 92 3926 stam
103 3901 229 3929 Pemneh.
261 3897 319 3926 Vul-
326 3901 382 3929 Cic.
396 3903 509 3944 deotat.
523 3915 557 3940 z,
573 3915 615 3941 3¹5
629 3914 707 3944 c..78.
744 3910 844 3937 Id.0ff.
854 3920 875 3943 2,
884 3913 915 3944 56
922 3922 943 3940 c,
952 3916 980 3940 16
1006 3915 1066 3941 Ari.
1122 3915 1249 3942 reducere
1263 3914 1378 3947 legatum
1393 3907 1518 3936 hostium.
1575 3909 1606 3934 In
1620 3908 1729 3934 domum
1750 3905 1806 3930 Cic.
1821 3904 1875 3931 Off.
1890 3914 1917 3938 1,
1937 3925 1944 3932 .
1964 3925 1971 3932 .
2020 3905 2088 3931 Ter.
2105 3904 2171 3930 Eun-

30 3927 263 3994 ὼῑάανῖιῃθῖ
275 3935 513 3977 reprehendit,qur
524 3941 570 3970 has
583 3945 755 3978 pecuniarum
767 3945 905 3974 effiifiones
918 3957 972 3977 non
982 3950 1114 3980 admi-105
1123 3959 1154 3983 2,
1174 3959 1206 3984 2,
1223 3958 1256 3984 50
1275 3949 1326 3976 Fac
1336 3953 1369 3974 vt
1379 3944 1504 4008 admlimr
1517 3943 1551 3971 ad
1562 3943 1647 3982 iliani.
1688 3942 1744 3969 Cic.
1759 3939 1880 3984 Philipp.
1889 3949 1905 3968 2
1913 3961 1923 3974 ‚
1941 3948 1976 3974 45
2001 3941 2114 4001 Qiotia:
2128 3948 2175 4001 {lu-e

216 3986 224 3993 .
265 3986 272 3994 .
2109 3984 2126 4002 ο
2147 3984 2161 4002 e

31 3760 88 3777 num
99 3753 128 3779 ‘ui
