2474 4182
898 71 1690 122 PRAEFATIO.

388 208 451 254 17.
487 190 576 241 Sed
595 188 675 236 ista
693 183 867 245 ludere,
896 196 941 232 et
958 182 1165 249 superato
1184 184 1342 233 labore
1361 181 1478 248 quasi
1496 182 1713 232 exsultare
1731 185 1882 241 libuit,
1910 179 2127 245 superest,
2151 200 2256 234 mea
2281 186 2374 250 qui-

237 266 342 313 dem
360 262 553 318 interest,
572 258 645 304 hic
660 255 840 302 moneri
855 254 1044 304 lestores
1062 256 1119 303 de
1136 257 1316 317 gemina
1332 255 1443 316 lege,
1460 267 1594 316 quam
1612 270 1694 316 per
1713 256 1853 303 totius
1875 255 2025 317 operis
2043 253 2278 304 decursum
2289 255 2375 304 ser-

237 348 345 381 vare
361 329 519 379 studui.
564 324 712 372 Prima
729 323 807 384 est,
818 336 867 371 vt
883 325 1100 372 euitarem
1119 324 1303 386 vulgare
1321 323 1429 371 illud
1445 334 1490 369 et
1508 334 1774 383 perpetuum
1793 338 1937 386 paene
1953 324 2137 383 crimen,
2158 340 2247 387 quo
2267 323 2376 372 insa-

237 413 418 450 mantur
426 393 671 456 Philologi,
692 392 1012 455 Grammatici,
1028 394 1196 453 Critici‚
1216 393 1342 457 quod
1360 395 1408 440 in
1426 392 1673 439 verborum
1690 392 1917 456 disciplina
1932 394 2040 454 toti,
2058 392 2376 443 consenescant

237 468 283 518 in
303 466 433 514 literis
451 474 498 510 et
519 463 732 523 vocibuS,
764 478 917 512 rerum
934 463 1164 512 bonarum
1182 463 1443 524 cognitione
1466 460 1537 508 vel
1556 459 1628 523 ipfi
1647 475 1842 521 careant,
1861 478 2001 526 eaque
2023 464 2252 525 praeditos
2270 478 2379 511 con·

236 533 426 584 tumeliis
443 531 654 580 afficiant.
705 533 926 594 Magnum
944 531 1152 595 profesio
1171 533 1366 592 crimen,
1387 531 1513 578 cuius
1531 527 1762 578 conuifiios
1783 547 1944 596 parum
1965 532 2174 595 equidem
2194 532 2254 580 ab
2273 530 2380 578 insa-

235 605 308 652 nia
325 601 469 649 abesse
486 602 713 650 arbitror:
757 603 815 649 de
831 616 923 665 quo
951 602 1071 650 nulla
1092 617 1189 651 non
1213 602 1447 650 occasione
1469 615 1659 649 monere
1676 601 1843 649 amicos
1873 616 2000 650 meos
2017 600 2141 649 soleo
2171 604 2209 649 *ἱ
2275 601 2382 650 Hoc

234 672 373 735 igitur
390 684 442 720 vt
458 673 694 731 euitarem,
723 683 773 719 vt
792 672 888 734 iplis
908 668 1033 719 fastis
1051 672 1340 720 ostenderem
1358 711 1370 731 ,
1406 671 1655 719 verborum
1675 683 1771 716 non
1789 669 1870 718 elle
1893 671 2030 718 alium
2048 669 2175 719 vsum
2194 708 2209 730 ,
2245 685 2382 734 quam

234 745 315 808 qui
334 743 634 804 cogitationes
652 752 698 789 et
717 755 788 788 res
806 739 917 804 ipsas
937 741 1054 788 adeo
1074 740 1323 799 declarent,
1343 737 1537 787 studiose
1556 739 1602 785 in
1621 737 1743 785 hunc
1762 735 2045 787 Thesaurum
2063 740 2194 786 retuli
2210 737 2383 787 senten-

235 814 321 861 tias
338 813 458 860 vitae
476 811 618 864 Vtiles,
638 809 959 873 descriptiones
980 826 1134 858 rerum
1154 811 1224 858 vel
1243 808 1512 856 naturalium
1531 808 1601 855 vel
1620 808 1679 855 ab
1698 819 1794 856 arte
1810 807 2145 870 produfihrum,
2165 809 2384 872 exempla,

237 879 626 945 apophthegmata
648 895 684 927 e.
699 881 722 927 i.
736 895 777 941 g.
798 895 836 927 a.
857 890 908 927 vt
928 880 1006 942 qui
1026 878 1099 927 vel
1119 878 1352 940 perlegere
1369 889 1521 925 totum
1539 891 1656 939 opus
1676 877 1805 935 velit,
1832 876 1990 939 (quod
2007 879 2237 926 iuniorum
2261 889 2384 926 certe

236 952 471 1001 neminem
488 946 820 1012 poenituerit3)
856 947 928 994 vel
948 961 1028 1008 per
1055 945 1336 1006 occafionem
1356 944 1448 992 hoc
1465 946 1536 992 vel
1554 946 1659 992 illud
1685 957 1819 1008 caput
1843 945 2120 996 considerare
2139 987 2151 1008 ,
2183 948 2254 996 ille
2281 962 2384 996 nus-

237 1037 374 1086 quam
390 1035 486 1067 non
503 1018 716 1077 inueniat,
727 1016 853 1080 quod
872 1015 1016 1078 legiffe
1033 1017 1168 1072 iuuet,
1181 1014 1310 1079 quod
1328 1014 1585 1073 meminisse,
1599 1015 1726 1077 quod
1743 1016 1790 1061 in
1807 1026 2017 1078 tempore
2035 1027 2082 1063 et
2097 1018 2201 1066 loco
2221 1018 2386 1081 depro-

237 1105 363 1139 mere
381 1100 522 1151 optet.
587 1087 686 1135 Hac
704 1086 762 1134 de
780 1084 909 1134 causa
925 1101 1024 1134 non
1043 1083 1290 1133 detrestaui
1308 1084 1514 1131 laborem
1533 1081 1817 1132 exscribendi
1833 1085 1960 1134 locos
1979 1087 2117 1134 etiam
2135 1088 2387 1150 longiores,
2431 1080 2435 1082 ἡ

237 1175 335 1209 non
354 1159 498 1206 modo
513 1167 563 1204 vt
579 1171 635 1203 ex
655 1154 748 1218 ipso
770 1154 992 1203 orationis
1012 1165 1231 1202 contexto
1251 1153 1410 1200 melius
1430 1153 1615 1200 iudicari
1626 1150 1759 1215 possit
1777 1153 1835 1201 de
1854 1151 2071 1203 sententia
2081 1156 2209 1203 verbi
2217 1157 2287 1204 vel
2296 1154 2388 1204 for-

237 1230 399 1287 mulae,
409 1240 526 1290 quae
546 1223 783 1286 trasiatur3
817 1223 892 1271 sed
907 1236 954 1272 vt
973 1223 1098 1271 fimul
1116 1221 1383 1270 exhibeatur
1403 1223 1558 1269 animo
1570 1221 1740 1270 liberali
1757 1233 1802 1270 et
1819 1223 1956 1271 rebus
1974 1225 2158 1287 agendis
2183 1236 2391 1288 nat0,pa-

237 1298 329 1347 stus
347 1297 519 1361 aliquis,
530 1309 623 1358 quo
643 1295 716 1342 ille
734 1294 969 1352 nutriatur,
982 1304 1027 1339 et
1043 1294 1107 1339 rei
1127 1291 1353 1354 gerendae
1373 1290 1589 1341 reddatur
1607 1293 1769 1355 aptior.
1802 1291 1919 1341 Non
1940 1294 2226 1357 impudenter
2243 1296 2392 1358 itaque

238 1366 401 1417 videor
421 1365 603 1412 titulum
625 1364 755 1425 operi
773 1353 959 1425 posuisse
981 1360 1235 1414 Thesaurus
1254 1362 1432 1423 linguae
1450 1370 1497 1409 et
1516 1361 1787 1409 eruditionis
1797 1362 2038 1423 Romanae,
2052 1378 2150 1411 non
2168 1378 2284 1412 vane
2298 1364 2393 1426 glo-

237 1438 376 1486 riatus
395 1433 479 1482 effe
498 1432 620 1495 apud
638 1429 1008 1491 Augustiffimum
1028 1429 1090 1477 M.
1110 1430 1362 1478 Britanniae
1382 1429 1575 1493 Regem,
1595 1443 1706 1495 opus
1726 1431 1807 1480 hoc
1823 1439 1916 1482 tam
1932 1430 2012 1497 qffi’
2028 1435 2204 1484 varium
2218 1471 2232 1495 ,
2262 1447 2394 1498 quam

239 1507 298 1571 (st
315 1505 407 1570 ipfir
427 1515 581 1552 rerum
601 1509 792 1560 natura,
829 1500 1011 1561 reliqua.

348 1585 586 1632 Praeterea
602 1579 721 1628 hanc
739 1581 965 1628 rationem
986 1577 1139 1637 habui,
1152 1589 1212 1635 vt,
1233 1590 1453 1643 quantum
1472 1581 1566 1630 eius
1575 1582 1673 1630 fieri
1691 1594 1886 1646 poterat,
1905 1583 2163 1646 generalem
2177 1583 2396 1647 aliquam,

241 1666 363 1704 certe
377 1653 573 1717 primam
591 1664 762 1698 vocum
780 1650 1021 1697 notionem
1041 1648 1384 1708 constituerem,
1412 1651 1534 1700 vnde
1550 1653 1747 1716 reliquae
1764 1653 1985 1716 pendent,
2015 1653 2088 1701 vel
2105 1653 2396 1718 deriuantur;

241 1739 292 1775 vt
308 1726 355 1772 in
373 1720 596 1786 epithetis,
606 1720 785 1783 quoties
803 1718 849 1765 id
867 1732 982 1780 opus
1001 1718 1253 1779 videbatur,
1265 1719 1567 1782 ostenderem,
1577 1734 1802 1786 quatenus
1822 1722 1894 1770 ille
1911 1733 1958 1769 et
1977 1736 2070 1786 quo
2091 1720 2296 1785 respestu
2312 1736 2396 1770 no-

240 1794 354 1843 mini
370 1791 703 1848 tribuerentur3
730 1787 778 1833 in
794 1786 960 1847 figuris,
982 1797 1204 1848 quatenus
1224 1802 1385 1836 verum
1405 1789 1452 1835 in
1470 1789 1551 1837 illis
1569 1790 1733 1849 inesset,
1751 1790 1878 1855 quod
1896 1805 2063 1854 nempe
2081 1789 2226 1840 solum
2244 1790 2396 1854 potest

242 1862 318 1913 hic
337 1861 474 1908 etiam
493 1857 694 1920 placere3
721 1867 772 1903 vt
788 1869 1079 1903 occurrerem
1097 1854 1154 1901 illi
1173 1865 1380 1903 veterum
1393 1854 1827 1920 Grammaticorum,
1847 1859 1996 1908 Nonii
2017 1859 2277 1924 praesertim
2296 1854 2397 1910 Ser4
2448 1896 2451 1906 2

243 1933 396 1996 viique
414 1928 572 1986 errori,
600 1926 675 1990 qui
688 1924 776 1972 fine
794 1922 922 1972 causa
940 1922 1281 1984 significationes
1299 1923 1551 1971 verborum
1569 1926 1879 1987 multiplicant,
1899 1931 2075 1989 quoties
2093 1930 2261 1992 vident,
2278 1928 2396 1977 salua

244 1998 463 2050 sententia
480 1998 527 2044 in
548 1993 640 2043 hoc
659 1994 794 2042 illoue
813 2004 1033 2041 contexto
1051 1990 1270 2040 oratiOnis
1282 1992 1477 2039 alterum
1491 1991 1683 2043 verbum
1701 1994 1829 2042 alteri
1846 1995 1967 2058 poffe
1983 1995 2198 2048 substitui.
2263 1999 2398 2061 Qiae

244 2071 351 2122 sane
367 2083 424 2118 eo
443 2066 673 2130 pertinent
691 2065 858 2122 omnia,
868 2075 914 2110 et
932 2061 1051 2109 hanc
1072 2062 1165 2108 vim
1182 2059 1367 2118 habent,
1380 2072 1430 2108 vt
1447 2061 1588 2110 verba
1608 2077 1712 2111 cum
1728 2063 1865 2112 rebus
1883 2079 2175 2128 componere,
2183 2064 2293 2111 nihil
2306 2065 2396 2110 {ine

246 2140 427 2190 ratione
443 2151 594 2200 neque
610 2133 782 2182 distum
801 2146 975 2197 putare,
986 2126 1136 2196 neque
1153 2131 1305 2179 dicere
1325 2129 1627 2193 consuescant,
1637 2134 1713 2197 qui
1731 2146 1908 2183 mature
1925 2136 2001 2183 tali
2018 2126 2269 2183 libro‘velut
2287 2146 2395 2180 con-

248 2210 405 2259 siliario
425 2206 631 2272 quodam'
646 2215 847 2252 Vtuntur.
913 2202 1143 2265 Exemplis
1165 2200 1382 2249 illustrare
1399 2200 1566 2264 fingula
1587 2203 1849 2267 expeditum
1865 2204 2000 2255 nobis
2023 2216 2133 2266 erat,
2150 2203 2227 2254 sed
2243 2203 2397 2252 malim

249 2278 360 2330 illud
377 2274 649 2340 inquifitioni
673 2285 720 2321 et
738 2271 1048 2321 obseruationi
1076 2270 1297 2320 lesiorum
1315 2271 1582 2335 relinquere.
1636 2270 1639 2273 Ὗ

409 2365 471 2410 18.
506 2354 663 2403 Altera
680 2353 772 2414 leX,
789 2350 925 2416 quam
948 2351 1060 2400 mihi
1083 2363 1134 2399 vt
1150 2351 1256 2399 alias
1267 2390 1277 2408 ,
1296 2352 1359 2399 ita
1378 2351 1424 2398 in
1442 2349 1534 2400 hoc
1547 2351 1682 2400 etiam
1701 2367 1840 2416 opere
1855 2352 2020 2418 scripsi,
2036 2366 2085 2403 et
2101 2352 2296 2403 studiose
2312 2352 2396 2401 ser-

252 2424 494 2490 vaui,haec
512 2424 589 2484 est,
603 2439 663 2472 ne
682 2438 961 2488 quemquam
980 2421 1232 2481 hominem,
1252 2421 1486 2470 voluntate
1503 2421 1687 2485 quidem
1706 2433 1753 2471 et
1768 2423 1963 2487 consiliQ
1980 2424 2218 2473 laederem.
2280 2422 2396 2471 Non

253 2496 406 2562 potuit
417 2494 533 2552 fieri,
543 2494 652 2557 quin
670 2492 811 2541 multa
828 2493 1079 2540 multorum
1117 2490 1258 2555 (quae
1276 2490 1461 2554 quidem
1477 2489 1589 2537 mihi
1604 2489 1707 2538 talia
1725 2491 2012 2556 viderentur)
2045 2504 2229 2556 peccata
2246 2490 2398 2540 obser·
2423 2498 2426 2499 ’

255 2580 438 2626 varem3
459 2578 557 2611 non
576 2562 725 2624 potuit
743 2560 858 2608 mihi
875 2563 926 2608 in
946 2573 1072 2609 tanta
1089 2575 1245 2608 rerum
1255 2560 1462 2607 omnium
1477 2557 1697 2622 farragine
1709 2559 1852 2608 deesse
1870 2563 2041 2612 occasio
2060 2562 2118 2610 de
2127 2575 2396 2626 quacunque

257 2652 309 2686 re
323 2635 485 2685 vellem
505 2628 770 2694 disputandi,
783 2627 1019 2676 vlciscendi
1036 2630 1260 2693 quosdam
1277 2626 1487 2675 homines
1506 2643 1602 2676 non
1610 2629 1834 2692 praeclare
1853 2630 1912 2679 de
1926 2646 2004 2679 me
2025 2629 2306 2689 meritos,vel
2322 2645 2398 2678 ex-

257 2705 479 2768 agitandis
497 2703 677 2751 illorum
696 2697 1020 2757 erroribuS,ve¹.
1042 2698 1208 2746 iniuriis
1225 2699 1270 2745 in
1289 2712 1362 2745 me
1380 2699 1714 2759 exaggerandis,
1756 2699 1847 2751 Sed
1866 2699 2136 2764 quibusdam
2158 2698 2283 2748 irasci
2299 2715 2398 2748 non

258 2776 378 2826 tanti
393 2772 647 2831 videbatur,
661 2770 855 2818 aliorum'
872 2767 1042 2816 meritis
1061 2767 1443 2833 condonandum,
1460 2767 1487 2815 s1
1505 2767 1614 2832 quid
1629 2769 1709 2817 illis
1726 2769 1948 2818 excidisset
1963 2782 2008 2819 et
2023 2785 2098 2819 me
2114 2782 2160 2818 et
2175 2770 2270 2833 ipsis
2287 2770 2398 2818 indi-

260 2861 416 2909 gnum.
462 2843 602 2905 Igitur
620 2839 857 2901 vestigium
876 2838 1048 2886 nullum
1067 2837 1138 2885 vel
1157 2838 1348 2886 tristium
1366 2838 1547 2898 irarum,
1557 2839 1630 2887 vel
1649 2839 1815 2888 vltricis
1833 2841 2141 2903 malignitatis,
2162 2841 2286 2889 cuius
2305 2840 2399 2904 qui-

261 2918 370 2966 dem
383 2912 498 2963 mihi
516 2908 718 2960 conscius
728 2910 817 2968 fim,
827 2909 1062 2972 quisquam
1076 2905 1149 2955 hic
1168 2906 1490 2971 deprehendet,
1503 2908 1749 2972 simpliciter
1765 2909 1905 2973 posui,
1917 2911 2026 2974 quid
2045 2926 2205 2959 verum
2224 2911 2398 2958 videre-

264 2999 352 3042 tur,
360 2986 449 3033 sine
467 2979 757 3032 insesiatione
767 2981 1041 3042 cuiusquam,
1051 2978 1139 3026 fine
1155 2979 1302 3026 studio
1314 2976 1560 3026 refutandi:
1592 2994 1731 3045 eaque
1741 2981 2058 3030 moderatione
2068 2981 2177 3029 illud
2194 2979 2396 3030 meruisse

266 3055 443 3111 videor,
451 3064 500 3101 vt
517 3065 616 3100 non
633 3050 780 3098 statim
794 3048 966 3110 flagella
985 3059 1030 3095 et
1047 3045 1182 3095 fustes
1203 3045 1493 3110 poscantur,fi
1512 3050 1621 3111 quid
1636 3047 1757 3098 forte
1774 3049 2036 3114 cespitatum
2053 3051 2114 3100 fit.
2179 3051 2226 3100 Si
2244 3062 2396 3099 tamen

269 3125 363 3176 hoc
382 3121 530 3171 facere
546 3121 755 3184 cuiquam
767 3116 951 3181 placeat,
962 3116 1101 3164 verba
1113 3110 1429 3165 Th’emistoclis
1447 3132 1548 3164 mea
1566 3115 1739 3177 faciam,
1747 3135 1853 3168 cum
1872 3122 1909 3169 is
1920 3121 2170 3184 Eurybiadi
2188 3110 2397 3169 baculum

267 3196 348 3244 fibi
362 3191 601 3242 intentanti
619 3188 768 3237 dixisse
781 3186 936 3244 fertur,
943 3185 1102 3241 πάταξον
1110 3190 1179 3243 μὲν,
1189 3184 1315 3233 duam
1329 3188 1373 3233 δέ·
1382 3185 1550 3241 πάταξον,
1560 3190 1756 3253 quisquis
1769 3206 1829 3251 eS,
1840 3193 1920 3256 qui
1930 3192 2098 3240 irruere
2106 3193 2152 3240 in
2162 3205 2236 3238 me
2245 3189 2396 3238 volue-

273 3265 349 3325 ris,
364 3258 604 3319 ἑπανόρθωσου
620 3261 665 3304 δέ.
706 3257 871 3321 Neque
888 3258 1009 3305 enim
1029 3257 1307 3318 detrestabO,
1319 3258 1390 3307 vel
1406 3272 1432 3305 a
1447 3256 1678 3308 morosulo
1697 3258 1885 3309 homine
1904 3260 2083 3322 discere,
2099 3259 2310 3322 gaudebo
2328 3273 2396 3307 er·

273 3349 402 3383 rores
418 3345 547 3381 meos
564 3329 672 3385 tolli,
680 3325 861 3376 relista'a
870 3342 944 3375 me
961 3329 1178 3385 reuocari.
1221 3327 1313 3394 Qii
1332 3328 1502 3391 placide
1517 3340 1564 3376 et
1581 3327 1849 3390 humaniter,
1861 3331 1986 3394 quod
2003 3323 2134 3378 decet
2150 3328 2296 3377 literas
2314 3345 2395 3378 no-

275 3404 386 3453 stras
397 3441 409 3463 ,
436 3401 666 3450 monuerit
682 3397 868 3462 aliquid,
887 3395 994 3459 huic
1010 3398 1167 3445 lubens
1184 3399 1348 3446 merito
1365 3414 1498 3461 agam
1513 3400 1675 3462 gratias
1695 3415 1706 3448 :
1740 3400 1767 3448 fi
1788 3402 1884 3464 quis
1899 3399 2022 3448 secus
2039 3396 2216 3460 fecerit,
2243 3400 2316 3447 vel
2331 3400 2395 3449 in-

279 3472 396 3521 vitus
414 3485 489 3519 me
505 3468 690 3518 docebit
710 3466 899 3531 aliquid,
913 3465 1020 3525 khoc
1038 3468 1103 3516 est
1120 3467 1379 3531 praestabit,
1405 3483 1499 3533 quo
1518 3484 1605 3531 ego
1623 3469 1843 3532 gaudeam
1862 3485 1877 3532 3
1910 3468 1981 3517 vel
1999 3465 2108 3515 nihil
2133 3482 2209 3515 me
2228 3467 2395 3529 laedet,

279 3537 361 3588 suo
379 3539 622 3602 praeconio
641 3536 767 3586 suum
788 3536 879 3599 ipse
897 3536 1094 3586 dedecus
1112 3537 1324 3601 vulgabit.
1390 3537 1530 3588 Scrib.
1552 3538 1802 3604 Gottingae
1827 3555 1866 3588 a.
1890 3537 1935 3587 d.
1965 3553 2122 3585 xxm.
2141 3537 2391 3600 Septembr.

284 3621 470 3657 ‹21010
495 3622 932 3658 ccxxxxviu.

332 3692 351 3709 *¹
375 3693 412 3724 V.
420 3703 447 3737 g.
459 3694 746 3726 inAnnotationibus
755 3689 1309 3728 adHeinec'ciiFundamStiliProoem.
1374 3706 1468 3728 annos
1481 3707 1497 3727 a
1512 3694 1598 3728 nobis
1612 3693 1684 3730 editi
1698 3722 1708 3737 ,
1735 3692 1953 3737 bicbiridions
1956 3692 2122 3741 prudentia
2129 3695 2256 3738 priuata
2274 3703 2309 3725 ac
2320 3695 2390 3725 ciui-

285 3741 311 3783 §.
327 3751 349 3776 ι.
370 3749 400 3773 et
411 3737 524 3787 paffim.
548 3740 656 3790 Vid.·fi
671 3741 746 3777 tanti
760 3740 812 3783 est,
825 3739 972 3789 praefatio
990 3742 1085 3778 libelli
1099 3751 1168 3777 ante
1181 3743 1238 3778 hos
1252 3753 1311 3777 tres
1373 3745 1414 3778 Iis
1427 3746 1539 3784 Attici,
1563 3747 1729 3780 ciceronum
1739 3769 1750 3791 7
1773 3743 1924 3790 Agricolae
1935 3767 1946 3782 ‚
1974 3754 2009 3775 ac
2027 3743 2162 3774 Traiani·

2103 3859 2389 3926 mSSER-
