2474 4182
292 194 363 236 719
686 180 720 219 C
773 178 813 217 A
866 175 915 215 M
1797 170 1834 211 C
1890 171 1929 210 A
1984 155 2026 212 N
2370 185 2454 242 72'0!

294 271 409 299 Romani
421 271 454 298 ad
469 271 612 299 excidenda
627 268 794 297 castellorum
811 264 907 296 ardua,
927 264 1003 291 fimul
1016 264 1123 291 Hibero
1141 263 1258 290 exercitu
1275 270 1341 287 cam-
1444 266 1526 288 CAM
1537 266 1554 286 P
1564 268 1655 289 lcVR
1665 269 1677 289 s
1687 269 1725 289 10
1737 282 1746 294 ,
1767 261 1836 288 onis.
1874 261 1894 286 f.
1933 261 2085 288 Exercitatio
2097 265 2234 298 militaris,
2254 274 2317 301 quae
2331 246 2454 297 W'mdai

293 317 341 343 pos
354 308 521 342 persultante.
580 305 675 339 Virgil.
691 305 788 336 Georg.
806 310 826 333 Ι,
840 309 890 334 493
911 301 1081 336 Pinguescere
1096 300 1222 334 sanguine
1236 305 1341 331 campos
1400 295 1489 332 fiebat.
1527 297 1787 331 Catnpicurfionem,
1805 303 1834 324 vt
1848 295 1896 331 ipli
1915 295 2067 330 appellant,
2090 298 2183 327 affidue
2197 302 2304 329 faciant.
2357 282 2454 338 Veget.'

292 347 331 371 ait
352 343 380 370 de
397 345 502 381 praelio.
575 338 744 368 Prosciudere
766 338 839 363 ferro
859 336 942 364 Ouid.
962 337 1026 363 Met.
1047 344 1081 371 7,
1102 344 1151 368 119.
1224 336 1342 367 Qiatere
1407 340 1433 364 3,
1448 341 1475 365 4.
1513 332 1586 368 Conf.
1601 341 1624 365 2,
1640 342 1680 360 22.
2450 366 2451 369 Ἴ

293 379 392 414 νὴὲῃ,
415 380 479 406 Aen,
502 388 537 408 u,
561 385 609 409 5¹3-
682 375 783 408 Rapere
807 373 868 400 Stat.
881 372 974 399 Theb.
995 382 1023 405 ς,
1044 374 1102 405 693-
1173 369 1342 396 Recumbunt
1445 374 1462 394 c
1475 374 1497 393 A
1510 375 1762 402 Meinocron,
1784 369 1848 396 oris.
1881 378 1917 395 m.
1955 364 2157 404 [ὅπλοὸιδακτῆς,
2173 370 2441 406 ὅπλοδῶάσκαλοῦνςι

293 424 387 450 campo
400 415 511 442 nebulae
524 413 597 444 Virg.
613 411 710 444 Georg.
725 419 745 442 1,
759 417 820 443 402.
892 408 1013 435 Redeunt
1028 407 1125 442 campis
1139 406 1259 440 gramina
1273 406 1341 431 Hor.
1366 411 1380 437 ς
1409 402 1507 438 Gloffi]
1544 404 1595 438 ,Qui
1610 406 1704 429 tirones
1717 407 1744 430 in
1756 413 1841 440 campo
1856 411 1961 436 exercet,
1970 412 2094 430 armorum
2110 405 2178 440 zffum
2192 407 2293 440 docens,
2306 408 2360 442 stuc
2372 401 2451 439 &mast

294 452 383 479 carm,
398 462 426 485 4,
440 459 466 484 7,
480 458 498 475 1.
558 445 716 472 Redundare
735 445 833 480 campis
847 444 944 471 Nilum
960 447 999 470 ait
1012 445 1117 470 Lucret.
1131 444 1158 474 6,
1171 450 1226 481 7¹2:
1281 440 1342 466 Vir·
1407 446 1500 465 turam.
1538 440 1632 473 Veget.
1649 448 1668 471 1,
1685 447 1718 470 13.
1745 447 1769 465 et
1787 449 1813 473 2,
1827 449 1867 467 22.
1905 441 1974 468 Male
1988 440 2140 466 stewechius
2154 441 2368 476 Campiduftores
2379 436 2453 481 miti

293 488 340 522 gil.
352 488 414 513 Aen.
430 494 454 517 9,
470 492 495 515 32
519 483 571 508 Aut
583 482 678 516 pingui
691 482 801 508 flumine
815 480 896 508 Nilus
933 481 1024 514 Quum
1037 479 1126 505 refluit
1140 486 1248 510 campis.
1293 477 1342 502 Re·
1408 473 1518 508 restitui.
1559 477 1616 501 Non
1630 478 1693 500 enim
1709 484 1724 500 a
1737 475 1879 509 Ducendo,
1893 476 1942 513 sed
1953 486 1967 502 a
1982 475 2109 502 Docendo
2128 473 2208 503 distas
2222 478 2370 512 Lampridss
2385 476 2450 510 [og-,⁴¹51

295 524 382 549 laxare
402 521 447 547 Sil.
469 518 525 544 Ital.
548 526 580 552 7,
618 538 624 544 .
670 538 676 544 .
749 518 889 544 Renouare
910 516 1004 543 aratris
1024 514 1105 542 Ouid.
1121 514 1213 539 Amor.
1229 521 1255 544 ι,
1273 520 1297 545 3,
1317 520 1342 544 9.
1408 514 1436 538 in
1452 510 1578 550 Alexand.
1596 518 1633 543 53.
1669 510 1888 545 Campidoebres
1907 521 1954 539 vos
1970 512 2132 544 debuerunt,
2154 518 2200 538 etc.
2219 514 2300 549 facile
2315 499 2471 556 par-{iimfllg³

293 560 383 585 Serere
400 554 500 582 hordea
513 553 608 588 Virgil.
624 554 722 588 Georg.
738 562 758 586 1,
772 562 824 580 210.
894 552 992 587 Strepit
1010 551 1098 578 omnis
1117 557 1256 576 murmure
1276 556 1343 587 cam-
1410 548 1484 582 Conj.
1500 548 1601 582 Salmas.
1617 545 1650 572 ad
1662 547 1768 581 Lampr.
1820 548 1964 574 Tribunus
1981 556 2012 574 ex
2027 547 2224 582 campidoctore
2241 549 2417 587 Ammian.¹1;3
2425 558 2449 586 3¹¹

296 603 342 628 pus
355 592 427 618 Idem
439 592 504 616 Aen.
518 592 544 621 6,
558 598 622 625 709.
675 590 785 617 Tenere
798 589 849 616 late
864 597 968 623 campos
980 587 1019 614 Id.
1031 588 1128 620 Georg.
1142 594 1167 617 2,
1181 593 1212 611 11.
1266 584 1341 618 Virg.
1360 593 1390 611 10
1416 583 1474 610 Vzd.
1486 583 1520 609 ibi
1536 582 1620 609 Vales.
1635 582 1654 608 f.
1664 590 1701 617 71.
1729 589 1752 608 et
1773 582 1933 618 Lindebrog.
1970 587 1995 610 ui
2008 583 2195 620 inscriptionem
2206 587 2334 620 antiquam
2341 586 2441 623 prof-gn

295 630 358 655 Aen.
373 636 395 659 3,
412 631 452 659 538
478 626 565 660 Equos
588 626 616 652 in
629 626 748 660 gramine
762 624 820 651 vidi
855 625 1015 651 Tondentes
1035 630 1156 657 campum
1175 620 1235 661 late.
1261 622 1280 646 i.
1295 626 1343 654 pa·
1409 621 1436 645 in
1456 628 1503 654 qna
1528 617 1560 651 est
1591 618 1916 645 CAMPIDOCTOR
1982 621 2049 647 OH.
2087 621 2108 647 Ι.
2144 626 2168 646 et
2187 620 2254 656 apud
2270 621 2345 650 Grut.
2367 621 2387 650 f.
2404 618 2441 658 365
2455 638 2474 654 ,-

287 665 395 701 scentcs.
466 662 666 689 Transmittere
680 662 756 688 cursu
772 660 846 688 Idem
860 661 924 687 Aen.
938 670 966 694 4,
982 667 1035 692 134.
1107 657 1282 684 Tremiscunt
1304 662 1344 681 to·
1410 664 1437 681 n.
1458 663 1470 686 5
1505 654 1593 682 CAM
1603 654 1740 681 PIDOC.
1778 654 1874 680 COH.
1903 656 1977 682 VII.
2006 656 2063 682 PR.
2394 655 2411 669 ⁵*

292 1024 381 1049 tionis.
436 1020 542 1054 Edicto,
556 1026 585 1048 vt
598 1020 688 1047 futura
703 1020 760 1046 luce
774 1017 862 1044 cuncti
876 1016 1051 1043 conuenirent
1064 1023 1094 1040 in
1107 1022 1201 1048 campo
1212 1014 1346 1039 Amuuan.
1411 1013 1533 1040 Macrob.
1547 1014 1648 1040 Saturn.
1660 1016 1686 1046 6,
1700 1022 1718 1046 4
1745 1014 1915 1048 peregrinum
1928 1013 2042 1040 verbum
2055 1014 2107 1046 est,
2127 1013 2155 1040 id
2168 1013 2221 1047 est,
2242 1014 2273 1040 In
2285 1014 2311 1041 se
2327 1023 2342 1041 1-
2362 1027 2367 1036 .
2380 1032 2382 1035 ,

293 1066 338 1090 20,
353 1066 388 1084 ιο.
442 1057 507 1084 Ecce
520 1063 639 1092 tempus,
657 1064 711 1090 quo
726 1054 802 1080 miles
820 1052 940 1087 procedit
962 1050 995 1078 ad
1009 1059 1132 1085 campum
1146 1050 1171 1076 P.
1187 1048 1346 1082 Chrysolog.
1411 1048 1469 1075 bus.
1506 1050 1537 1075 Et
1549 1050 1621 1076 forte
1635 1058 1683 1076 nos
1697 1058 1806 1084 quoque
1820 1048 1867 1076 hac
1882 1050 1986 1076 ratione
1993 1050 2131 1076 eameram
2144 1049 2298 1085 figuramus.

293 706 367 725 nitru
387 697 425 724 Id.
439 697 506 724 ibid.
520 705 548 729 ς,
571 699 604 730 69
628 718 633 724 .
706 697 804 732 vir-gil.
823 698 887 724 Aen.
907 698 940 728 6,
961 698 1015 729 640
1042 694 1156 728 Largior
1176 692 1218 718 hic
1238 698 1345 731 campos
1445 695 1531 730 cix-M
1542 687 1742 730 rhsGiE'st,
1772 689 1794 731 i.
1829 699 1874 730 m..
1906 690 1973 730 quasi
2000 693 2030 718 In
2048 697 2133 726 campo
2152 697 2235 717 natus.
2290 693 2380 726 Veget.
2404 686 2467 727 ''Q'‘

293 734 398 765 aether,
417 739 443 760 et
458 733 560 760 lumine
572 735 614 759 vet
629 733 651 759 it
684 734 830 768 Purpureo.
902 730 999 758 Vestiti
1019 731 1139 766 gramine
1158 727 1297 754 Claudian.
1312 725 1344 751 de
1409 726 1582 760 Campigeru,
1602 726 1652 752 hoc
1666 724 1702 751 est
1715 728 1892 760 antesignani,
1910 725 1972 753 ideo
1986 726 2018 753 sic
2033 727 2180 760 nominati,
2195 727 2259 762 Quia
2272 736 2364 755 eorum
2375 701 2452 776 63³3*

295 772 370 806 Rapt.
385 769 504 805 Proserp.
517 777 540 801 3,
554 777 604 802 231.
780 766 801 806 ff
827 778 846 802 4
882 767 997 802 Campus
1017 770 1092 793 etiam
1106 765 1134 791 a'e
1148 766 1220 791 Mari
1234 769 1257 788 ct
1270 763 1345 796 Aqua
1363 766 1390 793 15
1407 768 1488 796 atque
1503 763 1604 788 virtute
1616 761 1739 789 exercitii
1752 769 1832 796 genus
1845 762 1937 788 crescit
1949 762 1978 789 in
1991 771 2093 797 campo,
2416 787 2420 795 .
2447 769 2453 812 ι

293 807 441 843 usurpatur.
484 805 566 832 Ouid.
582 805 647 832 Met.
663 813 688 835 1,
704 813 734 836 41
762 805 917 839 campoque
936 809 1040 837 recepta
1077 799 1226 838 Liberioris
1244 804 1346 831 aquae,
1447 803 1610 830 CAMVM,
1632 798 1651 824 i.
1687 807 1713 824 n.
1752 799 1867 823 Potionis
1879 808 1956 835 genus
1969 808 1984 825 α
2003 798 2036 825 iad
2045 799 2150 834 leian.
2166 799 2194 825 in
2209 799 2226 825 l.
2239 807 2256 832 9
2282 799 2315 825 D.
2329 797 2433 831 deust„
2448 819 2449 826 ¹

294 850 339 870 etc.
395 840 464 869 Add.
479 840 517 868 ib.
531 851 557 868 v.
573 849 622 874 315.
653 843 684 867 it.
700 849 737 872 11,
757 842 811 873 356.
888 840 1009 866 Humens
1030 845 1135 871 campus
1155 834 1199 860 Sil.
1222 842 1267 873 ¹.4'
1286 834 1347 875 369,
1410 833 1466 860 vin.
1480 839 1507 872 et
1521 833 1582 860 oleo
1597 834 1647 868 leg.
1667 833 1733 869 quod
1748 835 1787 859 ait
1799 833 1914 860 Cuiaciur
1931 834 1966 860 ad
1997 854 2002 860 .
2018 834 2106 870 Lfieri
2118 845 2147 862 ex
2160 835 2249 861 hordeo
2269 841 2292 861 et
2304 835 2363 862 aliis
2383 840 2397 870 ἑ.
2419 830 2454 863 ,ἧῖ

292 888 346 906 cum
359 876 471 914 respefi‘u
483 876 518 903 ad
525 878 649 912 praelium
664 877 758 902 nauale.
822 875 964 902 Liberiore
977 882 1070 907 campo
1084 877 1173 910 natare
1185 869 1268 895 Ouid.
1279 867 1345 894 bast.
1409 869 1454 896 bus
1460 870 1538 903 szul
1552 868 1631 909 gol-‘tis
1640 876 1717 906 puta,
1735 870 1775 896 vel
1785 870 1891 905 lupulis,
1912 871 1953 896 vel
1964 870 2077 903 arbutis,
2096 872 2136 897 ue!
2142 870 2236 906 sorbis.
2368 887 2369 890 =
2420 862 2443 918 ,ᾗ

293 923 322 947 4,
336 922 393 947 292.
464 913 608 948 Liquentes
628 920 734 947 campos
747 911 843 946 Virgil.
853 913 918 938 Aen.
933 914 959 943 6,
974 918 1036 943 724.
1107 906 1171 946 Salis
1186 912 1293 939 campos
1305 903 1345 930 ld.
1448 911 1466 932 c
1476 912 1497 931 A
1508 912 1531 931 M
1542 912 1563 932 v
1574 912 1620 932 Rv
1632 912 1662 938 S,
1687 914 1701 932 a
1712 926 1720 938 ,
1752 914 1806 931 um.
1843 905 1903 932 Adi.
1938 906 2112 940 [καμπύλος]
2155 906 2260 939 Festus,
2285 907 2350 933 Cam
2367 919 2396 931 ιη

294 952 360 976 Aen.
374 958 402 976 10
425 957 478 982 214.
514 949 581 976 Adi.
597 948 680 974 Plaut.
694 947 777 974 Trin.
791 958 818 981 4,
836 957 856 979 1,
870 956 904 979 ις.
978 944 1029 970 Vdi
1039 942 1126 976 campi
1140 941 1185 967 Sil.
1195 945 1219 973 8,
1256 943 1270 966 .'
1301 960 1308 966 .
1360 949 1397 967 ,ιο
1412 942 1515 967 camuri
1530 941 1628 973 boues,
1648 951 1663 968 a
1683 941 1856 975 curuatione,
1876 950 1906 967 ex
1927 942 2030 968 Graeco
2049 941 2139 975 καμπὴ,
2159 942 2294 969 dicuntur.
2384 948 2390 972 3*
2424 937 2435 953 ..-
2462 943 2466 951 1

293 983 314 1024 ff
341 993 353 1019 ς
391 972 465 1021 ἐαερε
485 984 580 1012 dicitur
594 985 710 1019 Campus
727 983 757 1009 dc
775 984 826 1010 loco
843 981 994 1015 mstrorum,
1010 980 1051 1005 vel
1061 985 1178 1018 pugnae,
1192 983 1235 1003 aut
1249 975 1348 1016 expedi·
1413 977 1512 1011 Georg.
1531 987 1560 1010 3,
1579 985 1606 1010 55
1630 978 1662 1004 Et
1680 978 1795 1004 camuris
1813 976 1899 1003 hirtae
1919 977 1966 1003 sub
1986 977 2112 1004 comibus
2124 987 2209 1005 aures.
2281 978 2346 1005 Cam
2373 976 2388 1010 <f
2432 970 2466 1023 Ni,

2463 1038 2466 1050 i

2444 1052 2447 1086 i

2430 1013 2435 1030 *¹

2429 1086 2433 1094 η

293 1095 376 1121 Serm.
390 1101 424 1125 13.
467 1092 525 1120 Vid.
541 1092 640 1129 Cafhub.
655 1091 688 1117 aa!
701 1089 784 1124 Polyb.
800 1096 830 1124 p.
844 1098 895 1115 122.
930 1087 1034 1123 Salmas]
1047 1089 1074 1112 in
1088 1085 1157 1113 Hist.
1171 1086 1238 1119 Aug.
1252 1094 1277 1119 p.
1290 1092 1346 1116 232.
1410 1084 1460 1111 ille.
1516 1085 1589 1111 Non.
1605 1093 1625 1118 1,
1641 1088 1687 1112 126
1709 1085 1776 1121 apud
1787 1085 1884 1120 Virgil.
1898 1085 2018 1112 Cameris
2033 1085 2106 1120 legit.
2370 1107 2372 1111 ,
2405 1112 2408 1120 ¹

292 1131 449 1157 Recentioris
465 1131 558 1156 aetatis
577 1126 626 1161 est,
647 1128 777 1160 Campum
794 1131 885 1151 tenere
901 1134 907 1149 :
932 1123 962 1149 de
983 1132 1030 1159 quo
1049 1121 1104 1149 vid.
1118 1121 1210 1149 Barth.
1231 1121 1265 1146 ad
1283 1121 1345 1146 Stat.
1361 1127 1394 1153 25·
1448 1127 1465 1148 C
1479 1127 1500 1146 A
1513 1128 1538 1147 M
1552 1128 1572 1147 v
1585 1127 1614 1153 S,
1635 1121 1654 1147 i.
1689 1130 1724 1147 m.
1761 1121 1873 1155 [κῆμος]
1911 1123 1993 1148 Genus
2012 1123 2128 1153 vinculi,
2161 1130 2192 1150 ,uo
2210 1121 2298 1148 collum
2315 1123 2384 1147 iun

292 1164 386 1192 Theb.
399 1173 416 1192 2
433 1174 458 1200 p.
472 1166 533 1199 627.
575 1163 633 1190 Vici,
650 1172 675 1188 n.
689 1171 701 1193 3
726 1159 863 1194 Colligere
882 1168 1014 1194 campum.
1086 1159 1122 1185 It.
1142 1155 1176 1192 est
1195 1158 1280 1189 locus,
1302 1156 1347 1182 vbi
1411 1156 1587 1184 Plaut.Ca1in.
1602 1160 1663 1189 2‚6,
1676 1165 1708 1191 37
1728 1157 1798 1183 Deos
1811 1158 1924 1192 quaeso,
1942 1164 1971 1184 vt
1985 1157 2094 1192 quidem
2108 1156 2144 1183 ho
2165 1157 2190 1183 ie
2204 1162 2348 1184 camumet
2423 1165 2432 1179 ,-

291 1204 387 1228 tirones
400 1210 524 1227 armorum
536 1199 604 1235 usum
617 1198 752 1235 &st-ebant.
788 1195 915 1223 Decursio
927 1195 1014 1229 campi
1022 1195 1194 1228 Veget.2‚22.
1293 1189 1313 1230 fl
1329 1193 1346 1219 6
1411 1193 1491 1219 feras.
1529 1194 1570 1221 Sic
1583 1193 1657 1219 MSS.
1667 1192 1823 1228 probantque
1838 1192 1962 1227 Memfim·
1980 1201 2003 1220 et
2023 1192 2087 1226 Voffi
2103 1194 2207 1228 Etymol.
2228 1196 2272 1229 qui
2286 1195 2359 1220 etiam
2368 1221 2377 1228 ‚q
2430 1197 2431 1201 ’

292 1236 388 1271 Campi
406 1239 503 1262 nomine
522 1234 630 1270 absolute
654 1243 702 1259 non
723 1241 782 1259 raro
802 1231 955 1268 intelligitur
973 1232 1089 1264 Campus
1107 1229 1221 1257 Martius
1240 1229 1348 1260 Romae,
1412 1238 1442 1255 ex
1457 1229 1530 1256 Non.
1544 1237 1573 1261 3,
1589 1231 1625 1262 64
1649 1228 1724 1254 Accii
1743 1229 1864 1261 versum,
1885 1229 1960 1263 Quid
1980 1229 2046 1256 cesso
2066 1229 2107 1255 ire
2127 1228 2160 1256 ad
2178 1230 2258 1256 eam3
2281 1228 2344 1255 bem
2368 1241 2386 1249 ν·
2422 1234 2430 1250 '-

310 1279 413 1299 itatenus
429 1273 530 1298 comitia
549 1270 585 1296 ibi
593 1269 752 1297 habebantur.
789 1269 884 1294 Horat.
899 1268 988 1294 Carin.
1001 1275 1025 1299 3,
1041 1275 1059 1297 1,
1074 1275 1102 1292 10
1122 1265 1176 1292 Hic
1194 1263 1347 1299 generosior
1412 1264 1450 1290 est
1465 1275 1470 1290 ε
1491 1273 1525 1290 en
1539 1274 1614 1291 camo
1628 1264 1727 1290 collum
1744 1273 1862 1299 grauem.
1898 1265 1946 1293 Sed
1961 1266 2038 1292 aliter
2057 1265 2169 1291 emendat
2182 1266 2330 1292 mercerius.

318 1307 436 1334 escendat
450 1307 480 1333 in
494 1315 614 1340 eampum
629 1305 736 1340 petitor.
806 1305 837 1330 In
851 1312 945 1338 campo
959 1312 1002 1329 me
1017 1301 1161 1329 Consulem
1179 1307 1205 1327 et
1219 1299 1348 1334 competi·
1360 1305 1394 1329 30
1411 1301 1527 1327 Plautum
1540 1302 1587 1327 alii
1599 1302 1684 1337 legunt
1699 1300 1807 1327 Canem.
1987 1298 2008 1339 ff
2034 1309 2051 1328 2
2088 1301 2187 1328 Carnus
2198 1310 2279 1336 genus
2294 1301 2379 1336 asper'
2427 1330 2430 1332 .

292 1350 363 1370 tores
377 1349 436 1369 tuos
453 1341 603 1368 interficere
622 1340 744 1367 voluistis
757 1339 814 1367 Cic.
830 1339 910 1366 Catil.
925 1348 935 1366 1
961 1349 982 1365 c.
998 1346 1021 1372 ς.
1077 1339 1147 1364 Hinc
1166 1336 1229 1363 illud
1240 1343 1347 1372 prouer—
1413 1336 1466 1369 cst,
1486 1345 1541 1371 quo
1559 1336 1656 1363 caballi
1671 1336 1778 1371 superbi
1796 1336 1916 1363 co'e‘reeri
1933 1336 2017 1364 solent
2034 1336 2126 1363 Ifidor.
2141 1345 2185 1370 20,
2201 1339 2238 1364 16.
2309 1336 2396 1369 Psal„
2425 1350 2428 1356 v

289 1379 372 1412 bialc,
393 1379 458 1405 Fors
472 1377 581 1404 domina
594 1377 680 1412 campi
694 1376 767 1402 Idem
780 1376 809 1402 iu
821 1376 907 1402 Pison.
929 1384 950 1402 c.
964 1383 990 1401 2.
1063 1373 1159 1408 Campi
1179 1379 1243 1399 nota
1257 1371 1346 1398 Valer.
1412 1372 1493 1407 Vulg.
1508 1379 1533 1398 et
1547 1373 1729 1405 Hieronymus
1739 1393 1746 1405 ,
1770 1374 1801 1398 In
1820 1381 1897 1399 camo
1917 1378 1944 1399 et
1961 1372 2040 1399 freno
2055 1373 2176 1400 maxillas
2190 1381 2286 1399 eorum
2305 1382 2354 1400 con
2371 1386 2384 1394 ι7
2419 1379 2430 1406 ᾖ.)

290 1415 361 1442 Max.
377 1416 403 1446 6,
415 1423 441 1447 9,
454 1423 493 1449 ¹4·
513 1411 547 1445 est
562 1414 667 1449 Repulfii
682 1415 709 1438 in
722 1412 840 1438 honorum
855 1414 986 1448 petitione.
1060 1409 1117 1437 Cic.
1131 1409 1164 1436 de
1176 1409 1251 1436 Orat.
1266 1409 1346 1441 3,167
1411 1408 1535 1435 Ambros.
1549 1409 1677 1435 Hexa'em.
1694 1411 1720 1442 6,
1732 1417 1744 1440 3
1767 1408 1794 1435 Si
1809 1415 1834 1435 te
1848 1407 1961 1434 edacitas
1976 1409 2041 1444 equi
2059 1408 2319 1444 intemperantiaque
2336 1407 2397 1438 del
2412 1407 2430 1439 :f

288 1460 311 1478 e.
324 1459 358 1484 42
384 1451 481 1477 Grauis
499 1448 536 1475 est
554 1449 648 1475 modus
668 1449 697 1475 in
714 1454 811 1474 ornatu
828 1447 977 1479 orationis,
997 1451 1022 1473 et
1041 1446 1117 1481 saepe
1137 1443 1293 1476 sumenduS‚
1313 1451 1345 1469 ex
1411 1450 1438 1471 et
1456 1444 1598 1472 adhinnire
1616 1445 1647 1471 ad
1661 1445 1773 1470 feminas
1786 1444 1918 1479 voluptati
1931 1444 1984 1477 est,
2002 1444 2115 1471 delectet
2130 1445 2251 1471 infreno
2270 1444 2405 1477 maxfflfj
2417 1438 2435 1467 a*

289 1496 344 1522 quo
363 1494 458 1520 genere
476 1484 540 1512 haec
560 1485 636 1516 sunt,
658 1485 774 1511 Martem
788 1483 853 1510 belli
873 1483 922 1510 esse
942 1491 1128 1514 communem,
1149 1481 1276 1508 Cererem
1296 1487 1346 1514 pro
1362 1482 1392 1508 35
1410 1489 1540 1515 camoque
1553 1480 1705 1514 constringi.
1760 1480 1830 1507 Add.
1845 1480 1924 1514 Vulg.
1937 1489 1957 1513 4
1971 1481 2036 1515 Reg.
2050 1488 2087 1513 19,
2101 1486 2132 1512 28
2163 1481 2264 1511 Ponam
2275 1480 2371 1517 itaqug‘
2434 1468 2436 1493 i

290 1523 415 1557 frugibus
424 1541 432 1554 ‚
452 1520 582 1548 Liberum
596 1521 729 1554 appellare
742 1529 791 1554 pro
806 1520 883 1552 vino,
897 1519 1055 1553 Neptunum
1070 1526 1120 1552 pro
1134 1517 1213 1549 mari,
1234 1516 1346 1543 Curiam
1410 1515 1467 1544 lum
1480 1516 1510 1543 in
1524 1516 1633 1544 naribus
1648 1518 1701 1544 tuis
1710 1536 1719 1550 ,
1737 1522 1764 1543 et
1783 1525 1888 1543 camum
1903 1517 1933 1543 in
1944 1516 2024 1544 labiis
2036 1516 2098 1544 tuis.
2379 1515 2385 1537 ·’
2399 1512 2413 1528 ’“
2430 1534 2431 1537 =

289 1567 339 1594 pro
353 1558 464 1590 Senatu,
485 1558 614 1590 Campum
629 1565 677 1590 pro
693 1555 829 1587 comitiis,
853 1555 963 1589 Togam
979 1562 1028 1589 pro
1043 1562 1105 1588 pace
1114 1573 1123 1585 ,
1143 1554 1224 1579 Arma
1242 1561 1271 1579 ac
1292 1551 1344 1578 tela

289 1603 339 1630 pro
351 1593 433 1620 bello.
485 1593 526 1620 Sic
548 1592 646 1618 Lucan.
662 1600 686 1624 1,
701 1596 745 1621 180
768 1590 896 1616 Venalem
909 1591 1041 1624 Campum
1055 1589 1138 1621 dixit,
1158 1587 1346 1624 vbififfragia
1799 1580 1826 1610 C
1900 1579 1927 1610 A
1998 1580 2030 1612 N

282 1632 369 1667 pretio
382 1635 528 1656 murentur.
727 1623 748 1662 ‘fl
771 1633 787 1660 7
816 1627 949 1660 Campus,
969 1635 1009 1652 rrs
1028 1625 1164 1660 quaelibet,
1186 1627 1213 1650 in
1226 1633 1275 1660 qua
1289 1626 1346 1660 quis
1447 1632 1572 1657 CANA,
1601 1624 1701 1658 [κοῖνα]
1740 1625 1832 1652 dicunt
1846 1625 1958 1658 Graeci,
1976 1634 2025 1653 nos
2040 1626 2177 1660 Canistra,
2196 1630 2223 1653 et
2242 1633 2290 1661 per
2312 1623 2371 1649 .··..
2414 1637 2418 1648 .

289 1672 426 1693 exercetur.
482 1664 539 1691 Cic.
551 1661 604 1688 Off.
617 1671 637 1693 1,
650 1663 678 1688 61
703 1662 773 1688 Hinc
787 1661 927 1688 rhetorum
940 1670 1045 1695 campus
1064 1660 1096 1687 de
1110 1660 1269 1687 Marathone
1278 1680 1286 1692 ,
1302 1660 1343 1685 Sa·
1356 1663 1396 1688 40
1408 1670 1470 1688 nem
1486 1661 1638 1688 Cuuistella.
1675 1661 1774 1688 Festus,

288 1701 403 1732 lamine,
423 1706 469 1726 etc.
519 1698 603 1730 Idem,
623 1696 786 1723 Latiffimum
805 1697 911 1724 dicendi
925 1706 1046 1731 campum
1064 1698 1113 1723 alio
1126 1697 1178 1723 loco
1190 1696 1275 1729 dixit,
1294 1702 1344 1730 pro
1445 1704 1462 1725 c
1472 1697 1493 1724 Ᾱ
1504 1704 1526 1723 N
1538 1699 1585 1724 ᾹΒ
1595 1695 1640 1723 ῠι,
1650 1704 1689 1729 A,
1713 1706 1802 1725 orum,
1837 1706 1865 1723 ῃ,
1902 1703 1925 1724 92
1953 1704 1970 1725 C
1981 1704 2120 1725 ANABV
2130 1704 2221 1731 LAE,
2250 1704 2348 1731 amm-3

294 1738 412 1764 νόει-κατε
436 1737 554 1761 materiae
567 1752 575 1764 ,
602 1742 675 1768 quam
698 1739 797 1758 vocant.
880 1732 1057 1767 Expositionis
1080 1741 1203 1766 campum
1228 1731 1345 1758 nancisci
1408 1734 1476 1760 Loca
1492 1733 1611 1758 videntur
1626 1734 1724 1759 inculta
1739 1740 1763 1759 et
1775 1732 1879 1769 aspera,
1898 1729 1971 1769 q'uum
1990 1741 2014 1761 ee
2028 1734 2170 1761 Nouercae
2187 1733 2317 1761 dicamur.
2363 1739 2386 1764 -Ῑ
2412 1757 2415 1762 .

289 1771 423 1806 Qiinffil.
438 1780 466 1803 4,
480 1778 503 1802 2,
515 1778 554 1801 39.
605 1769 637 1794 Et
650 1776 677 1794 12
686 1787 694 1800 ,
716 1776 744 1800 9,
759 1776 771 1793 2
792 1767 889 1794 Oratio
906 1777 993 1802 aequo
1011 1768 1144 1802 congressa
1162 1776 1255 1801 campo
1277 1773 1345 1792 totas
1408 1767 1541 1795 Frontino
1553 1774 1577 1793 et
1588 1769 1649 1794 aliis
1661 1769 1792 1803 Rigaltius
1806 1767 1880 1801 Gloffi
1892 1770 2038 1808 Agrimcnsl
2052 1780 2067 1797 a
2088 1769 2169 1805 Goefio
2183 1769 2244 1797 edit.
2251 1777 2350 1807 p.294,
2364 1761 2430 1801 (ΕΜ

286 1810 359 1835 vires
375 1806 540 1842 populariter
551 1803 703 1838 explicabit.
756 1803 811 1829 Cic.
828 1802 859 1828 dc
873 1803 947 1829 Orat.
963 1812 986 1835 3,
1001 1811 1042 1829 122.
1062 1805 1093 1829 In
1108 1803 1158 1829 hoc
1173 1803 1257 1838 igitur
1269 1808 1344 1828 tanto
1411 1805 1476 1831 Guil.
1497 1802 1624 1829 Luuremb.
1638 1803 1730 1837 Antiq,
1749 1809 1775 1837 p.
1789 1807 1827 1835 55,
2377 1807 2401 1829 μ
2438 1799 2442 1807 ’

287 1850 395 1878 tamque
409 1841 539 1869 immenso
552 1848 662 1874 campo,
682 1847 766 1874 quum
782 1838 859 1864 liceat
879 1838 982 1864 oratori
995 1838 1087 1871 vagari
1101 1838 1195 1864 libere.
1268 1838 1343 1864 Idem
1359 1841 1395 1867 43
1446 1846 1462 1866 C
1473 1837 1495 1865 Ᾰ
1507 1845 1526 1863 N
1537 1836 1627 1870 ᾸΟΕ,
1653 1846 1687 1863 es.
1724 1837 1744 1863 f.
1781 1835 1919 1871 [Κανάκη]
1961 1839 2037 1866 Aeoli
2048 1839 2111 1874 filia
2123 1860 2131 1873 ‚
2152 1839 2229 1876 soro,-
2246 1847 2271 1868 et
2298 1843 2384 1871 amica·
2391 1809 2442 1871 Μ

288 1880 402 1914 Philipp.
424 1886 469 1911 14,
489 1885 518 1912 17
552 1876 666 1911 Magnus
684 1875 719 1901 est
741 1875 770 1901 in
785 1872 900 1909 Republ.
914 1882 1036 1907 campus,
1056 1879 1086 1899 vt
1104 1873 1235 1907 sapienter
1255 1873 1344 1899 dicere
1407 1877 1492 1906 carel,
1509 1873 1542 1899 ad
1562 1883 1628 1909 quem
1642 1873 1768 1910 scriptam
1787 1870 1913 1908 epistolam
1930 1871 2000 1899 illius
2013 1873 2095 1910 fingit
2107 1876 2226 1903 Ouidius
2244 1879 2312 1904 inger
2329 1857 2442 1908 neit-0⁶¹}

289 1915 390 1943 solebat
403 1914 522 1945 Crassus,
538 1912 630 1938 multis
645 1916 749 1946 apertus
762 1911 851 1937 cursus
865 1910 896 1936 ad
910 1909 1025 1936 laudem.
1081 1909 1113 1934 Et
1130 1909 1183 1934 Att.
1199 1916 1220 1940 ς,
1234 1915 1259 1940 15
1278 1908 1344 1934 Non
1407 1910 1584 1936 vndecimam.
2438 1908 2444 1941 1

289 1952 384 1979 habeat.
406 1950 467 1977 satis
485 1957 611 1983 magnum
632 1956 755 1982 campum
776 1946 824 1973 ille
845 1945 897 1972 tibi
914 1954 969 1972 non
982 1945 1090 1979 ignotus
1108 1944 1198 1970 cursus
1215 1943 1300 1969 animi
1320 1948 1347 1969 et
1447 1950 1465 1970 c
1477 1951 1498 1969 Λ
1509 1949 1738 1973 NACHENVS,
1758 1943 1777 1969 i.
1814 1952 1850 1968 m.
1889 1943 1976 1970 Furem
1992 1941 2098 1977 astutum
2115 1943 2258 1981 lig-nificare
2275 1946 2379 1974 videtu:
2395 1953 2425 1983 61⁶
2436 1948 2445 1964 ⁰

289 1986 435 2015 industriae
457 1993 542 2012 meae.
613 1983 670 2010 Cic.
691 1991 740 2017 pro
759 1983 880 2009 Muraen.
897 1987 922 2012 18
953 1991 976 2009 c.
995 1987 1008 2011 8
1039 1979 1154 2007 Nullum
1174 1978 1246 2006 enim
1268 1977 1345 2004 vobis
1410 1978 1514 2006 Arnob.
1528 1981 1544 2005 6
1558 1988 1581 2013 p.
1589 1984 1644 2010 ‚208
1654 1985 1696 2013 pr.
1717 1977 1845 2005 obserata
1859 1977 1999 2011 pandentes
2012 1979 2181 2007 remedorum
2193 1970 2446 2018 (leg-remediorufl

290 2025 345 2050 sors
359 2030 481 2056 campum
494 2019 582 2052 dedit,
596 2018 626 2046 in
639 2026 694 2053 quo
709 2025 849 2044 excurrere
863 2018 965 2048 virtus,
978 2017 1155 2050 cognoscique
1169 2016 1258 2050 poss‘et.
1306 2013 1343 2040 Id.
1363 2018 1396 2045 50
1410 2016 1443 2042 al.
1456 2018 1546 2042 coniic.
1561 2013 1752 2046 tenebrarum)
1766 2013 1927 2040 obscuritate
1940 2014 2098 2041 Canachcni.
2134 2016 2181 2043 Sed
2192 2019 2235 2052 qui
2242 2015 2294 2049 lint
2303 2027 2371 2044 „emo
2383 2018 2422 2044 do(
2435 2017 2443 2035 1

290 2058 372 2085 Acad.
383 2068 417 2092 4,
439 2065 478 2083 112
498 2065 519 2082 c.
532 2063 560 2088 35
592 2055 660 2082 Cum
681 2052 711 2079 fit
730 2061 852 2087 campus,
870 2052 899 2078 in
919 2061 974 2086 quo
995 2051 1127 2077 exsultare
1145 2051 1218 2086 possit
1238 2050 1344 2080 oratio;
1392 2073 1395 2077 ,
1411 2052 1454 2079 An
1473 2050 1508 2077 ad
1524 2060 1575 2077 rem
1594 2049 1693 2086 aliquid
1704 2049 1779 2086 facit
1793 2048 1899 2085 subtilis
1913 2049 2010 2086 artifex
2025 2049 2179 2084 Canachus,
2193 2052 2222 2078 de
2235 2061 2281 2088 quo
2293 2052 2347 2080 ideo
2354 2051 2420 2086 stati
2434 2045 2441 2090 ς

290 2103 339 2121 cur
358 2094 388 2120 in
404 2098 487 2120 tantas
506 2100 565 2120 earn
583 2088 714 2124 angustias
732 2086 918 2123 compellimus
933 2089 942 2114 Ξ
995 2086 1174 2113 Prosternitur
1196 2094 1301 2120 campus
1320 2091 1346 2112 et
1411 2090 1482 2115 cuius
1498 2089 1597 2112 imitati
1602 2086 1733 2122 solertiam
1740 2085 1818 2121 fabri
1830 2083 1930 2120 quidam
1937 2084 2011 2120 seras
2018 2086 2120 2121 fecere,
2146 2095 2204 2121 quae
2219 2087 2390 2123 cumfirmiter
2397 2089 2420 2114 cl

291 2129 416 2159 materies
432 2128 486 2155 tuis
500 2125 624 2154 laudibus
632 2145 641 2158 ,
669 2124 724 2151 vid.
743 2131 758 2150 P
766 2131 785 2151 R
793 2131 812 2151 o
822 2131 835 2151 S
843 2131 865 2150 T
874 2130 890 2150 E
900 2130 921 2150 R
929 2129 952 2148 N
961 2129 991 2149 O.
1405 2123 1450 2157 sae
1464 2122 1609 2148 uiderentur
1616 2142 1625 2154 ,
1653 2121 1726 2148 ubtili
1738 2120 1921 2148 machinatione
1931 2120 2014 2156 facile
2025 2124 2194 2156 aperirentur.
2214 2143 2216 2146 .

327 2169 587 2194 CAMPESTER,
621 2168 644 2188 et
669 2166 943 2191 CAMPistms,
970 2167 993 2185 e.
1035 2154 1173 2191 [minis]
1220 2153 1295 2190 Qod
1312 2153 1348 2194 qd
1448 2162 1693 2188 CANACHVS‚
1713 2157 1732 2182 i.
1768 2165 1804 2182 m.
1841 2155 1990 2189 [Κανκχὲς]
2026 2155 2137 2192 Insignis
2147 2153 2399 2190 statuarius‚Apol·

290 2208 391 2237 campos
410 2203 515 2230 attinet,
534 2199 575 2225 vel
593 2199 687 2232 campis
704 2194 815 2229 conflat,
835 2196 875 2222 vel
895 2198 923 2220 in
941 2200 1026 2228 campo
1044 2192 1193 2223 adhibetur,
1210 2197 1255 2217 etc.
1297 2191 1347 2220 Vt,
1366 2192 1394 2218 35
1413 2190 1532 2222 nudum,
1559 2190 1606 2224 qui
1625 2191 1752 2217 Philesius
1771 2191 1978 2225 cognominatur
1991 2191 2020 2217 in
2035 2192 2200 2224 Didymaeo,
2222 2191 2380 2226 Aeginetic-

292 2238 378 2265 Locus
397 2234 548 2269 campestris
570 2234 644 2260 Caes.
658 2231 723 2258 Bell.
737 2231 806 2258 Gall.
821 2239 853 2266 7,
872 2239 915 2265 72.
987 2230 1076 2255 Varro
1094 2228 1126 2254 de
1141 2228 1172 2254 R.
1189 2227 1220 2252 R.
1236 2235 1262 2258 1,
1276 2227 1309 2257 6,
1330 2227 1347 2251 6
1413 2231 1594 2260 temperatura
1610 2225 1689 2251 fecit:
1714 2234 1880 2259 ceruumque
1898 2234 1950 2252 vna
1969 2226 2007 2253 ita
2027 2226 2146 2261 vestigiis
2165 2227 2314 2262 suspendit,
2331 2233 2366 2258 vt,

293 2271 446 2306 Campester
466 2270 541 2296 locus
559 2269 582 2295 is
601 2268 700 2294 melior
712 2287 720 2299 ,
740 2267 787 2302 qui
807 2272 878 2293 totus
897 2264 1077 2300 aequabiliter
1097 2264 1126 2290 in
1145 2271 1225 2290 vnani
1246 2267 1348 2296 partem
1413 2262 1503 2288 subter
1517 2261 1596 2296 pedes
1609 2260 1744 2292 trahatur,
1761 2260 1863 2287 alterno
1877 2261 1967 2288 morsu
1987 2261 2079 2295 digitis
2098 2262 2223 2297 calceque
2235 2263 2373 2290 retinenti

293 2308 398 2343 vergit,
413 2314 494 2341 quam
506 2305 545 2337 is,
560 2303 608 2339 qui
622 2303 658 2329 est
672 2302 704 2329 ad
716 2302 835 2329 libellam
851 2310 958 2336 aequus.
1014 2300 1074 2327 Liu.
1089 2308 1118 2332 4,
1131 2307 1162 2333 37
1183 2297 1348 2324 Vulturnum
1413 2297 1467 2323 lum
1477 2317 1483 2325 ,
1499 2298 1535 2323 ita
1552 2296 1704 2324 vertebrato
1718 2296 1795 2323 dente
1811 2297 1932 2331 Vtrisque
1943 2297 1975 2323 in
1989 2297 2126 2331 paitibus,
2141 2304 2171 2325 vt
2187 2306 2203 2325 a
2215 2298 2322 2334 repulsu
2338 2308 2371 2334 p..

292 2344 487 2371 Hetruscorum
505 2340 616 2372 vrbem,
639 2347 708 2374 quae
727 2347 796 2364 nunc
811 2338 900 2372 Capua
920 2336 972 2367 est,
996 2335 1029 2362 ab
1048 2334 1211 2362 Samnitibus
1231 2340 1349 2367 captam:
1412 2332 1519 2360 resiliat.
1559 2333 1626 2359 Haec
1639 2332 1704 2359 Plin.
1718 2340 1760 2366 34,
1774 2337 1787 2362 8
1813 2333 1833 2358 s.
1850 2340 1888 2365 19,
1903 2341 1942 2365 ¹4-

292 2381 465 2414 Capuamque
482 2375 516 2403 ab
536 2376 603 2402 duce
622 2383 717 2401 eorum
736 2374 840 2408 Capye,
863 2373 907 2399 vel
927 2371 1019 2406 (quod
1037 2371 1147 2405 propius
1170 2378 1236 2396 vero
1258 2369 1311 2400 est)
1334 2370 1394 2394 a60
1448 2375 1528 2395 CAN
1542 2370 1646 2407 dim,
1667 2369 1698 2394 is.
1731 2378 1766 2394 m.
1785 2374 1808 2394 et
1829 2368 1848 2394 f.
1885 2368 2000 2402 [σωλήν]
2037 2369 2127 2395 Cauum
2148 2368 2268 2404 quiddam
2284 2376 2308 2397 et
2325 2370 2365 2397 obl

295 2414 434 2449 campestri
452 2413 525 2447 Agro
543 2411 708 2446 appellatam.
782 2411 877 2436 Horat.
895 2408 927 2434 dc
942 2408 1006 2434 Arte
1019 2407 1092 2433 Poet.
1105 2413 1155 2440 379
1180 2405 1283 2431 Ludere
1300 2404 1348 2438 qui
1412 2404 1478 2441 quod
1490 2407 1621 2439 transitum
1638 2405 1735 2431 hmnori
1743 2404 1870 2440 praebeat.
1907 2404 2019 2440 Anguste
2038 2408 2102 2430 enim
2119 2407 2209 2436 nimis,
2231 2412 2256 2431 et
2267 2406 2361 2442 specie

294 2452 392 2483 nescit,
407 2447 596 2484 campestribus
609 2446 721 2473 abstinet
735 2445 833 2472 Armis.
905 2444 1013 2470 Sueton.
1027 2441 1104 2469 Galb.
1120 2443 1135 2468 6
1162 2442 1218 2476 lpse
1232 2440 1348 2466 maxime
1413 2440 1510 2467 canalis
1521 2440 1596 2476 finit.
1633 2440 1736 2473 Festus,
1759 2439 1869 2466 Canales
1890 2449 1936 2474 per
1957 2448 2023 2474 quos
2041 2448 2108 2474 aqua
2129 2441 2241 2468 confluit
2259 2441 2289 2482 in
2303 2441 2373 2470 viis?

296 2487 345 2515 infi
364 2487 422 2519 nis,
442 2483 515 2520 quod
535 2482 707 2518 campestrem
725 2481 906 2509 decursionem
925 2480 999 2506 scuto
1019 2477 1188 2510 moderatus,
1215 2476 1296 2502 etiam
1317 2474 1349 2501 ad
1414 2477 1510 2503 stratis.
1547 2477 1573 2503 Si
1586 2476 1699 2502 audimus
1712 2475 1804 2503 Isidor.
1820 2485 1860 2508 ις,
1875 2481 1887 2505 8
1905 2475 1941 2511 fit
1955 2486 1970 2501 a
1984 2484 2082 2507 canna,
2103 2478 2174 2504 cuius
2189 2478 2321 2506 cauieaoe'm
2343 2479 2349 2485 “
2370 2480 2377 2500 ἢ
2394 2508 2396 2510 ¹

295 2523 344 2550 esse
364 2531 410 2548 um
423 2519 595 2556 Imperatoris
608 2528 655 2554 per
668 2518 765 2554 viginti
785 2518 900 2552 passuum
923 2515 1010 2541 millia
1030 2513 1156 2541 cucurrit.
1210 2512 1349 2543 Fraxinus,
1418 2514 1493 2538 fauet
1508 2512 1583 2546 Virg.
1593 2512 1689 2546 Georg.
1699 2522 1727 2545 4,
1742 2514 1787 2545 263
1809 2511 1943 2546 Mellaque
1957 2511 2110 2538 arundineis
2125 2511 2226 2539 inferre
2238 2512 2342 2543 canaiib
2359 2521 2362 2535 ι
2394 2508 2413 2540 ἰ

294 2561 388 2595 quaein
398 2564 482 2593 campo
495 2556 648 2592 crescitflzon
662 2557 689 2580 in
705 2554 829 2580 montibus
843 2552 911 2579 Plin.
921 2554 957 2582 16,
972 2560 997 2584 13
1018 2549 1198 2584 Campestrem
1211 2549 1284 2575 enim
1299 2549 1348 2574 esse
1368 2545 1399 2576 63
1415 2549 1584 2575 Hortantem.
1655 2548 1806 2574 Arundinei
1820 2550 1883 2574 enim
1899 2548 2015 2577 canales,
2027 2548 2090 2584 sant
2103 2556 2114 2574 e
2128 2547 2223 2575 canna*
2246 2552 2250 2555 ·
2281 2546 2344 2574 md.
2356 2580 2357 2583 Ἰ
2370 2550 2419 2581 '1²3

296 2594 421 2629 crispam:
443 2598 612 2624 montanam,
634 2588 742 2626 spiss‘am.
814 2589 907 2616 Gratia
923 2586 1074 2622 campestris
1087 2586 1149 2612 Liu.
1163 2592 1191 2620 7,
1206 2592 1226 2617 1,
1246 2593 1307 2620 quae
1322 2586 1349 2609 in
1414 2585 1544 2611 Canalem
1557 2583 1652 2610 melius
1671 2584 1803 2610 feminino
1816 2593 1895 2619 quam
1910 2583 2056 2610 masculino
2073 2581 2247 2618 proferimufl'a,
2274 2581 2419 2620 Besara&

297 2631 386 2665 Campo
400 2629 515 2660 Martio,
534 2630 688 2662 comitiisque
701 2625 775 2657 adeo,
788 2624 876 2662 floret.
946 2623 1018 2651 Caes.
1033 2621 1169 2649 Bell.Ciu.
1187 2629 1205 2650 1,
1219 2623 1252 2646 66
1273 2621 1349 2646 Vter·
1414 2627 1437 2647 et
1454 2621 1539 2646 Varro
1556 2619 1684 2656 feminino
1697 2619 1757 2656 fere
1776 2629 1860 2657 genen—
1881 2621 2044 2656 usurparunt·
2101 2619 2145 2646 Μ,
2158 2619 2189 2646 R·
2201 2616 2420 2657 Rl'1855'6jssanalo

296 2674 349 2702 que
363 2665 435 2691 idem
450 2664 502 2690 suis
513 2663 664 2694 renuntiat,
683 2662 803 2696 quinque
816 2660 904 2695 millia
918 2660 1035 2695 passuum
1049 2658 1171 2693 proxima
1186 2655 1350 2682 intercedere
1412 2656 1556 2683 rotundam
1569 2659 1596 2681 in
1609 2657 1744 2682 torculario
1751 2655 1815 2691 fieri
1827 2656 1900 2682 iubet.
1945 2657 1997 2682 Hic
2007 2654 2094 2682 laudat
2106 2655 2138 2682 R.
2151 2655 2181 2682 R.
2197 2663 2221 2688 3,
2230 2662 2252 2688 ς,
2262 2663 2274 2682 ι
2287 2651 2399 2687 Canales
2409 2662 2419 2680 k

297 2701 405 2730 Itineris
423 2697 585 2733 campestri&
655 2697 712 2724 Cic.
729 2706 778 2732 pro
791 2697 862 2724 Cael.
877 2705 900 2723 11
920 2705 941 2722 c.
957 2704 969 2728 ς
994 2696 1030 2721 Vt
1046 2692 1254 2724 exercitatione,
1273 2691 1350 2718 ludo·
1416 2692 1510 2727 gustas.
1554 2692 1708 2726 Perpetuam
1721 2699 1744 2723 3,
1759 2699 1792 2723 11,
1805 2700 1830 2719 2.
1873 2691 1944 2719 Add.
1957 2700 1980 2724 3,
1995 2699 2022 2727 7,
2037 2696 2059 2721 8.
2115 2691 2189 2720 Non.
2203 2699 2227 2723 3,
2241 2690 2273 2724 ςό
2285 2684 2395 2722 Caius&
2418 2710 2419 2713 ,

297 2746 349 2774 que
362 2734 502 2771 campestri
523 2733 635 2760 tunicati
646 2739 792 2760 vteremur.
862 2733 967 2766 Operae
987 2729 1142 2765 campestres
1162 2729 1267 2755 Sueton.
1282 2728 1349 2762 Aug.
1365 2731 1401 2759 70
1410 2729 1510 2765 Jiszclino
1524 2728 1650 2764 obstruat,
1674 2734 1698 2753 et
1715 2727 1894 2754 Canaliculam
1904 2727 2042 2764 feminino.
2093 2728 2129 2754 Fu
2147 2734 2251 2754 eruntne
2266 2725 2342 2753 illum
2370 2732 2419 2768 ζμ,

296 2783 319 2808 3.
340 2774 425 2810 quales
437 2770 583 2802 diuisores,
599 2776 621 2796 ct
633 2770 680 2795 alii
687 2789 696 2801 ,
710 2771 753 2804 qui
765 2770 942 2794 mercenariam
956 2770 983 2793 in
990 2767 1078 2803 suffra
1097 2769 1131 2792 iis
1142 2766 1207 2791 mala
1220 2771 1275 2791 arte
1289 2773 1351 2790 com-
1414 2764 1484 2791 modo
1500 2766 1618 2799 prolata,
1638 2773 1670 2790 an
1683 2764 1759 2790 aliter
1772 2765 1855 2800 legit?
1876 2764 1981 2800 Mascul.
2023 2763 2085 2790 Stat.
2100 2763 2126 2789 St
2138 2772 2163 2790 u.
2179 2771 2199 2794 1,
2213 2771 2238 2795 2,
2251 2768 2301 2795 ως
2345 2764 2348 2767 “
2362 2750 2374 2783 ἶ
2390 2759 2414 2784 ’,ἲῆ

293 2808 420 2847 parandis
438 2813 536 2842 operam
549 2811 652 2831 nouam.
726 2805 822 2830 Horat.
836 2802 915 2838 Epist.
931 2811 940 2829 1
949 2823 957 2835 ,
971 2808 1006 2835 18,
1021 2810 1053 2837 54
1072 2776 1141 2834 ξςίε,
1160 2809 1214 2835 quo
1234 2800 1352 2826 elamore
1414 2808 1494 2827 meatu
1502 2800 1673 2836 subterraneo,
1682 2798 1804 2826 Flumina
1822 2799 1943 2827 demerso
1953 2798 2036 2826 trahit
2049 2799 2205 2826 intemerata
2217 2797 2312 2825 canali.
2343 2817 2347 2822 .
2412 2810 2414 2813 ·

298 2852 414 2873 coronae
436 2841 539 2870 Praelia
562 2840 687 2868 sustentes
710 2839 872 2874 campestria.
902 2841 921 2865 i.
941 2838 1048 2865 ludicra.
1128 2836 1202 2864 Idem
1224 2837 1314 2863 earm.
1328 2845 1351 2868 3,
1415 2836 1512 2871 Virgil.
1527 2836 1626 2870 Georg.
1639 2844 1662 2868 3,
1675 2843 1729 2867 330.
1755 2838 1773 2862 i.
1787 2845 1806 2862 ε.
1822 2835 1895 2862 Pam
1909 2845 1938 2862 ex
1950 2836 2022 2868 ilice,
2041 2837 2126 2871 inquit
2139 2834 2255 2861 Seruius.
2340 2860 2348 2862 ,.

298 2890 342 2915 ³4,
356 2889 373 2914 9
398 2877 562 2914 Campestres
582 2876 678 2904 melius
691 2874 815 2908 Scythae,
850 2876 974 2909 Quorum
994 2873 1109 2909 plaustra
1129 2881 1207 2908 vagas
1227 2873 1280 2901 rite
1298 2878 1350 2899 tra·
1393 2902 1401 2909 .
1416 2872 1534 2904 canales,
1552 2869 1685 2899 scrobium
1698 2878 1721 2896 et
1729 2870 1837 2907 fabrica
1856 2869 2010 2904 constantes,
2027 2880 2056 2897 ex
2068 2870 2195 2906 lapidibus
2208 2871 2250 2897 vel
2261 2870 2341 2899 lata-fl

297 2917 366 2946 hunt
388 2915 492 2943 domos,
1368 2902 1400 2931 7³
1409 2908 1604 2944 ferruminatis.
1672 2907 1779 2934 Vitruu.
1795 2911 1818 2939 8,
1832 2914 1850 2941 7
1867 2907 1968 2934 Ductus
1979 2913 2068 2933 autem
2082 2915 2166 2942 aquae
2179 2905 2248 2933 siurit
2259 2900 2323 2940 gen'

334 2955 590 2981 CAMPESTRE,
617 2948 648 2974 is.
682 2956 710 2974 n.
747 2944 914 2982 [περίζωμα]
950 2943 1162 2975 ςασείηθονῐιιηι,
1182 2952 1228 2980 quo
1252 2946 1279 2969 in
1298 2952 1316 2980 g
1315 2953 1349 2978 y·
1416 2944 1481 2976 bus,
1506 2943 1574 2970 riuis
1593 2951 1640 2979 per
1661 2942 1762 2969 canales
1781 2941 1928 2976 struffiles,
1951 2949 1997 2969 aut
2016 2941 2108 2970 fistulis
2128 2941 2274 2978 plumbeiS,
2294 2941 2349 2969 stu>

296 2988 399 3023 mnaflts
419 2993 443 3014 et
458 2983 608 3022 palaestris,
628 2984 672 3011 hoc
686 2981 734 3015 cst,
754 2984 781 3009 in
793 2991 846 3008 cam
864 2984 887 3007 is
901 2980 1042 3006 utebantur.
1080 2981 1176 3007 Horat.
1190 2979 1269 3014 Epist.
1284 2989 1304 3012 1,
1318 2988 1351 3012 11,
1414 2979 1551 3006 fiffilibus.
1623 2978 1696 3006 hiem
1710 2984 1733 3011 8,
1746 2980 1763 3005 6
1782 2979 1908 3006 Canalem
1921 2979 2031 3013 longum
2049 2978 2127 3013 pedes
2140 2978 2277 3013 quinque,
2297 2976 2329 3010 la,

300 3033 330 3060 17
354 3021 487 3051 Incolumi
499 3020 610 3049 Rhodos
626 3026 652 3046 et
666 3017 796 3051 Mitylene
814 3016 923 3052 puchra
942 3016 1023 3048 facit,
1042 3016 1115 3051 quod
1151 3015 1248 3042 Penula
1268 3015 1351 3041 solsti-
1414 3022 1488 3047 tum,
1509 3015 1592 3041 altum
1606 3013 1814 3050 sesquidigitum.
1885 3014 2006 3046 Canalis,
2025 3023 2071 3050 quo
2089 3023 2164 3040 crura
2181 3021 2205 3040 et
2216 3013 2345 3050 femora.

297 3061 339 3088 tio
353 3058 495 3095 campestre
507 3055 644 3084 niualibus
657 3055 739 3082 auris.
811 3051 950 3087 Augustin.
966 3051 998 3077 de
1009 3051 1071 3078 Ciu.
1085 3052 1135 3078 Dei
1149 3060 1189 3085 14,
1204 3059 1232 3086 17
1258 3051 1286 3077 de
1304 3061 1348 3077 nu-
1414 3059 1457 3079 tur
1466 3050 1569 3087 statio.
1607 3052 1661 3087 an
1670 3050 1747 3087 pasto
1761 3057 1841 3077 autem
1855 3048 2034 3083 constituatur,
2055 3049 2112 3076 vide
2125 3049 2192 3076 Cels.
2207 3055 2231 3083 8,
2243 3059 2282 3082 10,
2294 3055 2316 3083 ς.

299 3095 379 3122 ditate
388 3090 527 3132 primorum
541 3093 665 3120 hominum
677 3089 811 3124 differens,
845 3086 955 3115 Confufi
970 3087 1155 3114 inobedientia
1172 3087 1257 3114 carnis
1274 3088 1349 3119 suae,
1363 3087 1396 3113 80
1414 3089 1469 3115 Ian.
1486 3096 1520 3119 ις,
1537 3087 1566 3122 17
1589 3089 1617 3113 in
1631 3096 1692 3114 cura
1710 3086 1809 3114 arboris
1826 3089 1914 3117 nucis,
1932 3085 2037 3112 Canalis
2056 3085 2150 3120 longus
2167 3095 2182 3113 a
2196 3087 2310 3112 summo‘
2323 3099 2329 3107 -

300 3136 425 3166 tanquam
438 3129 501 3157 teste
515 3137 599 3164 poena
613 3126 812 3154 inobedientiae
822 3145 830 3158 ,
848 3125 1007 3151 consuerunt
1023 3122 1090 3149 folia
1102 3122 1162 3153 fici3
1189 3124 1220 3149 Et
1228 3122 1348 3158 fecerunt
1414 3124 1500 3151 imum
1518 3122 1598 3150 debet
1611 3122 1714 3150 excudi.
1751 3122 1791 3150 Sic
1805 3121 1937 3148 beneficio
1954 3121 2015 3150 solis
2035 3127 2060 3148 et
2079 3122 2153 3150 venti
2174 3121 2338 3154 durescunt,¹
2352 3134 2354 3140 ,.

295 3165 345 3200 fibi
358 3164 520 3201 campfflria;
547 3167 566 3191 i.
595 3161 776 3191 Succinetoria
788 3160 956 3196 genitalium.
1011 3158 1083 3186 Nam
1096 3158 1206 3193 quidam
1219 3158 1348 3193 interpre-
1416 3159 1584 3195 putredinem
1598 3158 1748 3186 transibant.
1784 3157 1890 3185 Colum.
1900 3158 1970 3185 KR.
1982 3166 2015 3188 12,
2025 3160 2092 3190 50‚6
2111 3158 2181 3185 Oleo
2194 3155 2349 3184 conficien-

301 3206 339 3227 tes
355 3199 526 3228 SuccinHoria
544 3201 696 3236 posuerunt.
751 3199 835 3225 Porro
851 3203 941 3223 autern
955 3192 1121 3230 Campestria,
1146 3194 1269 3220 Latinum
1290 3195 1348 3230 qui·
1404 3194 1538 3222 ‘vtiliores
1554 3195 1622 3228 sunt,
1637 3203 1715 3230 quam
1734 3200 1881 3229 trapetum,
1894 3200 2043 3229 trapetum,
2058 3203 2137 3229 quam
2154 3193 2251 3220 canalis
2269 3197 2295 3220 et
2306 3192 2345 3224 ὦ

301 3235 362 3263 dem
375 3236 486 3262 verbum
500 3235 553 3267 est3
580 3235 622 3262 sed
635 3243 667 3262 ex
682 3243 714 3261 eo
732 3233 850 3265 dicium,
867 3231 940 3267 quod
955 3230 1080 3263 iuuenes,
1098 3229 1145 3265 qui
1165 3229 1231 3256 nudi
1245 3239 1349 3256 exerce·
1414 3231 1565 3266 Trapetum
1581 3231 1639 3267 plus
1654 3231 1740 3266 operis
1753 3230 1925 3266 faciliusque,
1943 3239 2021 3265 quam
2038 3230 2107 3256 solea
2126 3235 2152 3256 et
2172 3229 2268 3257 canalis
2279 3225 2349 3260 ἀξίῳ

301 3272 398 3299 bantur
412 3271 441 3298 in
453 3280 561 3306 campe,
580 3270 702 3306 pudenda
719 3269 876 3306 operiebant
891 3279 897 3294 :
921 3266 1007 3299 vnde,
1027 3266 1075 3301 qui
1089 3266 1126 3292 ita
1139 3265 1265 3292 suceinEti
1279 3267 1348 3299 sunt,
1367 3267 1396 3296 85
1407 3267 1509 3304 scm-mn
1528 3268 1590 3294 mihi
1609 3265 1652 3301 cffi
1671 3267 1735 3294 hanc
1747 3269 1867 3293 rationem
1886 3265 2041 3302 exprimendi
2056 3267 2104 3292 olei
2121 3268 2197 3293 etiam
2215 3260 2340 3327 nictit-1¹³

301 3308 361 3334 Cam
379 3304 483 3339 ‘'stram’'
503 3306 596 3340 V¹¹¹gus
613 3306 734 3342 appellat.
786 3304 861 3341 Conf-
881 3305 956 3331 Viues
972 3301 1006 3329 ad
1023 3302 1048 3330 h.
1063 3302 1080 3329 Ι.
1102 3301 1233 3329 Turnebm
1251 3312 1292 3336 27,
1311 3312 1349 3329 22.
1407 3303 1482 3340 forte
1495 3303 1563 3330 solea
1575 3302 1612 3337 sit
1620 3301 1746 3339 pistillus.
1765 3305 1808 3338 qui
1826 3305 1852 3328 in
1866 3303 1974 3328 canalem
1986 3304 2129 3333 conueniat,
2148 3310 2220 3338 eoque
2238 3308 2281 3328 tun
2306 3314 2308 3316 >
2324 3303 2347 3328 ἵζ’

302 3343 351 3370 1111«
382 3344 455 3368 etiam
463 3341 510 3376 sub
522 3340 627 3374 vestibus
638 3342 755 3378 gerebant
767 3341 884 3372 Romani,
897 3342 940 3375 qui
951 3340 1069 3365 nimirum
1081 3337 1194 3364 braccati
1205 3346 1253 3364 non
1268 3344 1349 3365 erant.
1412 3345 1495 3365 matur
1509 3340 1593 3366 oleum.
1620 3339 1789 3374 Metaphorice
1802 3337 1924 3364 Pleniore
1939 3337 2002 3364 haec
2016 3338 2101 3364 canali
2113 3338 2200 3364 fluunt
2212 3332 2351 3371 (ᾈιὶηᾶῗ

301 3377 449 3413 campestri
462 3376 518 3403 s010
530 3375 613 3403 ῐθᾶυς
624 3378 728 3404 Vulcat.
743 3377 771 3404 in
785 3378 835 3404 Au-
848 3376 914 3403 Cass‘·
935 3384 957 3401 c·
971 3384 998 3409 4·
1018 3373 1062 3400 vbi
1074 3372 1128 3400 vid·
1141 3373 1175 3399 Ca
1188 3373 1244 3399 aub-
1414 3372 1435 3412 ff
1458 3383 1474 3401 2
1492 3375 1597 3402 Canalis
1617 3379 1692 3402 etiam
1711 3377 1755 3401 uia
1768 3373 1870 3410 publica
1887 3371 1938 3406 est,
1948 3373 2021 3409 forte
2037 3373 2103 3410 quod
2120 3376 2276 3406 transmittit
2288 3381 2348 3399 vra«r

337 3419 467 3441 CAMPE
478 3417 675 3446 s'rRA‘rvs,
703 3422 734 3447 a,
760 3421 816 3440 um.
852 3413 917 3448 Qis
937 3410 1052 3441 dicatur,
1074 3418 1103 3436 ex
1120 3418 1158 3436 mo
1177 3417 1190 3434 ο
1209 3408 1278 3436 datis
1295 3409 1348 3437 Au-
1413 3410 1479 3446 quod
1491 3413 1557 3437 tritu
1571 3413 1772 3443 commeantium,
1787 3412 1848 3444 quin
1861 3409 1986 3436 interdum
2004 3419 2019 3436 a
2032 3412 2120 3446 prima
2137 3409 2286 3441 nimiiti‘one,
2308 3422 2312 3429 ι
2332 3424 2340 3437 s.
2348 3425 2352 3436 ,1

299 3447 397 3488 gastim*
414 3447 498 3475 uerbis
514 3448 599 3482 liquet.
1362 3447 1399 3474 90
1413 3445 1447 3479 ²st
1460 3455 1534 3474 cxcau
1543 3453 1579 3473 sta
1593 3456 1618 3473 v.
1651 3466 1658 3473 .
1672 3446 1689 3473 l.
1701 3455 1717 3473 2.
1730 3446 1761 3473 C.
1775 3444 1832 3472 Th.
1846 3445 1878 3472 de
1891 3444 2024 3478 Cui-ioris,
2043 3454 2072 3472 ex
2086 3444 2103 3471 l.
2119 3452 2146 3478 ις
2161 3445 2190 3472 C.
2203 3444 2262 3472 Th.
2275 3442 2308 3471 de

337 3492 354 3513 c
363 3492 385 3512 Α
396 3491 420 3511 Μ
431 3491 446 3511 P
457 3490 473 3510 E
482 3489 504 3510 N
513 3489 567 3509 s1s
576 3502 585 3515 ,
613 3481 686 3516 Isidis
706 3483 838 3519 epitheton.
881 3481 960 3517 Apul.
973 3481 1039 3508 Met.
1056 3489 1080 3507 11
1106 3489 1131 3515 p.
1145 3486 1214 3515 270,
1228 3487 1261 3514 27
1288 3480 1348 3507 Nec
1413 3481 1462 3509 bus
1475 3483 1564 3509 cursus
1576 3481 1629 3517 pub
1642 3503 1649 3509 .
1664 3482 1707 3509 vbi
1719 3481 1848 3509 Ciuitates
1861 3481 1892 3508 ad
1907 3481 2033 3508 Canalem
2048 3480 2167 3516 videntur
2178 3488 2229 3507 mm
2240 3481 2302 3506 alin

302 3521 388 3548 vllum
402 3526 456 3547 tam
470 3518 639 3554 praecipuum
652 3517 721 3545 mihi
735 3519 830 3546 exinde
843 3518 959 3546 studium
972 3516 1041 3550 fuit,
1061 3525 1140 3552 quam
1154 3515 1276 3550 quotidie
1291 3517 1348 3552 sup-
1412 3517 1447 3545 ad
1457 3521 1524 3544 viam
1534 3520 1674 3553 publicam,
1691 3525 1716 3545 et
1727 3521 1821 3554 regiam
1827 3517 1894 3551 Jitae
1902 3521 1973 3553 jum.
2011 3518 2052 3545 Sic
2063 3512 2262 3543 Concil.Sardi'

303 3556 402 3591 plicare
422 3556 525 3582 summo
538 3553 644 3580 numini
656 3554 762 3588 reginae
774 3555 865 3588 Isidis,
883 3563 951 3590 quae
964 3552 997 3579 de
1016 3552 1113 3587 templi
1130 3551 1179 3578 situ
1196 3551 1282 3578 sumto
1300 3561 1348 3579 no-
1413 3553 1527 3588 quisque
1550 3554 1684 3586 nostrum,
1705 3553 1753 3589 qui
1777 3553 1806 3581 in
1829 3552 1914 3580 canali
1934 3552 2090 3580 constitutus
2101 3551 2153 3584 est,
2171 3560 2232 3578 cum
2245 3560 2262 3586 p
2281 3569 2284 3573 »
2316 3573 2328 3578 ,,

302 3592 376 3618 mine
387 3588 536 3626 Campensis
550 3589 651 3615 summa
664 3598 722 3615 cum
735 3591 906 3618 veneratione
918 3588 1087 3626 propitiatur.
1124 3588 1191 3614 Haec
1203 3585 1246 3620 est,
1260 3588 1288 3614 dc
1317 3598 1348 3615 ua
1413 3590 1569 3625 Episcopum
1582 3590 1691 3617 viderit.
1729 3590 1784 3616 Huc
1802 3588 1917 3625 referunt
1937 3588 2038 3626 quidam
2056 3586 2181 3614 Canalem
2199 3587 2279 3620 foris
2304 3590 2318 3606 ff

2398 2918 2413 2961 ‘5³

2395 2964 2413 2999 [ᾗ

2386 3002 2389 3003 ⁷
2396 3001 2413 3020 *b

2402 3037 2412 3059 ,Ὗ

303 3627 420 3654 quenal.
435 3629 462 3659 6,
476 3633 524 3659 529
549 3625 572 3651 A
584 3625 678 3650 Meroe
692 3625 807 3658 portabit
826 3635 923 3661 aquas,
940 3631 969 3652 vt
988 3625 1090 3659 spargat
1107 3623 1136 3650 in
1148 3622 1240 3649 aedem
1259 3623 1289 3650 1fi
1310 3624 1348 3657 is,
1360 3628 1393 3654 95
1410 3635 1464 3652 mus
1483 3629 1510 3651 in
1530 3632 1547 3653 c
1559 3633 1582 3653 A
1593 3632 1614 3651 N
1624 3633 1646 3653 Α
1656 3630 1770 3653 Llcot.
1780 3632 1812 3652 Α.
2259 3642 2261 3644 -
2307 3636 2322 3645 ¹-

304 3662 415 3697 antiquo
430 3670 498 3697 quae
507 3660 630 3696 proxima
640 3659 724 3694 surgit
736 3661 814 3687 ouili.
851 3664 944 3698 Nempe
958 3660 1033 3689 ouile
1045 3658 1109 3687 illud
1119 3661 1274 3685 comitiorum
1288 3669 1348 3696 gra·
1450 3666 1466 3687 c
1479 3669 1500 3688 A
1509 3669 1530 3688 N
1539 3669 1560 3689 Α
1573 3669 1586 3688 1,
1600 3667 1635 3689 1c
1645 3668 1666 3687 v
1676 3667 1693 3687 1.
1702 3667 1724 3688 v
1734 3668 1746 3688 s
1755 3681 1764 3694 ,
1790 3662 1808 3688 i.
1846 3670 1884 3687 m.
1917 3653 2030 3687 Dimin.'
2054 3656 2200 3691 [σωλήνων]
2235 3655 2284 3684 Col

304 3700 343 3723 tia
362 3705 416 3724 crat
434 3701 460 3723 in
478 3702 562 3732 campo
582 3696 689 3722 Martio.
747 3696 805 3722 Vet.
818 3695 904 3724 Schol.
925 3696 958 3724 ad
978 3694 1097 3724 quenal.
1119 3695 1136 3721 1.
1155 3703 1177 3720 c.
1197 3694 1227 3720 ln
1245 3695 1346 3722 Martio
1412 3696 1483 3724 Nam
1499 3697 1614 3729 largiore
1627 3696 1690 3724 cibo
1704 3696 1816 3724 celerius
1829 3695 1989 3732 pinguescit,
2008 3694 2110 3728 semper
2123 3698 2212 3719 tamen
2223 3694 2301 3720 etiam
2319 3695 2342 3711 ’ν

304 3740 397 3766 campo
409 3732 537 3767 templum
552 3730 626 3758 Isidis
643 3729 784 3757 vetustum.
1399 3732 1490 3759 'milio
1502 3733 1598 3768 repleti
1611 3740 1797 3767 apponuntur,
1815 3740 1883 3768 quae
1895 3730 1932 3758 est
1945 3727 2087 3756 firmiffima
2099 3729 2164 3755 esca.
2234 3725 2304 3758 Add.

341 3773 386 3794 CA
396 3774 420 3794 M
429 3774 444 3793 1‘
454 3775 462 3794 1
471 3775 487 3795 c
497 3775 513 3795 ε
523 3774 538 3793 1.
550 3774 565 3793 1.
575 3774 633 3799 vs,
654 3766 672 3792 i.
709 3774 735 3792 n·
772 3765 873 3793 Dimin.
908 3767 976 3804 apud
997 3768 1132 3794 Innocent.
1146 3764 1179 3792 de
1191 3763 1261 3793 eatis
1279 3767 1346 3792 inter
1411 3776 1442 3801 ¹4
1455 3776 1520 3795 extr.
1592 3769 1683 3796 Celsus
1697 3774 1721 3801 8,
1734 3777 1768 3796 20
1782 3775 1845 3795 exer.
1865 3762 1951 3793 Potest
1961 3764 2082 3791 conditus
2095 3763 2222 3790 articulus
2239 3761 2303 3798 (lui-

304 3801 429 3829 Austores
447 3806 484 3829 rei
497 3806 615 3839 agrariae
627 3799 706 3836 Goqfii
717 3807 746 3837 p.
761 3810 815 3828 222.
1353 3803 1470 3830 modius
1493 3810 1538 3830 aut
1561 3806 1675 3831 summu,
1698 3801 1847 3832 canaliculo
1857 3801 1957 3835 aliquo
1970 3799 2112 3826 contineri.
2150 3801 2192 3828 Sic
2205 3792 2296 3826 canali

343 3843 504 3865 οΑΜι-ΑΝ
515 3845 530 3865 E
541 3845 599 3869 vs,
618 3846 647 3870 a,
667 3846 729 3868 um,
759 3843 783 3862 et
807 3841 851 3863 ΩΑ
862 3842 1021 3865 ΜΡΑΝιν
1032 3844 1063 3871 s,
1082 3846 1113 3870 a,
1138 3845 1193 3863 um.
1231 3835 1298 3863 Idem
1317 3846 1347 3863 ac
1409 3840 1514 3866 merulam
1529 3839 1622 3876 frusto
1642 3839 1785 3870 adhibetur,
1803 3844 1835 3864 vs
1853 3835 1973 3863 vidimus.
2006 3832 2048 3869 Est
2062 3837 2136 3862 etiam
2149 3833 2304 3870 Canaljc'ulu

305 3870 462 3908 Campestris.
509 3874 681 3901 Innocentius
698 3871 764 3899 ibid.
781 3881 806 3906 p.
822 3880 867 3904 239
894 3873 925 3898 In
943 3873 1090 3907 campaneis
1108 3872 1183 3899 locis.
1211 3877 1235 3898 et
1253 3881 1278 3907 p.
1292 3880 1346 3903 240
1408 3878 1517 3902 exterior
1529 3879 1556 3901 in
1569 3877 1690 3906 columnis
1703 3873 1814 3901 *Vin-uu.
1825 3879 1855 3905 4,
1867 3879 1891 3904 3.

303 3909 334 3935 In
354 3907 498 3942 campaniis
518 3908 590 3935 locis.
661 3907 804 3942 Campanei
824 3906 913 3939 iidem,
929 3911 973 3944 qui
990 3908 1119 3944 Campani
1136 3908 1166 3935 in
1182 3907 1292 3935 Gruteri
1306 3908 1347 3933 ln·
1450 3916 1467 3937 c
1480 3918 1586 3938 ΛΝΑι,
1598 3907 1738 3940 muza,
1755 3902 1794 3934 aei
1829 3907 1850 3934 f.
1888 3904 1964 3933 Idem.
1999 3903 2167 3940 [σωληνίὃιον]
2201 3901 2343 3932 Van-03⁸³
2395 3929 2403 3937 .,
2422 3919 2426 3922 ·
2448 3907 2451 3913 “

302 3944 389 3978 script.
412 3952 435 3977 p-
455 3950 516 3977 297·
1412 3954 1442 3978 14
1463 3945 1566 3973 Auibus
1591 3954 1659 3982 aqua
1680 3943 1846 3971 ministratur
1867 3949 1914 3976 per
1933 3940 2114 3968 canaliculam.
2184 3939 2251 3967 Gen.
2265 3947 2275 3966 1
2294 3956 2304 3971 ,
2334 3942 2337 3943 ’

339 3984 528 4008 αΑΜΡΛκινε
537 3997 547 4010 ,
562 3978 583 4005 i·
602 3987 638 4006 m·
663 3976 823 4015 κ’γροφῦλκξ,
835 3977 914 4005 Glofl:
935 3976 1020 4013 Custos
1033 3982 1186 4008 exercitos-ue
1198 3984 1346 4015 camporum.
1360 3982 1404 4009 ¹05
1411 3986 1499 4008 autem
1511 3981 1691 4010 Erasistratum
1703 3978 1808 4011 dicere,
1828 3977 1892 4004 duae
1903 3976 1952 4005 effe
1963 3976 2034 4012 quasi
2048 3976 2204 4005 canaliculas
2216 3982 2278 4011 quas
2293 3973 2345 4017 ''ui-
2362 3978 2373 4016 ’ᾗ
2388 4001 2393 4003 ,
