2474 4182
47 96 90 136 41
446 78 665 120 ACA

50 173 167 208 exemplo
180 171 338 198 Athenarum
348 190 355 203 ‚
375 169 415 197 ibi
428 168 576 205 compositis
590 166 772 194 voluminibus
785 166 901 194 eiusdem
915 168 1041 202 nominis,
1055 169 1084 196 in

69 218 117 241 ua,
143 213 168 233 et
179 212 378 233 monumentum
397 206 445 232 libi
468 205 662 231 instaurauerat.
715 203 804 238 R-ffert
823 204 908 230 deinde
922 206 1011 240 fontes
1024 206 1083 231 cali·

67 253 101 276 os,
114 246 156 279 qui
167 242 202 268 ibi
215 250 322 277 erupere,
329 243 443 278 salubres
455 243 536 270 oculis,
556 246 579 265 et
592 247 688 265 carmen
697 241 724 264 in
737 247 776 264 eos
788 240 896 266 Laureae
907 242 923 267 7
931 242 993 267 iaellii.
1029 240 1082 267 Μέ-

49 282 120 307 mim't
132 278 203 304 huius
222 278 376 304 Academiae
389 279 448 313 sime
467 276 520 310 ipsc
532 275 594 301 Cic.
610 277 660 300 Att.
675 282 694 306 1,
708 283 727 306 4
750 275 864 309 Hahusffi
877 280 948 302 etium
967 274 1082 311 Tuscula-

1552 82 1766 124 ACC
2135 101 2188 139 42

1137 163 1186 191 Ille
1200 168 1409 207 comam-Mollis
1429 169 1481 196 iam
1494 177 1550 198 tum
1565 171 1692 199 tondebat
1705 171 1817 200 acanthi.
1854 173 1922 201 Add.
1938 174 2069 202 Nemesia.
2087 175 2166 209 Ecl.2,
2176 184 2189 210 5

1136 199 1217 226 Molli
1231 209 1363 242 gremium
1380 206 1524 239 compleret
1538 209 1648 235 acantho
1687 210 1811 244 Calpuin.
1834 218 1860 243 4.
1875 213 1906 240 68
1934 213 2024 244 Qiem
2038 212 2120 238 modo
2132 221 2189 238 can-

1137 240 1236 276 tantem
1251 237 1344 265 Rutilo
1358 241 1494 274 spargebat
1508 244 1618 270 acantho
1638 245 1711 271 Nais.
1765 247 1826 272 Stat.
1839 245 1908 278 Sylu.
1925 255 1975 279 3‚¹‚
1997 255 2027 281 37
2065 248 2117 273 Hic
2137 246 2191 274 tibi

1138 271 1249 297 Sidonio
1263 274 1360 301 celsum
1374 277 1496 310 puluinar
1510 278 1620 304 acantho
1639 281 1773 314 Texitur,
1793 288 1819 307 et
1834 282 1911 316 lignis
1925 284 2016 309 crescit
2029 291 2102 309 torus
2116 284 2192 318 asper

48 324 103 341 num
110 313 238 349 fitam-fibi
252 314 432 342 Academiam,
454 316 557 347 apparet
570 319 599 335 cx
613 310 694 336 Tusc.
707 318 735 343 2,
747 318 764 342 9
777 319 798 336 c.
814 320 825 343 3
851 319 873 337 et
886 320 909 344 3,
921 320 938 346 7
951 319 1001 343 c.3-
1043 310 1082 335 De
1106 312 1119 338 5
1137 306 1263 340 eburnis,
1289 312 1307 335 i·
1330 319 1464 346 Purpureo-
1611 313 1630 348 ἦ
1644 323 1659 340 2
1680 317 1827 350 Acanthus,
1854 318 1964 344 Arboris
1976 327 2076 349 nomen,
2105 319 2133 344 id
2148 317 2190 351 zst,

46 351 92 380 hac
100 350 220 384 Sulpieuis
237 351 303 385 apud
324 350 378 376 Cic.
399 348 430 373 de
450 347 522 373 Orat.
539 351 598 378 i,98
619 355 638 371 c.
652 354 680 372 21
717 346 871 373 Academiae
889 347 932 374 illi
944 355 971 372 ac
985 346 1082 376 Lyceo,

47 391 120 412 tuum
136 385 184 411 hoc
193 385 369 413 suburbanum
377 381 536 418 gymnasium
551 388 692 415 antepono.
818 387 837 420 ᾗ
851 391 864 416 5
876 381 1011 421 Academia
1021 388 1082 442 ff„-

47 423 156 448 tissimam
178 429 270 447 varlar.
324 420 376 447 Cic
397 418 428 444 de
442 418 532 444 Dinin
554 426 574 450 i,
586 424 619 443 22
633 426 654 442 C.
669 426 692 449 13
734 418 818 452 Inque
834 418 968 445 Academia
982 425 1026 442 vn]
1048 424 1083 441 ῃ-

48 457 122 490 fera,
140 456 280 492 nitidoque
291 456 376 487 ‘Lyceo
413 453 546 479 Fuderunt
558 452 637 479 claras
651 453 775 479 foecundi
786 454 978 489 pec'torisartcS.
1016 452 1082 477 Lau-

1137 343 1270 383 Acanthus
1283 345 1414 373 siluestris.
1468 347 1542 382 Virg.
1555 347 1651 382 Georg.
1668 358 1692 381 2,
1709 360 1746 383 ¹19
1784 353 1858 386 Qiid
1877 353 1930 380 tibi
1944 354 2057 380 odorato
2075 354 2191 380 referam

1137 377 1257 405 sudantia
1276 380 1351 416 ligno
1388 383 1573 418 Balsamaque,
1611 391 1638 409 et
1657 384 1745 411 baccas
1765 388 1864 423 semper
1891 389 2041 416 frondentis
2066 389 2191 416 acanthi?

1146 414 1195 440 Vbi
1203 414 1321 450 Seruius,
1341 418 1488 451 Acanthus,
1507 418 1631 445 arborest
1648 419 1675 444 in
1690 424 1807 455 Aegypto
1821 425 1921 459 semper
1934 425 2075 458 frondens,
2099 431 2126 451 vt
2140 426 2190 451 oli·

1138 457 1182 481 va,
1196 448 1297 478 laurus:
1318 454 1448 480 Acanthos
1457 455 1537 487 dicia,
1546 455 1609 489 quia
1623 455 1703 489 spinis
1718 457 1752 481 est
1773 457 1855 490 plena.
1912 461 2035 487 Abundat
2049 460 2096 487 hac
2110 461 2192 488 etiam

48 501 107 525 rea,
126 493 181 519 Cic.
197 493 318 522 libertus,
336 488 403 524 apud
414 489 477 515 Plin.
487 497 521 521 31,
535 497 550 515 z
587 490 672 523 Atque
692 490 846 516 Academiae
864 487 1017 515 celebratam
1036 496 1083 513 no·
1097 490 1125 509 10
1139 485 1248 512 Circina
1262 488 1354 515 insula.
1424 491 1468 516 Ar!
1486 492 1596 516 arborem
1619 491 1765 516 Acanthum
1781 500 1854 518 etiam
1869 496 2013 529 referendm
2029 495 2062 529 est
2090 496 2191 529 Ve11.2,

49 529 121 555 minc
135 528 233 554 villam.
285 525 420 552 Claudian.
435 524 463 550 in
478 526 566 559 Pancg.
582 524 613 551 dc
628 525 723 550 Manlii
743 524 882 552 Theodori
896 523 1040 561 consulatu,
1050 532 1082 563 34

49 566 80 591 In
95 565 200 591 Latium
212 561 301 597 spretis
315 560 453 586 Academia
467 561 563 595 migrat
579 560 696 586 Athenis.
716 561 804 588 Sidon.
819 562 846 587 in
853 558 958 593 epithal.
969 559 1082 585 Polemii

44 600 97 635 stuc
111 601 197 627 Carni.
212 605 245 629 ις,
256 605 300 623 120
338 595 438 622 Obuict
452 603 477 622 ct
492 605 651 631 quamquam
666 597 729 622 totis
747 597 882 624 Academia
894 594 978 621 sec‘lis.

87 642 159 663 ACA
168 641 186 661 D
194 640 210 659 Ε
219 640 243 660 Μ
254 639 287 659 lc
296 637 315 657 V
324 639 336 658 s
345 652 353 664 ,
372 641 395 664 a,
415 641 468 657 um.
490 631 694 666 [ω’κκᾶημκικός]
716 631 912 670 Philofhpfmrum
921 640 1015 656 numm.
1025 630 1081 657 Cic.

1138 523 1179 553 56,
1193 530 1209 548 2
1234 524 1373 562 'Qiinque
1387 526 1441 560 egit
1456 527 1583 557 (Cacsar)
1610 526 1774 560 triumphos:
1801 528 1896 554 Gallici
1905 538 2040 564 apparatus
2055 540 2087 558 ex
2110 533 2190 566 citro,

1137 558 1241 584 Pontici
1257 568 1287 585 ex
1302 561 1429 594 acantho,
1451 561 1625 588 Alexandrini
1640 562 1784 595 testudine,
1805 564 1891 589 Africi
1913 566 2010 600 ebore,
2033 568 2189 603 Hispanien-

1137 591 1168 618 fis
1185 602 1293 628 argento
1306 597 1375 623 ralili
1389 597 1516 624 constitit.
1571 597 1682 623 Materia
1701 601 1765 624 enim
1780 597 1842 625 (iura
1856 601 2031 633 intelligenda,
2059 613 2118 639 quae
2139 611 2193 630 cum

1139 629 1224 662 citro,
1250 631 1348 665 ebore,
1372 631 1584 668 testudinepoffit
1604 637 1753 669 comparari.
1808 635 1864 661 Huc
1884 631 1957 661 eliani
1985 638 2067 672 refero
2095 639 2189 666 Claud.

53 673 95 697 Ac,
110 678 167 704 ¹1¹7
179 677 200 695 c.
215 677 232 701 4
274 668 387 694 Platonis
395 667 553 694 ausim-itate
568 678 669 694 —-vna
683 675 708 695 et
721 668 879 695 consentiens
892 665 995 692 duobus
1008 675 1083 692 voca·
1100 671 1124 697 15
1139 665 1253 699 Epithal.
1281 669 1396 708 H0¹¹395
1422 673 1542 705 quenrita
1555 666 1665 702 restituit
1685 668 1814 703 Htw-„fian
1861 671 2029 706 Balsamaque
2057 679 2081 699 et
2104 674 2192 702 baccas

50 707 117 734 bulis
129 702 310 740 philosophiae
332 703 419 729 forma
435 703 553 730 instituta
572 702 608 730 est
623 704 834 742 Academicorum
854 708 879 728 et
899 702 1084 737 Peripatetico-

50 751 107 770 rum
119 754 164 760 —
177 739 233 771 illi,
255 739 302 774 qui
319 739 434 765 Platonis
452 740 574 766 instituto
593 741 619 765 in
643 739 776 766 Academia.
789 752 832 756 -—
853 744 942 764 coetus
962 745 1044 771 erant,
1059 743 1084 764 et

49 779 177 804 sermones
192 774 287 801 habere
301 775 390 807 soliti,
419 784 433 801 c
448 775 500 801 loci
514 775 645 802 vocabulo
658 781 750 801 nomen
776 772 932 799 habuerunt.
985 776 1023 800 De
1042 774 1085 800 illo

46 811 159 849 confinsu
173 810 389 837 Academicorum
402 818 522 838 veterum
535 819 560 838 ct
574 808 803 846 Peripateticorum
811 810 899 844 pcifflm
914 809 1010 836 Cicero
1026 819 1050 836 υ.
1059 819 1085 846 g.

1139 701 1241 735 semper
1258 703 1377 730 florentis
1392 705 1510 731 acanthi:
1528 708 1632 740 itemque
1646 705 1777 731 Lacstantii
1792 705 1823 732 de
1842 705 1973 733 Phoenice
1991 714 2018 740 85
2036 708 2131 736 olentis
2152 712 2191 738 vi.

1139 745 1200 763 men
1216 738 1328 766 acanthi.
1450 740 1469 778 ‘j
1485 750 1498 773 3
1519 740 1650 766 Acanthus
1667 741 1762 767 crbium
1777 742 1931 777 quarundam
1944 752 2029 770 nomen
2054 753 2077 770 v.
2091 754 2115 782 g.
2137 748 2193 773 Ma.

1139 772 1254 800 cedoniae
1268 775 1296 801 dc
1311 785 1358 811 qua
1372 775 1437 802 Piin.
1451 785 1514 809 4,10
1529 776 1546 802 s.
1563 784 1598 810 17.
1635 776 1664 802 ab
1678 778 1725 803 hac

1176 816 1197 836 A
1206 816 1222 836 C
1233 817 1254 837 A
1263 819 1284 838 N
1294 819 1314 838 T
1324 818 1344 838 H
1356 819 1417 838 ivs
1438 813 1479 839 Sal
1494 821 1578 838 nomen
1591 813 1661 838 habet
1670 832 1678 845 ,
1698 812 1762 838 Plin.
1772 821 1806 845 31,
1814 820 1831 847 7
1839 813 1856 838 s.
1865 821 1902 846 4¹·

47 847 78 876 de
95 847 185 880 Fin.4‚
200 854 212 879 5
231 855 284 872 c.2.
321 846 445 874 Brut.120
459 857 480 873 c.
496 856 528 879 31-
571 846 644 874 Offlc.
657 854 666 871 i
679 853 718 878 pr.
732 852 756 870 er
768 853 791 878 3,
810 853 844 871 20
868 854 915 878 c.4
928 851 975 872 etc.
1029 846 1084 878 Sed,
1095 852 1130 870 20
1176 852 1197 871 A
1207 848 1392 874 CANTHIN
1402 855 1422 873 v
1433 855 1444 874 s
1454 867 1463 880 ,
1479 856 1510 880 a,
1527 857 1580 874 um.
1601 847 1764 881 [οέκανθινδς]
1786 848 1851 875 Plin.
1866 856 1933 884 25³7
1963 848 2100 885 Spe&atur
2119 850 2194 879 foliis

24 902 28 907 -
46 883 109 920 quod
120 882 148 908 de
161 882 315 909 Academiae
328 883 444 909 vocal·qu
465 884 653 919 objss'ruam'nms,
685 889 737 905 cum
758 880 910 907 Academici
929 881 1085 916 appellantur

44 919 194 954 [impliciten
213 918 252 944 illi
265 917 368 944 mediae
381 925 404 944 a!
412 927 496 945 nouae
510 919 657 945 dubitatores
664 915 724 951 fere
737 919 920 956 inteldigicntur.
958 919 984 943 E.
992 927 1016 953 g.
1026 917 1082 956 Cic.

43 955 103 982 Fin.
111 963 134 981 2.
142 963 174 987 43
194 963 215 980 c·
231 962 260 987 14
296 953 366 980 Nam
386 963 446 980 cum
462 951 618 981 Academicis
639 952 738 978 incerta
751 952 863 978 lufih’itio
877 952 927 978 est:
952 954 999 988 qui
1013 952 1082 979 nihil

46 989 189 1021 affirmant,
209 995 234 1015 et
251 989 321 1024 qnasi
335 990 468 1024 despcrata
483 988 631 1024 cognitione
643 988 709 1014 certi
728 988 755 1014 id
770 988 844 1023 sequi
857 988 968 1021 volunt,
999 989 1083 1024 quod-

45 1034 147 1061 cunque
155 1024 298 1052 verifimile
309 1026 440 1052 videatur.
475 1026 527 1052 Cic.
536 1023 570 1050 N.
579 1023 609 1049 D.
618 1032 688 1058 2.pr.
697 1034 726 1050 ex
735 1029 842 1060 pcryona
856 1024 941 1050 Vellcii
961 1025 1019 1051 Nae
1033 1034 1083 1059 ego
1094 1029 1125 1055 23

43 1063 178 1094 incautus,
208 1061 255 1096 qui
268 1071 328 1087 cuni
352 1061 503 1088 Academico
524 1066 550 1085 et
563 1059 620 1085 eod.
634 1060 742 1087 rhetore
760 1060 885 1095 congredi
898 1066 1006 1087 conatus
1020 1062 1084 1087 sum.

45 1097 115 1126 Nam
128 1105 212 1132 neque
227 1096 382 1124 indisertum
397 1096 576 1123 Academicum
590 1096 778 1130 pertimuissem
786 1117 795 1129 ,
814 1106 860 1122 nec
869 1096 921 1123 line
936 1096 984 1123 ista
996 1096 1084 1131 philo-

44 1133 136 1168 sophia
148 1132 282 1159 rhetorem
296 1133 415 1168 quamuis
428 1131 602 1167 cloquentem.
640 1132 708 1158 Gell.
718 1141 749 1164 11,
764 1141 776 1165 5
794 1134 874 1159 Vetus
894 1132 1012 1167 quaestio
1032 1138 1057 1159 et
1069 1141 1085 1159 a

44 1169 135 1197 multis
156 1169 328 1204 scriptoribus
347 1168 449 1195 Graecis
462 1167 570 1194 uastata
583 1167 633 1200 est,
662 1168 692 1194 in
705 1168 769 1203 quid
783 1174 809 1194 et
829 1175 956 1203 quantum
970 1168 1084 1201 Pyrrho-

45 1206 104 1233 nios
124 1211 150 1231 et
170 1205 338 1231 Academicos
355 1202 525 1238 philosophos
545 1202 654 1230 interiit.
721 1201 831 1230 TraH'at
850 1213 900 1230 eum
921 1205 1083 1240 quaestionem
1095 1210 1127 1235 30
1139 1203 1206 1230 bene
1227 1204 1366 1232 ardebunt.
1456 1210 1475 1242 Ἴ
1489 1207 1544 1239 zEJ

45 1244 117 1268 etiam
126 1242 214 1268 Sextus
228 1242 318 1276 Empir.
338 1241 404 1275 Hyp.
418 1248 428 1265 i
437 1259 445 1272 ,
467 1248 501 1272 33.
621 1239 641 1275 “ff
654 1244 670 1266 ‘2
683 1241 720 1266 De
735 1240 897 1267 Academicis
905 1247 928 1266 et
943 1240 1085 1267 Academia

44 1288 58 1304 a
78 1284 122 1303 unt
147 1276 283 1303 Ciceronis
304 1274 475 1309 Quaestiones
499 1275 675 1302 Acadeniicac.
733 1277 772 1302 De
791 1277 832 1302 his
858 1276 908 1312 ipse
934 1278 985 1302 Att.
1002 1285 1036 1309 13,
1056 1285 1085 1309 19

45 1315 67 1340 A
89 1312 173 1345 solui,
202 1312 287 1338 nescio
304 1320 382 1346 quam
396 1310 477 1344 bene,
507 1311 550 1337 sed
568 1312 605 1337 ita
618 1316 750 1343 accurate,
778 1318 808 1339 vt
821 1312 891 1338 nihil
904 1313 984 1346 posset
999 1313 1086 1347 supra,

45 1357 151 1382 omnem
160 1347 338 1374 Academicam
354 1347 531 1382 quaestionem
540 1347 617 1373 libris
624 1354 747 1381 quatuor,
755 1353 802 1373 etc.
830 1348 923 1374 Ibidem
932 1356 1006 1374 vocat
1014 1350 1085 1374 Haec

1139 881 1303 915 acanthinis,
1322 886 1340 909 i.
1356 884 1462 918 Splneis.
1517 883 1612 910 caules
1633 883 1767 910 acanthini
1792 885 1922 911 Columel.
1937 893 1965 918 9,
1980 895 1998 919 4
2016 886 2104 921 apibus
2115 890 2194 923 grati.

1139 917 1224 943 Vestis
1238 919 1377 945 acanthina
1393 919 1481 945 isidor.
1498 927 1534 954 17,
1544 936 1548 939 -
1560 922 1578 945 i.
1594 919 1628 945 ad
1638 920 1734 946 modum
1750 921 1853 946 acanthi
1865 928 1963 947 ornata.

1176 960 1198 980 A
1207 961 1223 981 C
1232 962 1254 981 A
1263 962 1285 981 N
1294 962 1315 981 T
1324 962 1345 981 H
1357 963 1375 981 Y
1384 963 1399 981 L
1410 962 1425 981 L
1435 963 1443 981 1
1454 962 1466 981 s
1474 975 1482 988 ,
1506 959 1576 986 anzir,
1604 965 1676 991 quam
1695 955 1784 982 Plinio
1800 965 1837 989 10,
1845 965 1872 989 33
1888 957 1904 982 s.
1915 965 1946 989 50
1992 954 2104 990 restituit
2130 958 2197 984 Har·

1137 987 1244 1022 duinus,
1262 1000 1315 1017 cum
1329 992 1449 1027 legeretur
1462 999 1534 1017 antea
1549 991 1681 1026 Argatilis.
1718 989 1760 1025 Est
1773 994 1836 1018 enim
1845 992 1996 1024 Aristoteli,
2013 992 2176 1019 α’κοινθυλλίς.

1176 1032 1355 1059 ACAPNA,
1381 1026 1514 1060 [ἄκαπνα]
1537 1026 1608 1061 ligna
1622 1028 1649 1052 dt
1668 1027 1754 1063 quibus
1768 1027 1864 1055 lemma
1889 1028 2005 1054 Mai-tial.
2017 1037 2091 1061 v3,i5,
2120 1038 2146 1054 ea
2159 1032 2196 1055 υἱ-

1138 1057 1230 1087 dentur
1243 1061 1300 1095 qffi’,
1339 1072 1380 1088 uae
1395 1062 1454 1096 le.
1468 1063 1585 1088 dicuntur
1599 1063 1669 1097 ligna
1685 1063 1776 1096 ceeia,
1795 1072 1827 1089 ne
1839 1064 1944 1090 fumum
1960 1064 2070 1090 faciant:
2096 1064 2147 1090 uid.
2163 1065 2195 1091 de

1140 1095 1202 1130 Leg.
1217 1105 1238 1129 3.
1252 1098 1268 1123 1.
1281 1106 1307 1130 53
1338 1098 1398 1131 igna
1411 1107 1434 1123 et
1449 1098 1465 1124 l.
1475 1100 1518 1132 167
1534 1098 1565 1124 de
1587 1100 1618 1124 V.
1640 1099 1662 1125 S.
1717 1101 1754 1125 De
1767 1101 1848 1136 lignis
1860 1101 1978 1126 eiusmodi
1997 1101 2064 1126 Cato
2079 1099 2109 1126 de
2124 1101 2154 1126 R.
2164 1101 2195 1126 R.

1138 1140 1160 1157 c.
1176 1141 1228 1164 130.
1270 1133 1418 1160 Codicillos
1429 1134 1581 1168 oleagintm,
1613 1141 1638 1160 et
1652 1142 1753 1161 caetera
1765 1134 1837 1169 ligna
1856 1144 1962 1161 amurca
1980 1136 2059 1161 cruda
2079 1136 2195 1170 persper-

1139 1168 1212 1201 gito,
1239 1175 1265 1195 et
1287 1170 1315 1195 in
1329 1170 1382 1195 sole
1398 1170 1506 1204 ponito:
1541 1169 1682 1231 pcrbibant
1698 1170 1777 1197 benc:
1803 1172 1839 1197 ita
1853 1180 1939 1206 neque
1947 1172 2050 1197 fumosa
2064 1178 2150 1204 erunt,
2171 1178 2197 1198 ct

1564 1210 1763 1243 ctmcut‘sgenus,
1783 1207 1848 1243 quod
1861 1209 1941 1233 cadem
1954 1211 2052 1233 ratione
2072 1211 2197 1242 Acapnon

1145 1239 1247 1267 Plinius
1267 1241 1379 1276 appellat
1405 1250 1434 1274 u,
1452 1243 1479 1268 16
1497 1242 1514 1267 s.
1532 1250 1553 1274 ¹5
1577 1245 1605 1267 it.
1621 1251 1660 1275 23,
1672 1252 1692 1275 4
1706 1243 1723 1268 s.
1737 1251 1781 1275 40.
1807 1242 1875 1269 Adai.
1893 1243 2009 1277 Apul.de
2022 1242 2105 1269 Herb.
2119 1253 2140 1270 c.
2155 1252 2195 1276 30.

1177 1282 1198 1302 A
1207 1283 1223 1303 C
1233 1284 1253 1303 A
1262 1284 1281 1303 R
1290 1285 1341 1304 NA
1350 1285 1372 1304 Ν
1382 1284 1391 1304 1
1402 1285 1423 1304 A
1431 1297 1440 1309 ,
1474 1276 1652 1312 [Ἀκαρνάνωι]
1672 1280 1745 1314 Regio
1761 1285 1784 1304 et
1793 1287 1858 1313 pars
1872 1280 1957 1314 Epiri,
1982 1289 2053 1315 quam
2074 1280 2197 1306 Achelous

1142 1315 1224 1337 amm‘s
1237 1313 1268 1338 ab
1282 1315 1382 1339 Aetolia
1389 1314 1509 1349 fiparat,
1530 1320 1607 1349 merja
1623 1313 1766 1348 medio-sinu
1778 1315 1922 1342 Ambracio.
1965 1315 2021 1341 Vzd.
2029 1315 2095 1341 Plin.
2103 1325 2131 1349 4,
2143 1326 2158 1341 ε.

1180 1353 1403 1380 ΑΕΑΚΝΑΝ,
1429 1349 1493 1374 anis.
1537 1348 1693 1383 [Ἄκαᾊναν]
1720 1350 1800 1376 Ouid.
1821 1350 1885 1377 Met.
1907 1356 1937 1383 8,
1954 1352 2001 1383 569
2034 1351 2063 1376 de
2088 1352 2196 1378 Acheloo

46 1384 207 1412 Academica.
224 1384 263 1411 Sic
274 1383 359 1415 0112,
373 1388 386 1413 8
400 1392 420 1409 c.
438 1392 454 1411 2
474 1384 545 1409 Haec
558 1382 683 1418 explicata
697 1383 754 1409 sunt
767 1383 794 1409 in
803 1384 966 1411 Academicis
979 1384 1084 1411 nostris.
1099 1392 1127 1418 35
1142 1383 1235 1409 Amnis
1250 1385 1415 1410 Acarnanum
1427 1383 1584 1410 laetissimus.
1605 1386 1678 1419 Virg.
1693 1388 1756 1411 Aen.
1772 1391 1851 1419 5,298
1889 1388 1966 1413 Hunc
1981 1386 2063 1413 Salius
2077 1386 2150 1413 liniul
2170 1392 2195 1413 et

82 1427 102 1447 A
110 1427 127 1447 C
136 1427 157 1447 A
166 1426 183 1446 E
192 1427 211 1447 N
220 1427 230 1446 1
239 1427 260 1447 T
269 1426 290 1445 v
299 1427 311 1446 s
321 1439 329 1452 ,
346 1419 363 1446 i.
376 1428 410 1445 m.
426 1421 623 1454 interpretantur
629 1418 802 1453 virgatorein,
815 1421 863 1454 qui
871 1419 993 1447 baculum
1007 1421 1087 1454 gerit,

46 1450 144 1482 ἕκαιναν
166 1459 229 1481 enim
247 1453 290 1488 effi,
309 1458 374 1481 inter
391 1456 443 1481 alia
466 1455 568 1489 virgam
587 1455 760 1490 pastoriciam.
818 1458 910 1491 Nempe
927 1457 983 1483 qu.
999 1464 1026 1490 7,
1042 1462 1086 1486 218

46 1493 138 1528 legunt,
157 1491 284 1525 Discipuli
297 1491 379 1516 custos
398 1490 571 1524 praemordet.
610 1491 747 1518 Acacnitus
765 1492 826 1526 ipse.
866 1491 913 1519 Sed
926 1495 1041 1528 praeylat
1055 1495 1087 1519 te-

43 1536 100 1564 gere
111 1535 164 1552 cum
177 1526 289 1562 Rigaltio
303 1527 520 1552 Acoenonoetum
536 1526 697 1562 α’κοινογόητον,
715 1528 801 1554 sensus
822 1529 972 1555 communis
992 1537 1085 1564 exper-

41 1568 103 1589 tem.
136 1561 179 1586 vbi
202 1560 256 1586 vae'd.

77 1603 99 1624 A
107 1601 124 1623 C
131 1602 153 1622 A
161 1603 177 1622 L
186 1603 204 1622 Υ
213 1602 251 1622 ΡΗ
261 1602 277 1622 E
284 1615 293 1628 ,
316 1595 362 1623 Gr.
375 1595 503 1630 οἶκαλῦφη.
518 1597 612 1631 Vnica,
622 1597 697 1625 herba
709 1605 733 1624 ct
746 1598 878 1634 ξωᾶφυτον,
897 1601 988 1627 Latine
1004 1600 1088 1637 scribi

41 1631 136 1659 dicitur
147 1630 213 1667 apud
224 1632 343 1658 Macrum
354 1640 381 1665 2,
393 1641 417 1658 2.
454 1634 544 1659 Graece
555 1635 649 1670 legitur
666 1635 733 1661 Gell.
746 1645 774 1668 4,
789 1644 819 1662 ιι.

79 1675 99 1695 A
109 1673 299 1694 CALANTH
310 1675 357 1700 is,
384 1668 445 1694 idis.
463 1668 482 1694 f.
502 1669 627 1704 [iambis]
653 1673 722 1697 Auis
735 1672 783 1704 est,
811 1671 840 1697 de
853 1681 902 1707 qua
912 1671 952 1706 fic
974 1671 1086 1704 Probus,

42 1702 189 1730 Acalanthis
201 1711 231 1729 ea
244 1703 290 1736 est,
311 1712 378 1738 quae
392 1704 490 1730 Graece
502 1704 603 1731 dxxv-&1¹5
614 1705 685 1734 dicia
699 1706 749 1733 est:
775 1708 869 1734 Latine
890 1707 1028 1735 carduelis
1037 1728 1044 1740 ‚
1072 1716 1086 1734 a

42 1739 156 1767 Carduo.
193 1740 261 1766 Haec
269 1739 369 1771 Probus
376 1739 411 1765 ad
423 1740 497 1774 Vix-g.
510 1741 608 1776 Georg.
621 1750 643 1774 3,
653 1748 694 1775 338
714 1759 724 1764 -
743 1759 753 1765 -
773 1759 783 1765 -
803 1744 927 1770 resonant
936 1744 1123 1778 Acalanthi-43

41 1775 74 1804 da
87 1774 174 1802 dumi!
212 1776 252 1802 Sic
262 1777 354 1812 legitur
366 1778 394 1802 in
412 1778 522 1803 omnibus
540 1781 654 1814 antiquis
671 1778 811 1811 codicibus,
828 1779 887 1813 teste
907 1782 1000 1812 Pierio,
1020 1790 1085 1812 non,

40 1811 71 1840 Et
94 1810 238 1838 acanthida.

76 1854 97 1874 A
105 1853 122 1874 C
131 1853 151 1873 A
162 1853 187 1873 M
195 1854 217 1873 A
226 1853 248 1873 N
255 1853 276 1873 Τ
285 1854 294 1873 1
302 1854 330 1880 S,
357 1846 545 1882 [Ἀκαμαντὶς]
573 1849 644 1876 [nter
657 1849 736 1884 Cypri
750 1851 848 1886 Insulae
860 1854 966 1885 antiqua
978 1854 1087 1880 nomina,

33 1883 143 1922 sorteab
157 1884 294 1910 Acamante
297 1887 476 1918 promontorio,
483 1882 535 1917 fito
548 1883 583 1909 ad
589 1884 706 1919 occasum.
719 1885 777 1910 Vici.
791 1885 858 1911 Plin.
872 1893 895 1917 5,
909 1893 934 1916 31
947 1886 964 1910 s.
978 1892 1014 1916 35.

1142 1419 1252 1446 Patron:
1274 1429 1389 1455 quorum
1404 1420 1470 1446 alter
1488 1422 1621 1453 Acarnan,
1639 1422 1711 1447 Alter
1726 1421 1758 1447 ab
1774 1421 1885 1448 Arcadia
1899 1423 2008 1456 Tegeae
2024 1423 2056 1448 de
2068 1423 2195 1456 sanguine

1141 1456 1235 1489 gentis.
1261 1455 1439 1488 Vm‘seruius,
1466 1456 1631 1486 Acarnana!
1643 1461 1671 1489 esi
1696 1457 1813 1491 Epirota.
1836 1460 1983 1484 Acarnania
2000 1467 2071 1483 enini
2086 1458 2121 1484 est
2136 1467 2194 1492 pars

1141 1491 1226 1525 Epiri.
1333 1493 1354 1555 ἓ
1369 1501 1385 1518 2
1400 1491 1440 1524 Est
1454 1499 1477 1517 ct
1494 1494 1626 1524 Acarnan,
1655 1493 1698 1518 scu
1719 1497 1765 1524 (vt
1778 1493 1825 1518 alii
1839 1493 1946 1528 legunt)
1969 1495 2097 1526 Acamas,
2119 1502 2195 1520 mons

1141 1528 1244 1553 Atticae
1257 1527 1336 1554 admo
1356 1537 1401 1554 um
1415 1527 1556 1562 lapidosus.
1587 1528 1644 1554 Sen.
1660 1529 1688 1554 in
1708 1528 1816 1563 Hippol.
1830 1537 1863 1556 22.
1900 1529 2025 1556 Subditus
2039 1530 2132 1556 austris
2147 1530 2194 1557 fri-

1090 1575 1128 1600 40
1142 1571 1207 1598 gora
1221 1563 1318 1590 mollit.
1372 1564 1459 1590 Durus
1474 1567 1593 1590 Acamas.
1610 1567 1642 1590 al.
1659 1563 1802 1591 Acharnan.

1182 1606 1204 1626 A
1213 1606 1230 1627 C
1238 1606 1261 1627 A
1269 1606 1288 1626 R
1297 1607 1319 1626 N
1327 1606 1343 1626 E
1354 1619 1362 1631 ,
1377 1599 1510 1633 ['Anu'‚>m]
1527 1600 1651 1635 Oppidum
1663 1600 1819 1636 Magnesiae,
1838 1603 1951 1637 regionis
1962 1599 2107 1634 Theslicliaffl
2130 1601 2195 1629 Plin.

1141 1644 1169 1668 4,
1183 1644 1209 1668 9.
1333 1636 1353 1673 “j
1369 1644 1384 1661 2
1406 1634 1533 1669 Estctiam
1554 1638 1667 1668 Acar-ne,
1694 1638 1776 1672 Piscis
1795 1639 1887 1662 marini
1904 1646 1996 1673 genus,
2025 1637 2087 1664 teste
2102 1638 2197 1666 eodem

1141 1671 1208 1698 Plin.
1223 1679 1263 1703 32,
1281 1679 1309 1697 ιι.
1347 1671 1435 1698 Eadem
1448 1679 1552 1698 vocatur
1565 1675 1638 1698 etiam
1662 1672 1787 1699 Acharne.

1176 1713 1225 1734 AC
1234 1715 1256 1734 A
1266 1714 1285 1733 R
1295 1713 1314 1734 O
1324 1714 1355 1733 N.
1375 1707 1491 1742 [damph]
1511 1709 1615 1740 Myrtus
1629 1707 1768 1740 syluestris.
1785 1708 1850 1735 Plin.
1874 1717 1909 1741 15,
1923 1717 1948 1743 7.

1179 1749 1201 1769 A
1213 1749 1229 1769 C
1241 1749 1262 1768 A
1274 1750 1296 1769 T
1305 1750 1325 1769 A
1336 1750 1352 1768 L
1361 1750 1378 1769 E
1386 1750 1403 1769 C
1412 1751 1433 1769 T
1443 1751 1453 1768 1
1462 1749 1478 1768 c
1487 1751 1507 1767 v
1517 1750 1530 1768 s
1538 1762 1547 1774 ,
1570 1743 1761 1774 [ἰκατοίληκτος
1772 1748 1781 1776 ]
1816 1745 1911 1770 Versus
1932 1744 2118 1771 Grammaticis
2132 1744 2197 1772 dici·

1142 1784 1202 1812 tur,
1219 1778 1264 1804 cui
1276 1777 1346 1804 nihil
1360 1777 1446 1808 deest,
1463 1776 1532 1802 nihil
1546 1777 1669 1802 abundat.
1706 1779 1777 1803 Huic
1790 1780 1937 1811 opponitur
1949 1780 2139 1812 Cataiec'iicus,
2153 1781 2196 1808 cui

1140 1823 1192 1840 vna
1207 1813 1277 1839 deest
1292 1811 1397 1843 syllaba.
1440 1811 1497 1836 Viri.
1510 1811 1632 1836 Priscian.
1647 1811 1735 1837 Partit.
1752 1814 1824 1838 Vers.
1842 1822 1866 1847 p.
1878 1816 1940 1839 1216.
1953 1814 2096 1847 Diomed.3
2112 1825 2134 1847 ρ.
2144 1824 2195 1848 30¹·

1176 1855 1197 1873 A
1208 1854 1225 1873 c
1235 1854 1258 1873 A
1266 1853 1318 1872 TA
1327 1853 1342 1872 L
1351 1853 1367 1872 E
1376 1853 1391 1872 P
1401 1853 1413 1872 s
1424 1853 1434 1872 1
1446 1853 1466 1871 A
1476 1866 1485 1878 ‚
1504 1854 1541 1872 ae.
1574 1845 1772 1880 [ἰκαταληφία]
1804 1857 1827 1883 q.
1848 1849 1871 1874 d.
1893 1849 2196 1884 Incomprehcnlzoilitas

1139 1888 1246 1907 vocatur
1265 1881 1296 1907 ab
1313 1881 1470 1908 Academicis
1484 1883 1594 1915 philost}
1601 1882 1641 1906 his
1659 1882 1702 1907 illa
1722 1885 1813 1907 mentis
1831 1882 1927 1914 nostrae
1945 1888 2115 1914 initae-ciuitas,
2149 1895 2197 1920 qua

75 1925 149 1946 ACA
159 1925 253 1951 MAS,
277 1918 353 1945 antis.
399 1919 505 1944 Vulcani
523 1916 694 1960 miritjl'trorum
713 1928 778 1953 onus
795 1918 863 1954 apud
875 1919 932 1945 Val.
953 1920 1051 1952 Argon.
1065 1926 1085 1950 i,
1099 1922 1131 1946 50
1139 1915 1480 1950 comprehendiquidquam
1494 1916 1523 1940 ab
1537 1924 1563 1940 ea
1575 1914 1640 1948 prm&
1654 1925 1753 1951 rugam.
1797 1917 1853 1942 Vicl.
1869 1927 1892 1943 υ,
1906 1926 1930 1952 g.
1968 1919 2024 1943 Cic.
2037 1922 2086 1944 Att.
2107 1928 2177 1952 3,19.

38 1959 91 1989 583,
110 1953 213 1986 οἷκοίμας
225 1963 248 1989 q.
262 1954 286 1979 d.
307 1953 456 1984 indefessus,
473 1951 540 1984 παραὶ
552 1953 584 1977 r}
596 1963 633 1984 μη
647 1952 753 1984 κάμνειν,

74 1996 179 2017 ACAN
189 1995 248 2021 ΘΝ,
265 1988 372 2020 [ἄκανον]
385 1987 493 2022 quidam
506 1987 622 2021 Eryngio
635 1987 795 2018 adscribunt,
809 1987 948 2018 spinosam,
961 1985 1083 2010 breuem-

40 2033 91 2062 que
103 2033 131 2051 ac
145 2024 224 2050 latam
236 2022 345 2050 herbam
359 2023 492 2057 spinisque
504 2022 644 2046 latioribus
656 2021 713 2044 Plin
734 2028 777 2051 22,
790 2028 806 2051 9
821 2020 838 2044 s.
851 2027 887 2044 ιο.
934 2054 940 2058 .

76 2065 311 2087 ACANTi-iicE
336 2061 556 2086 MASTICHE,
595 2053 733 2085 [ἅκανθικῆ
751 2055 871 2087 μασίχη]
902 2054 968 2081 Plin.
987 2056 1082 2087 21,16

1177 1957 1227 1976 Arc
1240 1956 1262 1974 A
1274 1957 1296 1975 T
1306 1958 1321 1974 μ
1337 1956 1354 1974 L
1364 1956 1381 1975 E
1391 1955 1435 1974 ΡΤ
1444 1955 1463 1974 o
1472 1955 1511 1988 N,
1532 1948 1745 1984 [οέκαταέληπταν]
1770 1952 1852 1984 Qiod
1868 1953 2058 1987 comprehendi
2072 1964 2127 1981 non
2136 1962 2193 1990 pot-

1137 1983 1181 2009 est.
1218 1983 1259 2009 Sic
1273 1984 1463 2018 interpretatur
1477 1984 1532 2010 Cic.
1548 1984 1624 2011 Acad.
1640 1995 1668 2018 4,
1684 1991 1708 2015 18
1723 1995 1743 2012 c.
1758 1989 1783 2012 6.
1845 1989 1983 2015 Haeretici
2001 1998 2112 2017 aeonem
2133 2001 2194 2019 con-

1136 2018 1279 2045 stituerunt
1294 2019 1458 2054 acatalepton
1471 2019 1590 2046 Tertull.
1605 2020 1662 2047 adu.
1679 2022 1779 2049 Valent.
1796 2032 1816 2049 c.
1831 2032 1867 2056 35.

1174 2061 1196 2081 A
1204 2061 1221 2081 C
1229 2061 1252 2081 A
1260 2061 1281 2082 T
1290 2061 1300 2081 1
1308 2062 1330 2081 V
1339 2062 1363 2081 M
1372 2075 1380 2087 ‚
1400 2056 1429 2081 ii.
1462 2055 1599 2090 [dud-rm]
1639 2059 1747 2094 Nauigl'i
1766 2068 1843 2095 genus
1864 2057 1983 2086 acharii.
2039 2061 2104 2088 Plin.
2122 2071 2148 2096 9,
2162 2071 2195 2096 30

41 2095 156 2125 Helxine
166 2101 225 2120 rara
239 2093 296 2118 visu
308 2091 359 2123 est,
379 2098 464 2125 neque
478 2090 507 2115 in
519 2088 644 2115 omnibus
659 2089 736 2115 terris
749 2089 794 2121 est,
813 2089 901 2116 radice
917 2090 1029 2123 foliosa,
1050 2099 1081 2116 ex
1095 2096 1123 2123 55
1138 2089 1274 2117 concham
1287 2091 1336 2116 effe
1349 2091 1428 2117 acatii
1442 2091 1524 2118 modo
1541 2092 1699 2127 carinatam,
1718 2095 1815 2121 inflexa
1829 2104 1915 2130 puppe
1925 2116 1933 2129 ,
1964 2105 2043 2132 prora
2057 2098 2178 2126 rostrata.

39 2137 90 2164 qua
107 2127 193 2156 media
213 2126 296 2153 veluti
315 2125 414 2152 malum
434 2124 585 2157 extuberat,
611 2125 761 2152 contectum
776 2126 820 2152 sua
835 2125 938 2153 fronde.
992 2127 1080 2153 Huius

36 2170 127 2191 vertex
142 2163 255 2190 summus
268 2161 409 2195 lacrymam
422 2161 541 2188 continet
552 2160 663 2187 iucundi
681 2162 791 2197 saporis,
813 2161 973 2189 Acanthicen
993 2162 1079 2190 masti-

35 2199 101 2229 chen
113 2198 275 2235 appellatam.

73 2239 365 2265 ACANTi-HLLIS,
391 2231 451 2259 idis.
488 2233 631 2268 Asparagus
650 2232 756 2268 agrestis
772 2234 849 2269 Apul.
864 2233 895 2260 de
908 2234 991 2263 Herb.
1007 2240 1078 2268 084·

72 2275 328 2301 ACANTHioN,
345 2268 398 2295 flue
413 2275 702 2302 ASCANTHIVM,
726 2270 756 2296 ii.
783 2269 920 2304 [οἰκάνθων]
945 2270 1010 2297 Plin.
1030 2273 1124 2304 24,60

38 2315 65 2335 12
77 2307 94 2334 s.
108 2309 143 2334 66
162 2306 255 2341 Spinae
267 2304 341 2332 albae
353 2321 396 2325 ——
409 2304 500 2331 fimilis
515 2304 551 2331 est
563 2305 636 2340 spina
648 2305 703 2338 illa,
723 2315 801 2341 quam
822 2306 917 2332 Graeci
936 2306 1079 2333 acanthion

38 2349 142 2376 vocant,
161 2341 310 2369 minoribus
323 2340 407 2368 multo
419 2340 503 2373 foliis,
523 2342 646 2368 aculeatis
660 2350 707 2377 per
721 2342 909 2373 extremitates
929 2349 955 2369 et
969 2351 1077 2370 araneo-

39 2380 66 2407 sa
78 2379 199 2413 lanugine
212 2377 348 2404 obducitis:
367 2385 418 2413 qua
430 2376 538 2403 collec‘ia
557 2378 638 2404 ctiam
656 2377 738 2405 vestes
779 2378 887 2404 uaedam
908 2378 1078 2411 bombycinis

41 2414 136 2442 similes
151 2413 217 2441 liunt
230 2414 258 2440 in
272 2413 390 2440 Oriente.
446 2412 595 2440 Acanthion
610 2417 677 2440 verti
691 2388 776 2449 pouq}
787 2416 876 2441 Latine
889 2414 1004 2450 Spinula.

1174 2132 1195 2152 A
1206 2133 1222 2153 c
1233 2134 1253 2152 A
1266 2133 1288 2153 V
1296 2133 1309 2153 s
1318 2134 1339 2154 T
1348 2134 1369 2154 v
1378 2134 1390 2154 s
1399 2147 1408 2160 ,
1435 2127 1453 2153 i.
1462 2136 1497 2153 in.
1506 2130 1571 2163 lapis
1579 2132 1714 2165 prettrjus.
1731 2130 1895 2158 Carbunculi
1903 2152 1911 2165 ,
1935 2141 1995 2159 cum
2011 2133 2057 2168 ipfi
2072 2143 2127 2161 non
2138 2135 2193 2162 sen-

1135 2162 1203 2189 tiant
1217 2162 1306 2198 ignes,
1325 2162 1361 2189 ob
1376 2163 1403 2190 id
1417 2171 1431 2189 a
1445 2163 1605 2198 quibusdam
1619 2166 1716 2192 acausti
1729 2167 1854 2201 appellati
1868 2169 1933 2194 Plin.
1944 2176 1985 2203 37,
1999 2177 2024 2203 7.

1174 2206 1196 2225 A
1205 2204 1223 2225 c
1237 2205 1257 2225 A
1270 2205 1292 2225 T
1301 2206 1321 2225 v
1330 2206 1342 2226 s
1351 2219 1360 2232 ‚
1379 2199 1398 2225 i.
1410 2199 1502 2227 itidem
1515 2200 1581 2236 quod
1592 2203 1726 2234 Acatium,
1747 2203 1867 2231 Tertull.
1882 2204 1942 2231 adu.
1955 2205 2068 2239 Mares,
2085 2214 2104 2233 1.
2144 2206 2194 2235 Vbi

1134 2234 1204 2272 cons.
1218 2235 1239 2261 le
1260 2235 1358 2262 Prieur.

1556 2309 1776 2350 ACC

1170 2391 1193 2411 A
1202 2391 1242 2412 cc
1250 2391 1270 2412 A
1291 2392 1307 2411 L
1319 2390 1339 2411 Α
1349 2392 1371 2412 ν
1380 2392 1400 2412 R
1407 2391 1425 2412 E
1434 2392 1458 2412 Ν
1465 2392 1487 2413 Τ
1496 2393 1507 2413 1
1516 2393 1537 2412 A
1546 2406 1556 2420 ‚
1587 2388 1628 2414 vel
1642 2387 1767 2415 Larentia
1795 2386 1896 2420 ['‘Anm:
1915 2391 2049 2425 λαρυτῖοι]
2081 2390 2193 2426 Faustuli

1127 2418 1242 2455 pastoris
1254 2429 1334 2452 vxor,
1360 2430 1420 2457 quae
1434 2423 1562 2449 Romulum
1581 2430 1605 2449 et
1620 2425 1719 2450 Remum
1733 2421 1841 2450 lac-lauit
1861 2433 1935 2461 atque
1947 2428 2020 2453 aluit.
2075 2427 2147 2455 Seru.
2162 2429 2192 2456 in

76 2457 150 2477 ACA
160 2457 181 2476 N
191 2457 298 2482 Tffls,
318 2449 377 2475 idis.
397 2448 415 2475 f.
429 2447 552 2483 [dm-“liri
571 2451 638 2476 Auis
649 2452 760 2476 minima·
797 2450 836 2477 De
849 2459 901 2484 qua
916 2450 1034 2477 ficSeru-
1049 2451 1079 2477 in
1087 2448 1119 2481 65
1135 2457 1210 2491 virg.
1225 2457 1290 2482 Aen.
1305 2465 1394 2492 ¹2277·
1432 2457 1557 2485 Larentia
1563 2458 1714 2494 simpliciter
1731 2468 1835 2486 vacatur
1855 2461 1915 2487 Lm.
1932 2470 1951 2492 1,
1963 2471 1989 2494 4.
2010 2464 2078 2489 Hinc

40 2486 114 2522 Virg.
128 2486 223 2520 Gdorg.
236 2494 260 2518 3,
275 2490 317 2518 338
343 2484 479 2517 Acanthis,
504 2494 583 2521 quam
602 2485 651 2519 alii
670 2486 820 2512 Lusciniam
834 2487 881 2512 elle
901 2486 1012 2520 volunt,
1031 2487 1079 2513 alii

41 2531 107 2549 vero
120 2521 274 2550 Carduelem
282 2541 291 2554 ,
334 2529 381 2548 uae
395 2521 475 2555 spinis
488 2528 514 2548 et
525 2521 627 2548 carduis
641 2522 768 2557 pascitur:
798 2528 826 2548 vt
839 2521 900 2549 inde
915 2522 995 2549 etiam
1010 2522 1078 2557 apud

43 2559 156 2584 Graecos
167 2556 267 2582 ἐκανθίς
281 2531 352 2583 digia
365 2556 410 2589 fit,
427 2556 473 2582 u’ml
492 2559 537 2583 τῶν
549 2557 667 2590 ἀκανθῶν,
688 2560 705 2584 ι’.
724 2558 821 2593 Spinis,
840 2558 936 2592 quibus
956 2559 1078 2593 pascitur.

44 2591 109 2619 Plin.
128 2600 172 2624 ιτ),
191 2599 227 2625 74
246 2591 264 2616 s.
279 2599 310 2623 95
345 2592 376 2618 Et
394 2592 509 2619 acanthis
530 2593 559 2619 in
577 2593 657 2627 spinis
675 2594 755 2627 viuit‚
775 2593 875 2620 idcirco
888 2594 971 2621 asinos
985 2600 1010 2621 et
1023 2595 1079 2630 ipsa

44 2627 111 2660 odit,
130 2627 206 2653 flores
219 2626 306 2660 spinae
319 2625 481 2653 denotantes.
516 2627 555 2654 Id.
568 2636 607 2661 io,
622 2631 652 2662 63
668 2630 684 2655 s.
698 2635 725 2662 83
746 2630 867 2656 Acanthis
880 2630 1017 2657 duodenos
1035 2640 1078 2666 pa-

43 2664 88 2696 rit,
101 2663 158 2689 auis
176 2663 294 2688 minima.
329 2662 453 2697 Calpurn.
467 2662 519 2689 Ecl.
530 2666 556 2696 6,
570 2671 587 2699 7
620 2665 699 2692 Astilc
718 2665 845 2692 credibile
866 2665 919 2693 cst?
941 2672 971 2693 vt
990 2667 1079 2694 vincat

41 2696 177 2727 acanthida
191 2697 309 2730 Cornix,
344 2698 468 2725 Vocalcm
481 2700 583 2734 superet
595 2700 613 2727 fi
626 2702 710 2737 turpis
723 2702 824 2729 a‘e‘dona
837 2701 919 2728 bub0.
955 2702 1081 2730 Acanthis

41 2737 104 2762 mim
118 2735 209 2761 uocalis
227 2731 260 2767 <st
272 2736 340 2766 auis,
366 2742 390 2761 et
402 2738 428 2761 in
436 2738 532 2770 primis
550 2745 650 2764 canora.
704 2739 798 2765 Cornix
817 2740 955 2774 obstrepere
973 2739 1080 2775 quidem,

29 2769 77 2809 sed
87 2772 184 2796 minime
200 2778 300 2796 canora.

73 2811 119 2833 Ac
128 2812 149 2833 A
158 2813 179 2832 N
188 2812 209 2833 T
220 2812 239 2832 u
248 2813 289 2832 vs
299 2825 308 2838 ‚
327 2805 345 2832 i.
362 2815 397 2833 m.
417 2805 562 2842 [ἄκανθος]
580 2808 645 2835 Plin.
658 2817 701 2843 22,
710 2818 743 2837 22
757 2810 774 2836 s.
783 2819 815 2843 34
851 2808 981 2837 Acanthus
996 2809 1032 2837 est
1039 2815 1079 2838 to·
1089 2816 1122 2845 73

39 2841 124 2878 piar-ia
136 2849 161 2868 et
173 2840 272 2868 vrbana
279 2841 375 2875 herba,
393 2842 462 2869 elato
474 2842 608 2879 longoque
620 2844 690 2872 folio
703 2847 849 2881 crepidines
863 2846 1022 2882 marginum,
1043 2848 1079 2874 as-

40 2878 253 2912 surgentiumque
271 2877 444 2912 puluinorum
467 2885 540 2907 toros
565 2881 685 2908 vestiens.
739 2883 799 2909 Duo
818 2882 920 2917 generis
937 2883 992 2910 eius
1011 2884 1079 2916 sunt,

41 2913 185 2940 aculeatum
198 2919 223 2940 et
235 2913 363 2948 crispum,
384 2914 456 2949 quod
469 2915 594 2950 breuius,
611 2917 722 2944 alterum
737 2919 812 2951 leue,
834 2918 906 2953 quod
920 2918 1004 2954 aliqui
1018 2920 1078 2946 Pae-

42 2948 132 2976 derota
143 2955 253 2982 vocant,
269 2950 315 2976 alii
328 2949 556 2985 Melamphyllum.
600 2954 675 2987 Qaeae
684 2954 801 2981 Acantho
808 2954 946 2991 scriptores
953 2955 1078 2989 tribuunt,

1174 2498 1248 2519 ACC
1259 2499 1306 2518 AL
1318 2500 1327 2519 1
1340 2501 1360 2519 A
1371 2513 1380 2525 ‚
1407 2502 1468 2525 um,
1488 2504 1513 2520 n.
1527 2494 1561 2529 pl.
1586 2495 1679 2522 Feriac
1700 2495 1822 2530 publicae
1842 2496 2036 2531 Laiircntinae,
2077 2499 2100 2525 is
2126 2499 2195 2533 dies,

1133 2536 1212 2563 quem
1228 2527 1337 2562 quidam
1350 2529 1378 2555 in
1392 2529 1535 2557 scribendo
1556 2531 1724 2557 Laurentalia
1739 2532 1884 2566 appellant3
1915 2532 1947 2559 ab
1962 2536 2028 2560 Acca
2048 2534 2192 2563 Laurentia

1132 2564 1301 2596 nominatus,
1323 2565 1366 2591 cui
1380 2565 1530 2592 Sacerdotes
1544 2565 1627 2592 nostri
1639 2568 1745 2601 publice
1759 2574 1897 2602 parentant
1915 2568 1988 2595 sexto
2002 2569 2055 2603 die,
2071 2572 2118 2605 qui
2134 2579 2192 2598 atra

1135 2600 1304 2637 (marg.Scal.
1319 2602 1403 2634 Acca)
1421 2601 1535 2634 dicitur,
1560 2608 1586 2628 et
1600 2602 1690 2628 dicunt
1708 2603 1778 2630 hunc
1792 2603 1863 2630 diem
1877 2604 2025 2632 Tarentini
2043 2610 2119 2633 Accas
2133 2608 2191 2634 Ta-

1088 2635 1125 2664 70
1135 2636 1260 2663 reminas.
1298 2637 1366 2663 Haec
1381 2645 1404 2663 et
1410 2639 1489 2672 plura
1506 2639 1592 2665 Varro
1606 2638 1637 2664 de
1652 2639 1681 2664 L.
1698 2639 1727 2665 L.
1742 2648 1764 2672 5,
1773 2648 1794 2672 3.
1832 2641 1917 2666 Multa
1932 2644 2006 2667 etiam
2027 2642 2094 2669 Gell.
2110 2645 2136 2675 6,
2144 2650 2169 2678 7.

1172 2678 1194 2698 A
1205 2678 1221 2699 C
1230 2678 1247 2699 C
1257 2678 1276 2697 A
1288 2678 1340 2699 NT
1349 2680 1384 2706 0,
1403 2682 1455 2700 are.
1475 2675 1510 2706 [π
1525 2671 1620 2707 οωέδω]
1643 2675 1719 2701 quta
1731 2683 1835 2702 cantare
1854 2676 1915 2702 Stat.
1933 2677 2002 2709 Sylu.
2011 2686 2039 2711 4,
2048 2687 2076 2711 4,
2092 2687 2139 2712 55-
2149 2685 2192 2706 -ct

1135 2708 1225 2742 magni
1238 2708 1348 2735 tumulis
1361 2716 1467 2736 accanto
1482 2709 1610 2744 magistri.

1134 2778 1143 2806 Ι
1172 2750 1302 2806 ACCA6N
1311 2751 1332 2771 T
1341 2751 1363 2772 v
1371 2751 1383 2772 s
1391 2765 1401 2778 ,
1415 2744 1454 2771 sis.
1491 2747 1618 2772 Acccntus
1633 2746 1703 2782 quasi
1717 2752 1836 2774 accantus
1850 2746 1936 2775 di&us
1949 2749 1985 2775 est
1999 2750 2079 2776 Mart.
2097 2749 2188 2786 Capel-

1145 2787 1160 2806 a
1179 2788 1192 2812 3
1240 2799 1246 2805 .
1283 2789 1308 2805 o.

1171 2788 1339 2848 ACxCfiDO,
1356 2815 1394 2849 is,
1413 2814 1454 2849 ffi,
1474 2816 1556 2850 ffum,
1583 2825 1628 2843 ere
1651 2817 1833 2852 [οἷφικνέσμαι,
1857 2821 2038 2855 προσέρχομαι,
2069 2822 2188 2856 μέτειμι.

1133 2850 1264 2887 πρόσειμι]
1286 2860 1315 2878 ex
1329 2852 1370 2879 Ad
1382 2859 1406 2878 et
1419 2852 1493 2879 Cedo
1505 2852 1671 2888 comquitzmn
1692 2853 1728 2880 cst
1736 2858 1841 2890 proprie
1860 2855 1894 2881 ad
1913 2856 2011 2891 aliquid
2022 2859 2130 2891 propius
2148 2866 2188 2882 ve—

1133 2890 1197 2914 nire.
1250 2888 1318 2914 Ter.
1340 2887 1413 2914 Adel.
1426 2897 1455 2922 4,
1468 2897 1497 2922 4,
1516 2897 1546 2922 23
1569 2889 1608 2916 Ad
1624 2889 1681 2916 illas
1695 2890 1751 2923 ibo,
1772 2897 1799 2917 vt
1814 2899 1923 2925 purgem
1938 2900 1995 2917 me:
2019 2892 2138 2918 accedam
2153 2891 2186 2919 ad

1133 2924 1213 2950 fores.
1250 2923 1325 2950 Idem
1336 2923 1443 2951 Phorm.
1457 2933 1479 2958 5,
1496 2927 1522 2958 6,
1535 2933 1570 2961 27
1607 2941 1617 2946 -
1637 2942 1646 2947 -
1666 2942 1675 2947 -
1696 2925 1727 2951 ad
1741 2926 1812 2952 fores
1849 2927 1975 2961 Suspenso
1989 2926 2070 2961 gradu
2083 2927 2186 2962 placide

1134 2960 1175 2987 ire
1182 2959 1302 2994 perrexi:
1323 2960 1424 2987 accessi:
1439 2961 1537 2987 adstiti.
1593 2961 1667 2987 Idcm
1684 2961 1762 2988 Andr.
1776 2970 1796 2994 1,
1811 2970 1830 2994 1,
1845 2969 1886 2995 103
1910 2962 2088 2989 Adflammam
2104 2964 2185 2990 acces-

42 2990 92 3011 tam
104 2984 226 3020 quadrant
238 2985 324 3012 herbae
337 2987 450 3023 vulgari,
468 2997 527 3023 quae
540 2986 703 3025 refertpedes
716 2990 767 3025 eri
778 2993 929 3023 anteriores,
960 2991 1078 3018 Brancha
1089 2999 1121 3026 80
1132 2995 1162 3023 fit
1175 2995 1378 3030 imprudentius.
1418 2997 1475 3023 Cic.
1497 2998 1568 3024 Fam.
1582 3006 1610 3031 4,
1628 3007 1646 3031 4
1673 2997 1703 3023 Et
1719 2996 1751 3024 ad
1766 2998 1903 3024 Caesarem
1924 2998 2029 3033 supplex
2043 2998 2184 3026 accederet.

42 3019 127 3046 vrsina
141 3019 274 3055 appellata,
293 3028 323 3047 vt
334 3022 400 3049 nihil
410 3026 516 3058 amplius
528 3023 688 3052 dubitandum
694 3026 747 3060 stt,
766 3036 816 3052 eam
830 3026 906 3062 ipsam
918 3026 968 3061 effi’.
1009 3029 1078 3055 Folia

41 3055 113 3083 habet
125 3057 282 3093 multo-quam
293 3055 404 3084 lustum
415 3059 521 3091 latiora,
541 3061 700 3098 longioraque
707 3082 714 3094 ‚
733 3071 816 3088 crucae·
823 3062 890 3089 modo
898 3062 987 3100 diuisa.
1009 3065 1077 3090 Nam

41 3092 174 3117 mm'caule
185 3092 222 3124 th
235 3091 333 3119 duorum
359 3094 495 3121 cubitorum
512 3096 660 3129 altitudine,
691 3098 850 3133 crqffitucline
863 3098 952 3136 digiti,
972 3107 1020 3136 per
1039 3103 1077 3126 in-

40 3125 145 3153 terualla
152 3126 200 3162 Jitb
211 3126 288 3162 ipsum
298 3137 374 3164 usque
385 3133 500 3157 verticem
512 3131 617 3168 foliolis
635 3134 778 3169 quibusdam
792 3134 902 3172 oblongis
913 3138 992 3163 veluti
1004 3146 1077 3163 nuca-

1131 3039 1157 3059 et
1169 3032 1198 3058 in
1212 3032 1297 3058 Pison.
1313 3041 1333 3065 1,
1348 3034 1379 3066 63
1403 3032 1469 3060 Non
1482 3032 1591 3060 audebit
1604 3033 1726 3059 accedere
1740 3033 1771 3060 ad
1784 3033 1868 3060 ludos.
1905 3035 1936 3060 Et
1950 3038 2001 3060 Att.
2017 3039 2040 3066 8,
2060 3043 2073 3067 3
2093 3034 2133 3061 Ad
2140 3044 2185 3069 pa-

1131 3068 1199 3096 triae
1213 3068 1320 3095 moeriia
1333 3076 1463 3096 armatum
1478 3069 1608 3096 accedere.
1646 3069 1719 3095 Idem
1740 3070 1815 3096 Verr.
1830 3078 1852 3102 5,
1866 3077 1901 3103 94
1920 3069 2066 3096 Praedones
2079 3071 2184 3098 accede·

1131 3113 1162 3131 re
1175 3104 1306 3139 incipiunt
1318 3105 1352 3131 ad
1371 3106 1513 3138 Syracusas.
1551 3104 1589 3131 Ad
1597 3104 1691 3137 vrbem
1704 3105 1759 3132 Cic.
1775 3107 1846 3132 Fam.
1859 3114 1882 3137 3,
1899 3112 1923 3137 9.
1949 3114 1977 3139 4,
1991 3113 2010 3132 1.
2047 3106 2088 3132 Ad
2099 3108 2183 3134 Hera-

1132 3140 1215 3167 cleam
1237 3142 1312 3167 Verr.
1327 3149 1349 3174 5,
1365 3147 1415 3172 128.
1454 3140 1494 3168 Ad
1509 3141 1643 3176 Aquinum
1658 3141 1724 3167 Phil.
1739 3149 1764 3173 2,
1779 3142 1832 3167 106.
1871 3140 1919 3167 sed
1937 3141 2092 3168 Ariminum
2111 3152 2182 3169 acce-

39 3164 129 3188 mentis
147 3159 249 3195 vestito,
271 3171 301 3188 ex
314 3164 399 3199 quibus
415 3167 537 3194 candidus
545 3168 634 3204 prodit
645 3170 714 3206 flos,
734 3169 828 3206 semine
846 3171 945 3209 oblongo
963 3179 987 3198 et
1003 3174 1076 3205 luteo,
1090 3177 1119 3207 85
1132 3176 1194 3204 dere
1216 3176 1282 3203 Phil.
1297 3185 1334 3210 12,
1349 3185 1387 3210 23.
1439 3178 1539 3204 Ennam
1554 3178 1602 3212 qui
1617 3177 1746 3204 accessistis
1770 3175 1806 3203 Id.
1826 3175 1902 3202 Verr.
1915 3185 1942 3209 4,
1961 3186 2016 3210 109.
2053 3178 2109 3205 Cic.
2129 3180 2182 3205 Att.

39 3199 147 3233 capitulo
168 3196 249 3232 thyrlr'
265 3196 356 3234 figur‘cz.
390 3202 490 3243 .Habet
507 3205 585 3246 plura
600 3205 741 3247 .Ph'l‘²'.³d5''‘
767 3209 794 3232 in
813 3206 899 3234 Viti-u.
911 3217 940 3242 4,
954 3217 964 3236 1
1000 3209 1076 3236 Cuius

32 3233 564 3305 ἷζέαἰέἕιιιεὲῑῖἑξιεᾜῖἔᾙιίἱνζιμζιῖξῦᾎ
572 3241 659 3304 Virgp¹
669 3251 736 3304 Udssls
746 3241 898 3305 gog-ipthia
909 3259 953 3265 —-
965 3244 1075 3308 decessilt.

40 3303 107 3332 lecta
121 3311 150 3332 et
163 3304 305 3340 compofita
319 3306 348 3332 in
360 3293 463 3334 calatho
480 3285 638 3344 pertuliiiozid
650 3286 882 3349 iisioneuineiitdiii?
891 3285 1074 3345 etriiiti‘iiincxssd

1131 3221 1158 3246 ι,
1181 3221 1190 3239 1
1215 3212 1243 3239 Si
1257 3213 1324 3239 muli
1336 3212 1442 3241 barbati
1465 3214 1494 3240 in
1509 3214 1616 3248 piscinis
1630 3213 1696 3245 lint,
1741 3211 1769 3237 ui
1787 3210 1819 3237 ad
1837 3220 1945 3238 manum
1966 3211 2104 3247 accedant,
2129 3214 2181 3241 alia

1129 3254 1218 3276 autem
1231 3249 1372 3284 negligant.
1427 3250 1454 3277 Si
1467 3249 1597 3276 accefi‘erit
1610 3250 1693 3283 Prope
1703 3222 1737 3273 ad
1748 3253 1772 3273 tc
1787 3246 1867 3287 Plaut.
1880 3247 1954 3275 Milit
1968 3258 1997 3282 4,
2010 3251 2036 3281 6,
2051 3257 2086 3283 55.
2124 3251 2180 3277 Cic.

1131 3287 1184 3312 Att.
1212 3294 1240 3319 5,
1261 3287 1290 3312 16
1314 3285 1423 3312 Bibulus
1442 3294 1475 3313 ne
1498 3285 1631 3320 cogitabat
1650 3283 1756 3319 quidem
1781 3289 1861 3309 etiam
1881 3292 1950 3310 nunc
1967 3285 1996 3311 in
2011 3286 2179 3320 prouinciam

1130 3322 1202 3348 suam
1215 3321 1345 3348 accedere.
1383 3322 1476 3349 Eidem
1489 3321 1536 3348 lib.
1545 3330 1572 3356 7,
1585 3331 1602 3354 4
1619 3320 1661 3347 Nc
1674 3325 1733 3345 ante
1747 3319 1775 3345 in
1788 3319 1904 3346 senatum
1918 3320 2077 3353 accederem,
2099 3330 2180 3355 quani

38 3339 196 3374 reuocauit,
225 3348 250 3367 et
267 3342 308 3368 vti
327 3349 356 3368 ea
370 3350 550 3377 permanerent
563 3348 662 3376 diutius
676 3349 723 3376 sub
737 3350 817 3384 diuo,
848 3351 934 3387 tegula
945 3353 1024 3381 texit:
1051 3355 1073 3380 is
1083 3364 1119 3389 90
1129 3366 1186 3384 rem
1200 3358 1374 3384 confecissem.
1411 3358 1485 3384 Idem
1498 3357 1530 3384 de
1543 3356 1633 3391 Legib.
1653 3364 1685 3387 2,
1708 3357 1739 3387 65
1770 3356 1906 3389 Quocirca
1929 3357 2043 3382 Pittacus
2065 3357 2178 3383 omnino

42 3375 155 3404 calathus
168 3377 283 3418 fortuito
297 3377 374 3418 supra
387 3379 491 3420 acanthi
509 3382 622 3411 radicem
636 3386 723 3413 suerat
742 3387 890 3415 collocatus.
960 3390 1073 3416 Interim

41 3411 154 3447 pondere
173 3414 258 3453 prena·
270 3413 358 3454 radice
377 3415 482 3456 acanthi
500 3418 586 3457 media
599 3419 666 3448 folia
685 3429 710 3448 et
723 3422 862 3449 cauliculas
879 3423 947 3452 circa
959 3434 1073 3453 vernum

41 3452 140 3482 tempus
153 3448 288 3483 profudit,
310 3458 385 3477 cuius
398 3451 525 3479 cauliculi.
541 3453 678 3483 secundum
692 3458 788 3485 calathi
800 3459 879 3486 latera
893 3461 1032 3489 crescentes
1047 3468 1073 3489 ct

43 3481 75 3509 ab
87 3484 187 3518 angulis
197 3484 298 3519 tegulae
316 3485 440 3521 ponderis
458 3488 601 3516 neceffitate
619 3494 740 3528 erpi-effi,
769 3496 879 3522 flexuras
891 3495 920 3523 in
942 3504 1072 3525 extremas

44 3523 125 3552 partes
144 3519 294 3547 volutarum
317 3521 404 3549 facere
421 3524 479 3550 sunt
497 3524 591 3551 coacti.
646 3528 723 3556 Tum
741 3530 915 3559 Callimachus
933 3548 978 3554 -—
997 3534 1030 3561 ad
1044 3534 1072 3561 id
1085 3549 1101 3574 9

45 3554 172 3589 exmpleu-
183 3555 316 3598 columnas
329 3558 396 3592 apud
411 3559 567 3587 Corinthios
580 3561 652 3588 fecit.
706 3566 775 3593 Hinc
794 3565 921 3595 Acanthos
939 3569 1073 3605 eleganter

46 3587 150 3631 scalptos
168 3590 252 3632 laudat
269 3593 338 3619 Vitr.
350 3602 376 3627 2,
389 3602 414 3629 7.
481 3595 592 3630 Vestibus
612 3607 703 3634 quoque
710 3602 826 3637 pretiosis
831 3605 941 3640 figuram
946 3606 1073 3642 foliorum

48 3624 146 3659 acanthi
171 3629 382 3655 caernuntexebam.
438 3631 513 3658 Vnde
531 3633 605 3668 Virg.
622 3636 684 3660 Aen.
704 3644 723 3668 1,
734 3638 788 3671 649
823 3639 855 3666 Et
873 3639 1073 3670 circumtextum

46 3666 134 3687 croceo
150 3659 268 3690 velamen
286 3663 404 3692 acantho.
440 3667 481 3694 Sic
499 3667 528 3694 de
540 3671 628 3705 poculo
647 3670 728 3698 Ouid.
743 3673 807 3700 Mct.
817 3683 848 3707 ις,
861 3682 906 3710 7οι
929 3695 936 3702 .
951 3677 1074 3706 Summus

1129 3393 1252 3421 accedere
1273 3402 1435 3429 quemquam
1452 3399 1523 3421 vetat
1543 3394 1570 3419 in
1584 3393 1661 3418 funus
1675 3389 1798 3417 aliorum.
1834 3391 1908 3418 Ideni
1921 3400 1971 3427 pro
1984 3392 2107 3419 Caecinn.
2118 3402 2137 3418 c.
2153 3401 2177 3425 13

1128 3429 1264 3457 Obstitiffe
1277 3439 1309 3456 ne
1323 3430 1353 3456 iri
1367 3429 1441 3457 aedes
1464 3429 1604 3457 accederes.
1649 3426 1722 3453 Idem
1742 3426 1771 3453 in
1783 3427 1868 3454 Pison.
1889 3436 1920 3462 50
1953 3428 2081 3454 Accedere
2096 3428 2123 3454 in
2137 3437 2178 3454 re-

1129 3474 1219 3501 gnum.
1257 3465 1294 3493 Id.
1310 3467 1381 3494 Fam.
1397 3474 1417 3499 1,
1432 3475 1461 3492 10
1483 3467 1514 3492 In
1528 3463 1656 3498 Apuliam.
1708 3462 1745 3489 Id.
1760 3463 1826 3490 Phil.
1841 3472 1878 3490 10.
1898 3472 1922 3496 13
1940 3465 1970 3490 In
1983 3463 2175 3491 Macedoniam.

1131 3501 1187 3529 Cic.
1201 3503 1277 3529 Vei-17⁴
1291 3511 1320 3535 4,
1331 3511 1364 3536 52
1383 3502 1439 3537 Ipse
1453 3503 1481 3528 in
1494 3500 1621 3535 oppidum
1634 3498 1756 3525 accedere
1777 3499 1872 3526 noluit.
1915 3501 1989 3533 Virg.
2004 3501 2067 3525 Aen.
2089 3508 2108 3532 1,
2121 3507 2175 3534 204

1104 3538 1185 3574 3Vos
1206 3543 1230 3564 et
1256 3535 1399 3571 Sc'yllacam
1417 3537 1533 3566 rabiem,
1560 3535 1714 3570 penitusque
1734 3536 1865 3562 sonanteis
1919 3534 2176 3570 Accestisrscopulos:

1135 3574 1185 3600 Vbi
1197 3573 1314 3606 Seruius,
1335 3574 1404 3600 Bene
1417 3574 1454 3600 ait
1472 3570 1590 3604 Accestis,
1609 3579 1663 3597 non
1677 3571 1748 3597 enim
1761 3571 1820 3606 palli
1834 3572 1892 3597 sunt
1905 3569 1968 3596 haec
1985 3569 2111 3605 pericula,
2132 3570 2175 3598 sed

1128 3608 1170 3636 his
1185 3609 1260 3637 fuere
1275 3609 1368 3637 vicini.
1423 3611 1465 3637 Sic
1479 3607 1628 3642 Tarpeium
1643 3606 1764 3634 accedere
1778 3607 1872 3633 collem
1893 3606 1936 3632 Sil.
1952 3608 1978 3638 6,
1991 3608 2054 3640 604.
2069 3606 2122 3633 vid.
2138 3607 2173 3634 N.

1128 3645 1220 3672 Heins.
1231 3645 1264 3673 ad
1277 3646 1302 3672 h.
1317 3645 1335 3672 l.
1372 3644 1426 3680 Ipse
1440 3644 1494 3671 Cic.
1511 3645 1563 3669 Att.
1575 3648 1599 3676 8,
1615 3650 1642 3678 ¹7
1660 3644 1694 3669 Vt
1709 3642 1754 3670 has
1769 3642 1886 3677 legiones
1900 3656 1944 3660 —
1959 3641 2040 3669 hostis
2054 3642 2174 3669 accedere

1128 3680 1210 3716 poffit.
1247 3683 1306 3709 Liu.
1320 3690 1366 3714 24,
1379 3689 1413 3706 20
1436 3677 1548 3706 Annibal
1556 3688 1638 3714 quuni
1658 3681 1851 3714 propemodum
1865 3677 1950 3704 muris
1957 3678 2098 3711 accessisset,
2119 3678 2174 3704 nul-

46 3700 163 3722 inaurato
174 3703 256 3724 crater
263 3705 317 3726 crat
324 3701 397 3736 asper
409 3702 530 3737 acantho,
546 3705 620 3743 szf.
632 3706 722 3734 Mollis
730 3709 862 3737 acanthus.
895 3712 1156 3750 Yirg.Georg.10010
1171 3716 1204 3744 ad
1223 3717 1391 3753 conspectum
1406 3715 1488 3751 primi
1501 3716 1613 3750 agminis
1619 3734 1628 3748 ,
1655 3723 1685 3742 vt
1698 3715 1821 3747 rebatur,
1841 3721 1916 3739 motu
1935 3714 2024 3747 facto,
2047 3715 2128 3741 castra
2142 3713 2174 3740 ab

46 3730 126 3771 ,9123
144 3730 218 3758 rien
238 3733 328 3762 vimen
346 3737 465 3778 acanthi,
488 3743 546 3775 quia
557 3740 605 3778 fi‘0
626 3740 723 3770 abstuli
733 3746 805 3780 flexu
817 3748 845 3772 tn
862 3750 994 3783 topiarium
1012 3759 1072 3786 opus

43 3766 242 3810 intorquebaeiam
258 3777 307 3831 {pa
319 3771 348 3798 de
359 3777 430 3809 causa
443 3774 548 3803 Tortos
559 3787 574 3803 a
588 3778 665 3813 pellat
678 3780 800 3808 acanthos
812 3781 958 3812 Columella
965 3794 994 3813 10
1016 3794 1071 3820 24¹.

44 3799 132 3842 Endera
147 3808 242 3830 ratione
265 3833 273 3845 Ἀ
285 3809 351 3847 citur
385 3810 476 3837 Mollis
494 3819 567 3839 acant
588 3822 627 3847 us,
650 3815 724 3851 Virg.
738 3817 790 3843 Ecl.
816 3825 839 3851 3,
851 3825 884 3852 43
907 3806 1072 3858 defialptura

38 3837 120 3870 poculi
150 3836 181 3863 Et
199 3837 276 3866 Moui
292 3850 390 3871 circum
414 3845 450 3872 est
469 3848 540 3874 ansas
563 3850 696 3885 amplexus
719 3852 839 3880 acantho.
856 3869 860 3873 ι
876 3854 949 3891 Virg.
969 3858 1023 3885 Ecl.
1042 3867 1071 3892 4,

191 3914 273 3937 voi..
296 3911 318 3938 1.

1127 3753 1194 3780 vrbe
1214 3753 1299 3780 ferme
1319 3753 1399 3788 passus
1419 3750 1494 3778 mille
1509 3750 1591 3778 locat:
1629 3751 1781 3778 Tarentum
1795 3749 1886 3776 triduo
1907 3755 2047 3785 antequam
2062 3749 2176 3777 Annibal

1127 3789 1160 3817 ad
1175 3791 1281 3816 moenia
1293 3788 1434 3820 accederet,
1448 3795 1492 3814 etc.
1529 3787 1586 3815 Cic.
1600 3787 1675 3814 Verr.
1691 3795 1713 3819 3,
1727 3794 1765 3819 133
1792 3786 1818 3812 Si
1832 3786 1891 3825 quis
1906 3785 1958 3812 tibi
1971 3787 2004 3813 ad
2025 3794 2115 3812 aurem
2135 3794 2174 3826 ac-

1126 3825 1238 3859 ceffifset,
1256 3832 1283 3852 et
1296 3824 1408 3856 dixiss‘et,
1429 3823 1575 3858 Apronium
1589 3823 1726 3854 diffititare,
1750 3827 1783 3861 te*
1793 3820 1842 3847 fibi
1860 3822 1908 3848 effe
1927 3822 2036 3849 socium.
2080 3820 2127 3848 Sed
2146 3829 2175 3847 m

1127 3861 1215 3888 Vatin.
1228 3870 1246 3895 4
1267 3867 1318 3888 non
1331 3858 1458 3886 Accedere
1471 3859 1504 3886 ad
1516 3868 1591 3886 aures
1604 3859 1653 3892 est,
1668 3858 1716 3894 secl
1732 3857 1848 3883 accidere
1863 3857 1904 3883 ubi
1917 3858 1969 3884 vid.
2008 3855 2048 3884 Ad
2061 3865 2170 3883 manum

40 3879 73 3898 20
99 3871 229 3907 Mistaqut
251 3874 358 3905 Ridenti
375 3880 500 3909 colocasia
517 3884 612 3912 fiindet
635 3888 754 3915 acantho.
807 3896 831 3916 et
850 3889 946 3927 Georg.
973 3902 1007 3928 4,
1029 3902 1119 3934 ¹37¹05
1127 3897 1265 3929 accedere,
1290 3899 1308 3922 i.
1329 3896 1439 3922 Manum
1455 3895 1568 3923 alicuius
1587 3895 1676 3922 osculo
1696 3893 1828 3925 venerari,
1851 3893 1939 3920 dicunt
1951 3891 2100 3930 posterioris
2119 3894 2174 3918 aeui

2090 3925 2173 3954 aufto-
