2474 4182
662 40 894 82 BLA

257 134 339 162 Ouid.
351 134 415 160 Met.
428 143 452 166 2,
465 137 515 166 815.
540 138 565 159 et
585 132 690 159 Petron.
705 138 755 162 ¹41·
826 126 1007 153 Blandiuienta
1024 126 1117 153 aestiui
1136 126 1230 153 caloris
1241 124 1304 152 Pall-

257 172 326 205 Sept.
342 177 379 204 17.
451 168 594 201 Vetfturae,
616 171 634 194 i.
647 165 750 192 vec'hra
765 163 845 189 mollis
858 164 922 196 Veg.
934 163 1046 189 Mulom.
1062 172 1082 195 1,
1094 165 1135 195 56,
1147 171 1187 197 37.
1286 194 1294 199 .

294 212 310 232 Β
325 213 341 232 L
355 213 377 232 Λ
391 212 414 231 Ν
428 212 446 231 D
460 212 469 230 1
487 211 509 231 T
528 212 536 231 1
551 212 572 231 Α
587 224 594 236 ,
621 212 658 229 ae.
697 199 839 234 [κολακιά]
877 199 932 224 Cic.
945 207 993 233 pro
1005 198 1089 225 Planc.
1102 207 1133 231 29
1152 208 1173 224 c.
1189 206 1213 223 12
1233 197 1306 222 Faci-

258 242 292 268 lis
304 241 340 267 est
352 241 399 267 illa
411 240 558 267 occursatio
571 247 596 265 et
609 236 737 264 blanditia
749 235 900 269 popularis,
918 240 963 261 etc.
1007 234 1076 261 Add.
1091 234 1163 260 Idem
1175 232 1207 259 de
1221 230 1307 257 Amic.

257 287 281 304 c.
294 284 322 309 23
344 287 374 303 ex
388 274 446 304 left.
462 278 534 302 Grnt.
554 282 577 301 et
592 275 697 299 Gronou.
747 274 777 296 it.
803 271 839 303 Q
851 270 907 296 Cic.
915 269 946 296 de
958 271 1013 297 Pet.
1025 270 1103 296 Cons.
1121 279 1142 295 c.
1158 277 1190 294 11.
1233 264 1308 301 Conf-
1331 271 1346 297 ς

258 314 377 348 Propert.
393 321 418 344 1,
432 314 470 344 16,
484 314 520 338 16.
573 309 655 335 Plaut.
663 306 755 334 Bacch.
770 315 796 339 1,
816 315 841 339 1,
855 307 892 334 16.
916 312 941 333 et
957 306 1043 333 Truc.
1060 314 1089 337 2,
1101 313 1130 337 2,
1144 306 1184 335 63.
1234 302 1309 328 Νοη.

260 358 284 382 3,
295 357 328 384 27
355 358 384 375 cx
397 348 452 375 Cic.
1290 371 1296 376 .

296 391 399 412 BLAN
410 387 558 411 virius,
583 378 618 405 ei.
654 378 674 404 f.
719 377 795 404 Idem.
836 377 915 413 Apul.
929 378 994 405 Met.
1008 385 1026 410 9
1053 385 1078 412 p.
1093 384 1142 408 230
1174 374 1311 400 Sermoms

259 420 390 449 blanditie
404 417 557 444 cauillatum
576 413 722 441 deducebat
735 422 857 448 puerum.

299 458 570 483 BLAND1T1AE,
604 459 690 477 arum.
727 449 763 484 pl.
806 449 1021 486 [ἄρεσκεύματοι]
1073 446 1149 474 Idem.
1200 445 1257 472 Cic.
1279 443 1312 470 de

260 491 367 519 Amicit.
384 492 416 515 62
438 497 458 513 c.
473 495 503 519 23
532 487 574 512 Sic
590 485 740 512 habendum
761 485 812 517 est,
830 486 929 512 nullam
950 485 978 510 in
998 482 1124 510 amicitiis
1143 481 1241 516 pestem
1261 480 1310 506 esse

260 527 405 555 maiorem,
425 532 505 558 quam
523 522 721 554 adulationem,
741 521 900 553 blanditias,
924 519 1132 547 assentationem.
1204 515 1311 544 Blandi·

261 564 314 589 tiae
335 561 450 587 maxime
473 558 504 585 ad
525 558 664 592 ingenium
683 557 813 584 muliebre
833 555 947 583 efficaces
969 563 1057 590 preces
1078 555 1137 580 sunt
1156 552 1218 579 Liu.
1238 561 1264 584 1,
1284 560 1311 584 9.

260 597 365 625 Habent
380 596 429 622 hoc
444 595 471 620 in
485 595 509 621 sc
522 593 642 620 naturale
655 593 811 626 blanditiae,
820 593 900 619 etiam
916 601 999 626 quum
1013 591 1182 621 reiiciuntur,
1194 589 1311 624 placent;

258 635 333 667 saepe
347 631 481 662 exclusae,
505 629 641 656 nouiffime
652 630 818 664 recipiuntur
831 629 890 656 Seu.
903 629 956 662 Qi.
971 628 1008 654 N.
1024 636 1042 660 4
1062 636 1101 661 pr.
1168 624 1313 654 Adulatio,
1333 629 1359 655 1,·

260 668 422 699 blanditiae,
441 666 575 692 ass'entatio
589 666 645 692 Cic.
660 665 692 692 de
707 666 813 692 Amicit.
829 673 854 698 9.
907 663 1061 690 Inconditae
1075 661 1236 692 blanditiae,
1257 658 1311 685 vid.

262 713 271 731 1
281 711 357 731 Neo
368 710 417 730 Nn
428 710 435 728 1
446 710 467 728 T
478 708 498 727 v
508 709 531 728 s.
602 701 675 728 Idem
691 701 742 729 Off.
757 710 778 733 3,
792 709 828 735 74
845 710 867 726 c.
881 708 909 732 19
927 699 1000 725 Mihi
1013 699 1124 733 quidem
1138 705 1216 723 verae
1229 695 1312 720 etiam

259 740 418 767 hereditates
431 746 486 764 non
501 737 624 764 honestae
637 737 762 764 videntur
772 757 779 768 ,
800 737 817 762 si
832 737 891 762 sunt
907 735 1044 762 malitiosis
1057 732 1195 760 blanditiis
1208 729 1312 757 officio-

259 785 335 809 rum,
362 784 417 801 non
438 773 568 806 veritate,
593 773 636 799 scd
655 773 823 799 simulatione
842 771 981 807 quaesitae.
1053 769 1148 795 Molles
1173 765 1255 793 Ouid.
1278 765 1311 791 de

260 813 325 839 Arte
340 812 399 838 Am.
415 818 440 842 2,
456 817 506 842 159.
577 809 695 836 Pueriles
709 808 783 835 Idem
797 809 861 835 Met.
876 810 902 839 6,
917 809 974 833 626.
1046 805 1138 830 Tutae
1155 802 1193 828 Id.
1208 802 1274 828 Met.
1283 811 1311 834 4,
1322 810 1358 828 20

259 855 298 883 71.
319 850 338 874 i.
360 846 438 873 Verba
451 844 542 871 blanda
554 852 578 871 et
590 848 727 877 amatoria,
746 853 807 880 quae·
814 844 978 885 fitblegentem
991 850 1040 866 non
1054 838 1200 865 metuebant.
1237 837 1314 864 Blan-

259 884 343 910 ditiae
356 881 489 917 pessimum
508 881 567 907 veri
586 880 694 907 atfeeius
712 889 843 906 venenum
861 880 882 905 'I
892 878 952 904 acit.
973 875 1040 902 Hist.
1063 884 1089 907 1,
1109 882 1144 907 15,
1164 875 1189 900 6.
1261 872 1314 900 Ad-

259 919 324 946 dere
336 918 479 945 blanditias
492 916 574 943 Ouid.
588 918 654 944 Met.
664 925 691 952 7,
704 922 756 950 8¹7·
796 914 947 944 Adhibere,
975 911 1029 937 vid.
1052 916 1205 938 ADfflBEo.
1260 908 1312 935 Ad-

260 963 371 983 monere
385 953 459 980 Idem
473 953 538 979 Met.
551 955 578 985 6,
590 954 644 985 631.
702 953 785 985 Agere
799 948 936 977 blanditiis
950 947 988 973 Id.
1003 948 1067 973 Met.
1084 948 1109 977 6,
1122 948 1178 979 683.
1227 945 1311 972 Aufu-

259 1000 322 1026 gere
336 989 477 1018 blanditias
496 989 614 1023 Propert.
630 997 649 1020 1,
664 996 689 1020 9,
702 995 742 1018 30.
814 985 881 1018 Capi
902 983 1039 1010 blanditiis
1057 981 1139 1009 Ouid.
1153 982 1200 1016 Ep.
1216 988 1255 1016 17,
1269 989 1312 1013 92.
1328 985 1360 1011 23

258 1027 392 1062 Colligere
399 1024 614 1052 beneuolentiam
622 1023 722 1049 ciuium
732 1020 869 1047 blanditiis
877 1025 902 1046 et
911 1018 1126 1046 assentationibus
1133 1018 1189 1044 Cic.
1198 1017 1230 1043 de
1238 1017 1313 1043 Ami-

258 1064 304 1091 cit.
324 1073 345 1090 c.
360 1070 398 1097 17.
469 1062 647 1093 corrumpere
660 1057 795 1083 blanditiis
803 1076 810 1088 ,
832 1055 884 1082 vid.
899 1062 916 1083 C
926 1063 945 1081 ο
955 1062 973 1081 R
983 1061 1001 1081 R
1011 1062 1031 1081 V
1040 1062 1064 1081 M
1074 1062 1088 1081 P
1099 1061 1127 1081 o.
1183 1052 1314 1087 Corrupti

258 1106 338 1134 atque
357 1097 463 1125 deliniti
482 1096 619 1122 blanditiis
639 1092 817 1127 praesentium
835 1092 1005 1126 voluptatum
1026 1091 1085 1117 Cic.
1105 1089 1137 1116 de
1152 1090 1212 1116 Fin.
1229 1097 1256 1121 1,
1276 1096 1312 1121 33.

259 1136 355 1163 Dicere
374 1132 514 1161 blanditias
534 1129 615 1157 Ouid.
630 1130 721 1155 Amor.
735 1137 757 1161 3,
772 1136 798 1163 7,
817 1136 848 1154 11.
920 1127 976 1154 Cic.
995 1127 1034 1160 Q
1053 1127 1137 1153 Fratr.
1154 1134 1181 1158 1,
1200 1134 1216 1151 2
1241 1126 1312 1151 Con-

260 1172 334 1206 quiri
348 1178 413 1197 vero
426 1174 451 1194 et
464 1167 525 1192 elici
541 1164 695 1196 blanditiis,
716 1170 745 1190 vt
763 1170 793 1190 tu
806 1163 915 1195 scribis,
937 1163 970 1189 ad
988 1162 1121 1188 iudicium
1141 1161 1239 1187 necesse
1258 1169 1313 1186 non
1329 1166 1361 1190 30

258 1208 328 1239 fuit,
350 1214 411 1232 eum
426 1202 579 1238 praesertim
592 1200 739 1227 hominem.
811 1200 906 1227 Emere
927 1198 1067 1225 blanditiis
1085 1197 1173 1224 oscula
1192 1198 1311 1231 Propert.

258 1252 283 1276 3,
299 1251 333 1274 13,
348 1249 383 1274 33.
438 1238 494 1265 Cic.
509 1238 591 1269 Att.1,
601 1245 629 1270 19
650 1237 699 1263 Tu
714 1235 731 1262 si
745 1236 797 1261 tuis
812 1235 950 1262 blanditiis
964 1240 1053 1261 tamen
1065 1243 1080 1260 a
1092 1232 1223 1265 Sicyoniis
1236 1241 1313 1258 num-

258 1278 394 1305 mulorum
415 1273 519 1308 aliquid
539 1272 713 1307 Expresseris,
734 1272 817 1297 velim
839 1280 881 1298 mc
900 1270 981 1297 facias
1001 1270 1154 1296 certiorem.
1227 1267 1313 1295 Fleeti

258 1320 286 1340 et
304 1313 360 1347 capi
375 1309 513 1338 blanditiis
531 1307 702 1342 Ouid.Epist.
712 1315 749 1342 17,
761 1316 799 1341 91.
868 1306 926 1333 Cic.
938 1315 987 1340 pro
999 1305 1105 1332 Cluent.
1120 1306 1152 1337 36
1171 1314 1193 1331 c.
1209 1312 1234 1336 13
1254 1304 1311 1337 Qu

256 1356 286 1376 vt
306 1349 331 1375 se
353 1345 488 1374 blanditiis
507 1351 533 1371 et
551 1343 783 1375 assentationibus,
816 1343 844 1369 in
864 1342 949 1369 Asinii
969 1340 1189 1368 consuetudinem
1208 1340 1312 1374 penitus
1332 1346 1360 1372 35

256 1383 401 1416 immersit,
425 1381 587 1416 Oppianicus
607 1380 752 1411 contin110‚
772 1386 820 1406 etc.
891 1379 994 1413 Legere
1012 1376 1155 1404 blanditias
1175 1376 1258 1403 Ouid.
1278 1375 1311 1402 de

258 1422 324 1448 Arte
336 1421 395 1446 Am.
412 1427 431 1450 1,
445 1423 506 1452 480.
579 1417 676 1445 Parare
694 1415 767 1442 Idem
781 1416 873 1442 Amor.
888 1423 914 1446 2,
930 1423 969 1447 19,
984 1422 1022 1449 17·
1096 1412 1218 1439 Vendere
1238 1411 1312 1438 blan-

258 1457 337 1484 ditias
350 1455 466 1486 dicitur,
485 1455 529 1489 qui
542 1452 588 1489 spe
607 1454 717 1478 muneris
736 1453 813 1478 alicui
832 1450 980 1483 blanditur,
999 1456 1044 1477 aut
1056 1455 1086 1475 vt
1102 1448 1193 1475 donum
1211 1446 1314 1485 aliquod

257 1494 342 1520 eliciat
354 1489 453 1517 Tibul.
467 1497 487 1520 1,
501 1497 527 1521 9,
543 1496 589 1523 77.

253 47 319 96 619

1336 450 1366 468 10

295 1533 336 1554 BL
346 1532 368 1553 Α
377 1532 399 1551 N
411 1531 430 1551 D
439 1523 460 1551 17
469 1532 482 1550 s
492 1531 502 1550 1
511 1531 542 1550 A.
579 1520 758 1557 [Βλανδκσιά]
795 1522 882 1549 Sabini
902 1524 962 1558 agri
975 1523 1061 1558 regio,
1080 1522 1108 1547 in
1121 1528 1169 1556 qua
1178 1519 1239 1556 fuit
1253 1528 1314 1557 ager
1323 1529 1362 1554 40
1373 1518 1514 1556 sanguineo
1534 1520 1613 1545 colore
1625 1525 1754 1560 purpurae
1774 1518 1857 1559 dixit,
1869 1518 1964 1555 firmat
1977 1519 2044 1546 Plin.
2058 1527 2085 1552 9,
2097 1523 2125 1551 38
2145 1519 2214 1545 Laus
2225 1522 2353 1553 purpurae

259 1564 382 1595 Horatii,
402 1560 431 1588 de
447 1568 493 1596 quo
507 1559 558 1594 ipse
571 1560 667 1585 Horat.
684 1559 772 1584 Carm.
787 1566 809 1591 3,
825 1566 859 1589 13,
874 1566 883 1584 1

459 1596 484 1622 O
497 1595 557 1621 fons
571 1593 724 1620 Blandusiae
737 1593 901 1629 splendidior
914 1593 989 1619 vitro

457 1630 536 1657 Dulci
551 1630 630 1663 digne
644 1638 737 1662 mero,
758 1638 812 1655 non
824 1629 877 1655 sine
889 1628 1020 1662 floribus,

457 1667 521 1692 Cras
537 1664 678 1690 donaberis
693 1664 791 1691 hoedo.

296 1711 313 1732 13
322 1710 338 1730 1,
348 1710 369 1729 Α
378 1709 393 1729 P
402 1707 415 1728 s
426 1708 434 1728 1
445 1707 465 1728 G
475 1708 494 1728 o
504 1707 526 1725 N
540 1698 552 1726 1⁰
560 1707 582 1726 A
590 1719 598 1732 ,
625 1708 665 1725 ae.
695 1699 715 1725 f.
745 1701 755 1730 [
762 1699 932 1732 βλαφιγονία]
969 1701 1059 1726 Latine
1071 1699 1124 1726 dici
1134 1696 1217 1735 potest
1229 1696 1363 1730 Prolis'45

259 1740 466 1770 detrimentum,
484 1735 532 1762 α’πᾶ
550 1736 584 1761 τέ
601 1734 710 1766 βλοὲπτω
728 1734 794 1770 quod
808 1743 880 1760 noceo
895 1736 945 1766 est,
964 1742 988 1760 et
1006 1735 1070 1767 γόνος
1078 1735 1188 1771 foetus:
1209 1733 1315 1761 Morbus

258 1782 349 1811 apum,
369 1783 441 1810 quum
455 1772 540 1808 deficit
552 1772 658 1798 alicuius
670 1771 735 1796 aluei
747 1769 844 1806 foetus.
902 1769 968 1795 Plin.
984 1777 1024 1801 11,
1044 1778 1072 1801 19
1098 1771 1162 1796 Sunt
1180 1775 1206 1797 et
1224 1770 1315 1803 operis

258 1809 368 1841 morbi,
387 1818 470 1844 quum
486 1808 562 1834 fauos
578 1815 633 1833 non
646 1805 768 1840 explent,
788 1804 880 1831 cleron
892 1809 1007 1836 vocant,
1026 1804 1091 1830 item
1112 1804 1315 1838 blapfigonhm,

259 1845 279 1875 si
294 1847 400 1873 foetum
416 1853 471 1871 non
483 1848 617 1878 peragant.

294 1888 311 1909 Β
321 1889 337 1908 L
346 1888 367 1908 A
377 1888 390 1908 s
399 1887 414 1907 r
423 1887 444 1907 H
454 1887 471 1907 E
480 1886 505 1906 M
515 1878 527 1905 f
536 1886 557 1906 A
567 1899 577 1912 ,
595 1887 633 1905 ae.
671 1877 691 1904 f.
728 1877 912 1911 [βλασφημίαι]
950 1871 1128 1908 Μαίεᾱῐέῖιιηι,
1151 1876 1316 1909 vituperatio,
1332 1882 1364 1907 50

258 1920 413 1948 conuicium,
433 1923 457 1942 et
468 1914 536 1953 quast
549 1922 647 1941 nocens
661 1913 748 1940 famae
761 1911 866 1944 dic‘l'um,
886 1920 915 1937 ex
928 1911 974 1947 ufic
991 1912 1092 1937 Graeco.
1129 1909 1319 1937 Recentioribus

253 1954 315 1991 fere
322 1954 372 1980 Dei
383 1950 468 1987 ipsius.
496 1950 677 1986 Blasphemiae
692 1947 751 1974 sieri
766 1947 885 1973 dicuntur
898 1949 973 1972 etiam
986 1953 1074 1973 contra
1087 1947 1197 1973 homines
1205 1944 1317 1972 Nonell.

262 1988 346 2016 Auth.
360 1995 397 2022 77
419 1997 441 2013 c.
456 1995 467 2013 1
488 1985 512 2023 §.
528 1995 547 2012 1.
582 1984 651 2013 Add.
664 1982 804 2017 Augustin.
818 1982 851 2009 de
863 1983 934 2011 Mor.
942 1981 1061 2009 Manich.
1073 1991 1098 2014 2,
1112 1990 1145 2007 11.
1166 1988 1191 2009 et
1203 1981 1319 2016 Vulgata

259 2025 361 2062 fiiepiur
373 2023 503 2059 sacrilega
515 2020 661 2058 infamatio.
978 2051 983 2055 1
1108 2035 1113 2042 .

301 2067 317 2087 Β
327 2066 343 2085 L
352 2066 375 2086 Α
384 2066 397 2086 s
411 2065 426 2085 P
434 2065 455 2085 H
464 2065 480 2084 Ε
490 2064 515 2084 Μ
523 2064 562 2084 lv
572 2063 610 2083 M.
652 2053 733 2085 Idem,
754 2051 822 2089 apud
839 2050 1028 2079 Commodum.
1046 2050 1123 2076 Instr.
1144 2059 1156 2082 3
1166 2059 1177 2076 1
1185 2069 1195 2083 ,
1215 2057 1242 2084 7.
1287 2051 1319 2075 Et
1339 2054 1367 2080 55·

263 2095 387 2123 Prudent.
403 2093 538 2126 Psychom.
557 2099 602 2155 315
636 2091 703 2118 Non
721 2089 783 2116 tulit
802 2088 913 2116 vlterius
935 2087 1005 2122 capti
1024 2085 1190 2121 blasphemia
1205 2084 1320 2110 monstri

263 2132 403 2160 Virtutum
417 2130 509 2165 regina
523 2128 554 2155 Fi
575 2137 610 2155 es.

302 2174 319 2195 B
328 2175 344 2194 L
354 2174 375 2193 A
383 2174 396 2193 s
406 2173 421 2192 Ρ
430 2173 451 2192 H
461 2167 477 2192 F:
485 2172 511 2192 M
520 2171 539 2192 0
546 2183 553 2196 ‚
573 2168 625 2191 sire.
646 2161 845 2196 [βλασφημέω]
881 2157 1043 2190 Maledicere,
1052 2157 1187 2193 honorique
1201 2162 1225 2182 et
1237 2155 1321 2192 digni-

263 2207 315 2231 tati
332 2204 439 2229 alterius
457 2201 592 2236 derogare,
612 2201 672 2235 quin
692 2199 813 2223 execrari.
851 2195 964 2221 Hieron.
977 2193 1057 2229 Epist.
1066 2201 1098 2228 75
1112 2200 1179 2220 extr.
1199 2191 1321 2219 Tertull.

265 2244 358 2269 contra
371 2236 428 2264 Iud.
441 2245 496 2271 cap.
512 2244 546 2268 13.
583 2234 688 2268 Vulgat.
704 2233 769 2258 Leu.
781 2233 909 2294 ιῖὴιεῖὸη
936 2265 966 2292 in
986 2265 1023 2292 Es
1046 2273 1093 2298 cap
1117 2271 1150 2298 37

1332 2227 1369 2252 60

304 2281 320 2302 13
333 2281 349 2301 L
363 2280 386 2301 Α
400 2280 412 2300 s
426 2279 441 2300 r
457 2279 478 2299 n
492 2278 509 2299 E
522 2278 548 2298 Μ
558 2276 614 2298 AN
625 2277 655 2302 s,
684 2269 760 2295 antis.
1212 2261 1320 2296 Vulgat.

265 2310 415 2374 1013,ζὶᾸὲ
425 2351 441 2371 r
453 2350 475 2370 n
489 2350 507 2370 Β
520 2350 545 2370 Μ
559 2349 582 2370 Α
596 2347 619 2368 T
635 2347 646 2367 1
659 2346 694 2373 o,
716 2337 785 2365 onis.
804 2337 825 2364 f.
864 2336 983 2364 Tei-tull.
1005 2335 1038 2362 de
1054 2334 1125 2362 Cult.
1135 2334 1234 2361 Fem.c.
1245 2340 1274 2358 12
1281 2340 1321 2367 pr.

304 2379 755 2409 BLAsPnEMSnme,
781 2382 805 2401 0.
842 2372 962 2400 Tertull.
982 2370 1050 2398 ibid.

859 2410 913 2445 Qu*
937 2407 997 2443 blas
1007 2408 1097 2434 hemat.
1151 2403 1322 2439 Blasphemus
1341 2405 1372 2437 65

931 2443 983 2470 Sub
1008 2443 1100 2470 antiue
1118 2441 1236 2468 occurrit
1258 2439 1326 2474 apud

917 2480 1031 2508 Hieron.
1052 2479 1099 2513 Ep.
1118 2486 1145 2511 9,
1170 2484 1194 2503 et
1216 2476 1324 2510 Vulgat.

305 2421 643 2446 BLASPHEMVS,
676 2420 710 2442 a,
745 2419 799 2436 um.

268 2453 370 2481 satelles
388 2450 510 2479 Prudent.
527 2451 625 2483 Hymn.
639 2445 781 2481 Peristeph.
797 2454 821 2477 1,
842 2452 885 2479 75.

269 2488 390 2517 Tertull.
417 2487 449 2514 de
470 2485 619 2514 Resurrect.
643 2485 722 2511 Carn-
750 2491 806 2517 cap.
819 2483 860 2507 26.

269 2525 358 2552 Leuit.
373 2533 418 2558 24,
434 2532 472 2557 14.

307 2567 323 2587 Β
333 2567 349 2586 L
358 2566 380 2586 Α
390 2566 412 2586 Τ
423 2566 440 2585 E
449 2566 471 2585 A
482 2565 496 2585 s
504 2578 513 2591 ‚
548 2556 636 2585 Bullas
649 2554 701 2582 luti
713 2562 745 2581 ex
759 2552 918 2584 itineribus,
937 2557 984 2579 aut
1001 2549 1073 2587 quod
1093 2549 1124 2576 de
1134 2548 1325 2576 calceamento-

271 2605 333 2624 rum
346 2594 424 2621 soleis
442 2594 576 2624 eraditur,
595 2590 769 2628 appellabant.
807 2589 905 2617 Festus.
946 2587 1005 2615 Vid.
1026 2591 1183 2614 BLATTA.

307 2637 381 2659 BLA
392 2636 415 2656 T
428 2627 445 2656 F‘]
455 2635 502 2655 Ro
512 2647 520 2661 ,
548 2632 602 2654 are.
639 2626 759 2661 [ψέλλω,
779 2624 909 2660 ψελλίζω]
953 2623 996 2651 Est
1015 2622 1098 2650 Stulte
1117 2627 1143 2648 et
1164 2619 1324 2655 praecupide

272 2666 365 2703 loqui,
385 2664 458 2700 quod
473 2674 488 2691 a
502 2665 603 2690 Graeco
622 2662 696 2694 βλοὶξ
712 2661 845 2696 originem
859 2660 941 2687 ducit.
984 2658 1034 2686 Sed
1048 2664 1074 2685 et
1088 2657 1201 2684 camelos
1213 2676 1221 2689 ,
1238 2664 1322 2691 quum

272 2712 352 2731 voces
366 2701 463 2734 edunt,
483 2700 618 2726 Blaterare
631 2698 753 2723 dicimus.
789 2698 857 2723 Haec
870 2695 968 2722 Festus.
1004 2694 1114 2722 Nonius
1124 2702 1145 2726 1,
1158 2701 1207 2720 210
1233 2692 1323 2724 issatis,

273 2745 301 2767 et
312 2739 429 2766 Blateras
444 2735 587 2770 confingis:
609 2739 654 2760 aut
667 2732 806 2760 incondite
826 2737 851 2758 et
865 2731 980 2757 inaniter
997 2729 1125 2766 loqueris.
1160 2728 1234 2755 Idem
1249 2736 1275 2760 2,
1288 2735 1324 2762 79

273 2776 407 2802 Blaterare
416 2793 424 2806 ,
444 2772 481 2798 est
495 2770 655 2805 Confingere
673 2777 720 2803 per
732 2767 876 2795 mendacia.
913 2766 1032 2801 fatigent.
1047 2766 1111 2800 Exp.
1125 2765 1207 2792 Serm.
1228 2769 1280 2790 ant.
1296 2771 1325 2790 12
1339 2774 1371 2802 75

274 2812 408 2838 Blaterare
421 2807 492 2843 quasi
508 2806 597 2834 Verba
609 2804 767 2839 trepidantia
780 2809 852 2830 metu
865 2802 1002 2830 balbutire
1014 2801 1149 2828 dixerunt.
1185 2799 1289 2827 Gellius
1303 2807 1324 2831 1,

274 2855 302 2880 ις
319 2847 359 2873 De
374 2842 531 2872 hominibus
548 2849 656 2877 quoque
670 2840 738 2875 posse
750 2839 805 2866 dici
817 2839 925 2875 (versus
937 2837 1088 2873 Euripidis)
1100 2836 1177 2863 stulta
1189 2842 1216 2862 et
1227 2836 1324 2862 immo-

275 2883 335 2910 dica
354 2878 562 2911 blaterantibus,
586 2885 702 2912 quorum
718 2875 810 2909 lingua
828 2880 883 2900 tam
908 2873 1019 2909 prodiga
1044 2872 1209 2906 infrenisque
1228 2871 1275 2904 sit,
1294 2876 1325 2898 vt

277 2920 341 2946 fluat
354 2917 469 2950 semper,
489 2920 515 2941 et
527 2913 625 2941 aestuet
637 2911 791 2939 colluuione
803 2909 948 2936 verborum
961 2908 1106 2936 teterrima.
1139 2907 1324 2935 Horat.Serm.

276 2963 302 2987 2,
311 2962 338 2989 7,
346 2954 378 2986 36
398 2951 493 2986 Ecquis
529 2949 629 2978 Audit?
647 2956 709 2975 cum
719 2954 816 2981 magno
829 2945 943 2972 blateras
954 2945 1080 2977 clamore,
1093 2943 1226 2979 fugisque.
1267 2943 1324 2970 Vid.
1339 2949 1372 2976 80

276 2999 334 3017 mox
354 2994 522 3019 BLATERO,
540 2986 609 3012 onis.
657 2983 740 3010 Plaut.
755 2981 815 3009 Aul.
830 2987 870 3017 ap.
884 2981 957 3007 Non.
975 2990 995 3013 1,
1009 2989 1054 3007 210
1074 2979 1128 3006 Vbi
1146 2985 1175 3006 tu
1193 2988 1234 3013 es,
1255 2988 1324 3015 quae

278 3024 413 3054 blaterasti
425 3023 479 3050 iam
491 3021 588 3049 vicinis
600 3018 735 3047 omnibus.
770 3019 849 3044 Plura
862 3015 966 3044 Afranii
979 3023 1002 3042 et
1014 3015 1127 3042 Caecilii
1138 3015 1210 3042 habet
1224 3024 1249 3048 2,
1261 3023 1305 3050 79.

315 3068 355 3088 131.
365 3067 386 3087 Α
395 3066 441 3087 ΤΕ
451 3066 470 3086 R
480 3064 501 3085 A
512 3065 535 3084 N
545 3064 575 3091 s,
600 3055 678 3083 antis.
720 3053 799 3089 Apul.
813 3054 877 3079 Met.
890 3057 904 3082 8
925 3061 951 3087 p.
966 3059 1008 3083 213
1029 3052 1102 3077 Haec
1123 3057 1149 3077 et
1169 3050 1324 3078 huiusmodi

280 3102 373 3124 mutuo
391 3095 559 3122 blaterantes.
599 3093 694 3120 Pacuu.
708 3089 775 3127 apud
791 3089 911 3124 Fulgent.
925 3096 953 3116 12
977 3086 1019 3114 Ni
1037 3095 1087 3121 ego
1106 3091 1132 3113 te
1151 3086 1326 3114 blaterantem

279 3134 471 3194 asplicteifssi-:R
481 3171 560 3193 ΛΤν
570 3170 600 3197 S,
617 3172 649 3195 a,
670 3170 725 3189 um.
761 3159 839 3195 Apul.
853 3161 918 3187 Met.
930 3168 950 3193 4
971 3167 996 3194 p.
1012 3165 1051 3192 153
1075 3157 1125 3185 His
1140 3162 1166 3184 et.
1180 3157 1222 3184 his
1235 3156 1326 3186 simili-

282 3202 331 3230 bus
345 3202 487 3229 blateratis.
525 3200 598 3227 Idem
610 3198 687 3232 Apol.
703 3206 713 3224 1
732 3206 756 3232 p.
772 3204 828 3231 273.

320 3245 388 3266 BLA
400 3244 421 3264 'r
433 3238 508 3264 ena:
517 3243 607 3269 Tvs,
630 3234 669 3261 fis.
706 3242 742 3259 m.
777 3231 868 3258 Sidon.
883 3230 962 3265 Epist.
974 3239 999 3264 9,
1014 3237 1038 3257 11
1055 3236 1121 3256 extr.
1145 3228 1229 3256 Cuius
1243 3229 1326 3257 abun-

284 3274 361 3302 dante
373 3273 511 3300 blateratu.
548 3272 628 3299 Mart.
641 3268 743 3305 Capell.
759 3277 784 3303 p.
799 3267 847 3294 vlt.
866 3266 962 3293 Canini
977 3266 1130 3293 blateratus.

322 3317 337 3337 Β
346 3316 362 3336 1.,
371 3316 393 3336 Λ
403 3314 426 3336 Τ
436 3315 451 3335 E
461 3315 480 3334 R
489 3315 510 3334 A
517 3314 538 3335 Τ
548 3314 586 3335 10
594 3328 604 3341 ‚
621 3306 689 3333 onis.
713 3305 733 3332 f.
769 3303 963 3339 [βαττολσγίσι]
999 3301 1073 3330 Idem.
1110 3300 1238 3328 Laudatur
1248 3301 1326 3337 Apul.
1338 3311 1374 3337 90

284 3346 349 3374 Μο1.
368 3353 403 3378 4,
440 3363 446 3369 .
484 3363 490 3369 .

321 3388 337 3409 R
347 3389 362 3408 L
371 3388 392 3408 Α
401 3385 423 3406 Τ
435 3377 476 3405 &a
486 3384 506 3404 Ο
514 3398 523 3410 ,
543 3378 611 3405 onis.
636 3387 672 3404 tn.
709 3374 857 3414 [ςωμύλοςῑ
873 3371 1012 3407 ᾧελλῖξων]
1047 3373 1099 3408 Qti
1110 3371 1251 3398 blaterandi
1263 3375 1328 3399 vitio

283 3417 388 3445 laborat.
425 3413 492 3441 Gell.
507 3421 527 3445 ι,
542 3421 567 3446 15
592 3414 650 3440 Nec
661 3413 751 3440 minus
765 3410 902 3446 insigmter
918 3415 1019 3435 veteres
1038 3416 1146 3442 quoque
1160 3407 1257 3440 nostri,
1276 3408 1328 3435 hoc

286 3461 367 3488 genus
380 3450 501 3478 homines
520 3449 548 3475 in
561 3448 641 3475 verba
653 3447 810 3483 prouedbs,
830 3444 1006 3476 locutuleios‚
1026 3450 1052 3470 et
1071 3443 1220 3470 blaterones
1237 3449 1263 3470 et
1276 3444 1327 3470 lin.

1334 2589 1371 2617 70

1345 3131 1374 3160 85

286 3496 379 3523 guaces
391 3487 524 3513 dixerunt.
560 3485 619 3510 Vct.
633 3483 719 3510 Schol.
734 3484 836 3518 Cruqu.
849 3480 882 3508 ad
896 3489 919 3514 2,
931 3488 957 3515 7,
969 3481 1000 3512 36
1018 3479 1148 3511 Blateras,
1160 3478 1327 3513 vociferaris,
1348 3491 1381 3518 95

718 3520 788 3547 Hinc
809 3518 958 3545 blaten-ones
975 3514 1100 3542 clamosi:
1119 3522 1180 3540 nam
1199 3513 1329 3542 blaterare

734 3554 850 3583 Scribant
863 3551 976 3580 nonnulli
990 3550 1085 3586 duplic-i
1097 3555 1136 3582 T,
1153 3549 1286 3583 Blattero‚
1306 3558 1330 3578 et

1098 3584 1156 3613 Vid.
1169 3585 1330 3613 Scholiasten

286 3524 414 3550 exclamas
432 3526 534 3557 praeter
551 3519 668 3546 modum.

289 3559 395 3594 proprie
408 3558 444 3586 cst
457 3557 544 3591 inepte
556 3555 677 3581 clamare.

287 3604 303 3620 a
320 3595 418 3627 Blatta,
442 3591 591 3623 vermiculo,
611 3589 725 3616 deriuant
739 3601 746 3615 :
766 3588 814 3626 sed
825 3587 945 3626 jortaffl's
963 3589 1051 3622 inepte.

287 3630 477 3661 Horat„Serm.
491 3636 512 3660 1,
528 3635 553 3653 2.

326 3671 466 3697 BLATO,
494 3663 562 3690 onis.
598 3669 634 3687 m.
672 3659 747 3686 Idem.
783 3661 843 3687 Vct.
863 3658 943 3686 Gloss.
970 3657 1061 3690 Blato,
1082 3653 1263 3690 ματαιολόῷος,
1283 3657 1330 3690 nist
1339 3658 1446 3690 1003&
1483 3662 1630 3689 Turnebus
1653 3671 1677 3696 3,
1702 3671 1738 3690 ιο,
1777 3664 1868 3698 Nempe
1891 3662 1981 3688 Βλέπω
2002 3658 2037 3693 4st
2058 3659 2153 3693 pugn.
2170 3668 2270 3686 mucus-

283 3700 358 3736 sorte
377 3701 424 3736 leg.
444 3699 555 3727 blatero.
590 3697 621 3723 In
633 3695 712 3722 Gloss.
727 3694 817 3722 lfidor.
831 3695 906 3722 Blato
920 3692 956 3721 est
969 3692 1164 3721 Cubicularius.

328 3741 369 3762 BL
379 3741 428 3761 ΑΤ
438 3742 445 3760 1
455 3742 474 3762 1)
484 3755 492 3766 ,
513 3737 561 3760 ire.
597 3731 765 3767 [ψέλλαμαι]
802 3730 880 3762 Idem,
895 3729 959 3766 quod
971 3731 1110 3757 Blaterare.
1144 3727 1226 3754 Plaut.
1235 3727 1330 3763 Amph.

290 3779 317 3804 ει,
333 3779 354 3802 1,
366 3777 401 3804 79
421 3770 475 3803 Qui
488 3768 623 3800 (malum)
636 3765 785 3806 intelligere
797 3766 937 3800 quisquam
951 3765 1020 3800 potis
1032 3764 1085 3792 est?
1103 3765 1140 3791 ita
1151 3771 1232 3797 nugas
1243 3762 1329 3790 blatis.

291 3805 365 3841 Cous.
380 3804 451 3831 Idem
464 3806 542 3831 Cure.
555 3813 578 3836 3,
592 3809 632 3834 82.
653 3808 677 3829 et
687 3801 762 3837 Epid.
776 3808 799 3834 3,
812 3809 830 3832 1,
847 3808 870 3833 13
892 3801 1006 3833 Blatire,
1025 3803 1108 3837 inquit
1121 3799 1228 3826 Nonius
1244 3807 1265 3832 1,
1276 3807 1331 3832 210,

291 3841 327 3868 est
340 3839 476 3868 Incondite
494 3846 520 3866 et
532 3840 647 3866 inaniter
661 3837 745 3873 loqui.
781 3836 890 3872 Qtidam
903 3835 1016 3865 BlaCtire
1022 3835 1148 3874 scribunt.

1341 3849 1386 3876 105
1431 3839 1745 3873 BeruARO,6nis.
1780 3838 1871 3872 [βλεφ

1784 33 1813 73 Β
1872 32 1908 73 L
1967 33 2002 73 E
2335 20 2427 88 620¹¹

1411 131 1427 152 Β
1437 132 1483 164 LA
1494 132 1514 152 τ
1523 132 1542 152 o
1550 145 1558 157 ,
1576 123 1630 159 fine
1652 131 1728 166 31..ιέ
1736 129 1758 150 r
1769 129 1790 149 'r
1799 130 1819 150 0
1828 143 1837 155 ,
1857 126 1912 149 are.
1949 122 1981 162 ¹.¹¹
1991 123 2051 150 vet.
2060 123 2140 150 Closs.
2154 123 2296 158 exponitur
2307 127 2409 163 ozuafz,
2422 148 2423 155 ,

1375 159 1406 186 In
1424 161 1477 186 alio
1496 161 1542 186 Gr.
1555 161 1612 187 Lat.
1625 164 1742 197 φλυαρω,
1763 166 1873 193 arguto,
1892 166 1996 192 garrio,
2014 158 2116 192 blatto,
2138 160 2241 186 effutio.
2287 160 2334 187 Sed
2343 161 2423 197 forte¹

1855 229 2009 271 Vermiculus
2028 231 2139 265 exiguus,
2150 230 2201 256 lato
2215 235 2323 264 corpore,
2334 233 2410 260 multi,-
2422 251 2424 258 ι

1368 201 1421 230 pro
1434 195 1535 227 mano,
1556 196 1681 233 legendum
1696 193 1730 229 est
1743 195 1838 221 Blatio.

1414 237 1454 256 BL
1465 237 1590 263 ΑΤΤΑ,
1617 241 1656 258 ae.
1692 231 1808 265 [σίλφη]

1395 266 1477 292 edibus·
1492 273 1536 291 etc.
1556 266 1585 291 de
1599 276 1643 302 quo
1655 267 1722 293 Pliu.
1738 276 1772 299 11,
1785 272 1813 297 28
1834 266 1852 293 s.
1866 274 1897 298 34
1927 265 1947 290 Γ
1950 264 2108 291 enebrarum
2124 265 2229 291 alumna
2248 264 2336 291 blattis
2350 267 2410 302 vita,
2427 279 2429 284 .

1389 310 1517 336 ucemque
1529 300 1652 335 fugiunt,
1665 303 1693 329 in
1704 303 1817 330 balineis
1830 301 1945 328 maxime
1957 299 2070 326 humido
2082 308 2180 333 vapore
2194 306 2342 334 prognatae.
2373 303 2409 332 Id,
2422 307 2423 310 ’
2470 318 2474 334 Ι.

1379 346 1413 370 29
1432 344 1496 364 extr.
1519 336 1560 362 Est
1575 343 1601 362 et
1614 338 1742 371 quaedam
1754 337 1915 374 pinguitudo
1927 336 2039 368 blattae,
2058 334 2076 361 si
2091 341 2166 369 caput
2179 335 2309 362 auellatur
2339 350 2382 358 -—
2422 343 2425 347 '

1378 374 1438 400 Hoc
1451 381 1559 407 quoque
1572 372 1670 398 animal
1682 373 1751 401 inter
1765 374 1886 408 pudenda
1899 372 1950 405 est,
1972 371 2016 398 sed
2033 378 2141 405 propter
2155 370 2359 399 admirationem
2371 382 2411 402 m.
2445 393 2451 404 ,

1379 414 1455 435 turae
1467 414 1554 435 totum
1568 408 1597 434 111
1611 407 1660 434 hoc
1673 408 1733 434 loco
1746 418 1777 435 ex
1797 408 1941 436 licandum.
1978 407 2055 434 Plura
2073 415 2165 432 earum
2184 414 2278 440 genera
2290 406 2425 438 fecentnt2⁴

1379 445 1489 476 molles,
1510 452 1573 478 quas
1591 444 1619 469 in
1632 443 1694 470 oleo
1708 419 1843 477 decedas,
1859 444 1978 473 verrucis
1990 441 2132 469 efficaciter
2147 441 2222 467 illini
2234 442 2334 475 experti
2350 444 2411 474 sum,
2424 466 2425 473 ἵ

1379 481 1500 507 Alterum
1514 488 1609 514 genus,
1630 479 1770 512 myloecon
1781 481 1961 516 appellauere,
1983 480 2053 506 circa
2066 478 2150 504 molas
2162 476 2220 504 fere
2231 477 2341 504 nascens.
2372 493 2412 508 ,-
2423 475 2425 506 l

1379 516 1511 544 Tertium
1524 524 1605 550 genus
1619 521 1644 541 et
1657 515 1748 541 odoris
1762 516 1850 543 taedio
1864 517 1995 548 inuisum,
2008 521 2054 541 etc.
2090 513 2235 545 Myloecon
2251 513 2324 549 vulgo
2336 512 2425 544 Pistri.;
2438 518 2442 522 ¹

1378 552 1483 579 nariam
1500 557 1611 577 vertunt.
1684 551 1830 586 Lucifugae
1842 551 1938 578 blattae
1950 551 2049 585 Virgil.
2059 550 2160 582 Georg.
2173 557 2201 581 4,
2214 556 2272 580 243.
2325 549 2413 579 Blaene
2423 562 2430 576 ι·
2444 573 2445 577 ,
2460 575 2465 580 ,

1377 588 1453 615 libris
1467 594 1490 613 et
1503 585 1658 620 vestimentis
1672 589 1796 613 inimicae.
1832 587 1948 614 Martial.
1963 596 2002 621 14,
2016 594 2047 621 37
2065 585 2200 612 Scrinium
2212 585 2335 618 loquitur,
2353 583 2414 615 con.
2424 588 2445 609 fi,
2468 608 2474 624 Ἰ

1379 623 1484 650 striftos
1503 622 1551 649 nisi
1570 622 1614 649 das
1632 621 1701 648 mihi
1718 621 1840 653 libellos,
1879 622 2027 649 Admittam
2047 622 2146 653 tineas,
2166 626 2306 653 trucesque
2322 616 2474 654 Umidius

1378 658 1448 720 §idm
1463 660 1489 690 6,
1503 661 1548 691 60,
1560 666 1577 693 7
1603 659 1692 691 Qiam
1707 658 1787 686 multi
1806 657 1901 685 blattas
1917 659 2024 693 pascunt
2039 658 2176 691 tineasque
2188 654 2296 682 diserti}
2329 653 2474 703 ΗοιῃιιπῖἹ

1397 702 1462 722 erm.
1482 702 1496 720 2
1582 699 1631 723 118
2378 712 2379 716 ,
2399 703 2402 707 ·
2418 703 2432 715 =.

1502 714 1512 728 ³
1532 702 1561 727 3³
1578 744 1624 750 --
1664 730 1732 765 Age,
1751 729 1771 756 si
1791 729 1940 757 stramentis
1958 730 2081 763 incubet,
2101 727 2172 756 vnde
2363 695 2449 780 '⁴³⁴³le
2467 708 2474 803 ¹

2360 783 2367 789 .
2388 784 2398 793 Δ,
2408 781 2415 785 -
2425 785 2432 802 4

1536 765 1683 799 Octoginta
1703 774 1785 793 annos
1805 772 1899 792 natus:
1922 767 1967 793 cui
1987 766 2101 800 stragula
2120 763 2199 791 vestis

1537 801 1684 829 Blattarum
1703 811 1732 828 ac
1753 802 1886 828 tinearum
1905 802 2012 837 epulae,
2037 802 2166 837 putrescat
2186 799 2216 826 in
2235 805 2303 825 arca.
2356 819 2381 833 Α(
2415 801 2422 828 s

1380 833 1401 873 ff
1428 845 1444 863 2
1485 837 1641 864 VermIculus
1663 836 1706 871 ‹jffi‘
1728 837 1846 869 videtur,
1871 840 1915 874 qui
1932 848 1943 864 e
1959 847 2038 865 cocco
2049 838 2185 874 sanguinei
2203 835 2294 861 coloris
2315 841 2340 861 er
2354 849 2356 853 ·
2368 852 2369 855 =
2382 850 2383 853 =
2397 835 2411 855 ·‚

1380 873 1450 900 Paul.
1464 872 1537 899 Diac.
1551 873 1579 899 in
1591 872 1670 900 Gloss.
1686 873 1756 908 apud
1775 874 1877 901 Sauara.
1899 873 1935 899 ad
1950 873 2039 900 Sidon.
2050 882 2078 907 9,
2094 882 2118 905 13
2138 872 2224 899 Blatta
2235 877 2317 905 genus
2331 877 2347 903 p
2363 887 2364 890 η
2379 877 2382 879 ·

1379 918 1457 936 reum
1473 909 1583 936 vermis.
1640 910 1710 937 Certe
1729 916 1779 945 pro
1797 915 1914 944 purPura
1932 909 2113 936 recentioribus
2134 910 2241 943 ponitur
2262 903 2364 934 haud'h
2406 905 2428 925 2⁸
2450 920 2451 923 ¹

1380 944 1491 972 Cassiod.
1510 946 1573 972 Var.
1594 953 1614 977 1,
1627 953 1641 971 2
1666 954 1727 981 quae
1744 951 1798 971 tota
1815 948 1872 981 agit
1887 944 1917 970 de
1925 951 2056 980 purpura,
2077 945 2146 971 Cum
2163 943 2263 973 Blatta,
2284 948 2334 975 qua
2423 930 2428 950 ²

1381 981 1435 1007 stro
1447 980 1572 1008 cubiculo
1584 981 1647 1007 dare
1665 982 1740 1007 annis
1752 980 1860 1015 singulis
1877 980 2051 1012 consueuisti,
2071 980 2164 1007 venire
2182 978 2285 1005 festina.
2339 975 2354 1002 S
2370 993 2375 1009 ¹„
2424 988 2428 1013 3

1380 1016 1398 1043 1.
1414 1026 1435 1042 0.
1457 1016 1612 1052 Rutilasque
1624 1017 1692 1043 ferte
1704 1017 1815 1049 blattas,
1855 1017 2025 1051 Recoquente
2036 1024 2100 1050 quas
2116 1015 2203 1042 aheno
2242 1010 2358 1042 Melibo.
2425 1043 2428 1050 γ

1382 1058 1423 1079 031
1441 1051 1520 1078 vnda.
1579 1052 1715 1088 Lanmrid.
1730 1053 1838 1087 Heliog.
1852 1061 1878 1084 33
1906 1053 2048 1079 Parauerat
2061 1052 2136 1078 funes
2148 1051 2245 1082 blatta,
2266 1053 2292 1074 et
2304 1046 2374 1075 ser'·
2400 1067 2403 1069 -
2426 1065 2447 1083 ,ι

1380 1097 1461 1115 cocco
1478 1088 1610 1120 intortos,
1635 1089 1735 1124 quibus
1754 1088 1773 1115 si
1792 1089 1890 1115 necesse
1903 1089 1963 1115 esset
1980 1088 2093 1122 laqueo,
2112 1087 2197 1114 vitam
2214 1085 2314 1112 finiret.
2363 1100 2365 1102 -
2426 1112 2428 1115 .

1382 1125 1453 1151 Auit.
1467 1132 1495 1157 4,
1509 1126 1555 1156 386
1575 1124 1657 1151 Pallia
1668 1124 1812 1152 blattarum
1824 1125 1912 1159 spreto
1924 1123 2138 1151 diffibulatauro.
2174 1121 2265 1149 Sidon.
2272 1121 2359 1147 Carm.
2369 1134 2377 1142 κ

1380 1162 1454 1187 Inter
1470 1169 1571 1186 munera
1591 1167 1718 1187 terrarum
1729 1163 1840 1197 propria
1858 1160 1911 1187 fert
1929 1161 2025 1187 Pontus
2043 1159 2175 1192 castorea,
2195 1157 2306 1184 blattam
2321 1154 2361 1181 Τ

1381 1204 1444 1222 aera
1456 1195 1612 1222 Corinthus.
1650 1197 1682 1223 Et
1694 1197 1782 1223 Carm.
1793 1204 1827 1229 11,
1839 1201 1873 1229 84
1893 1199 1920 1222 in
1933 1195 2141 1223 commendatione
2148 1191 2358 1230 pulchritudinis,
2369 1211 2379 1220 ,Δ
2406 1204 2410 1217 ·.

1381 1232 1432 1258 lata
1444 1231 1539 1259 rubori
1551 1231 1650 1259 Pallida
1661 1232 1744 1259 blatta
1755 1232 1828 1259 latet.
1863 1232 1937 1267 Quid
1949 1232 1977 1258 de
1990 1231 2071 1258 blatta
2086 1231 2222 1258 vermiculo
2236 1228 2375 1260 diximus,

1374 1269 1462 1304 placet
1481 1267 1611 1302 salmasio,
1629 1271 1673 1304 qul
1691 1268 1725 1295 ad
1741 1268 1848 1303 Vopisc.
1862 1268 1953 1294 Aurei.
1972 1270 2008 1301 46
2034 1276 2058 1302 p.
2070 1275 2120 1301 554
2139 1265 2226 1293 Hack.
2246 1271 2297 1300 Pro
2314 1263 2334 1289 B
2350 1269 2378 1285 ιι·
2410 1279 2416 1281 -

1380 1302 1446 1340 quod
1463 1309 1520 1329 ante
1535 1303 1647 1330 dedimus
1666 1314 1695 1330 ex
1710 1302 1794 1337 Festo,
1814 1303 1914 1330 Blattae
1931 1305 1971 1331 vel
1981 1303 2114 1334 Blatteae,
2135 1304 2157 1330 le
2175 1305 2215 1334 it,
2231 1307 2256 1327 et
2267 1298 2354 1334 addit,
2372 1305 2382 1319 7
2408 1317 2409 1320 ¹

1379 1338 1522 1366 militudine
1547 1339 1616 1366 illius
1635 1340 1735 1366 Blattae
1757 1338 1817 1373 effi,
1838 1339 1903 1375 quod
1924 1343 1951 1366 in
1970 1341 2029 1366 Vet.
2049 1338 2129 1366 Glon'.
2173 1338 2252 1365 lattea
2263 1334 2302 1371 sit
2321 1333 2342 1360 θ
2358 1333 2377 1342 ’
2429 1367 2431 1370 ¹

1379 1375 1488 1408 σώματος
1499 1375 1524 1411 s.
1541 1385 1644 1412 grumas
1652 1376 1799 1413 sanguinis.
1854 1375 1987 1402 matteum
2004 1383 2061 1412 ergo
2081 1374 2124 1409 effi
2132 1374 2315 1411 sanguineum;
2399 1373 2403 1405 ’ς

1380 1420 1450 1437 neum
1470 1417 1549 1446 porro
1572 1413 1678 1438 colorem
1699 1410 1743 1445 effi·
1759 1417 1921 1447 purpureum.
1978 1411 2078 1439 Laudat
2100 1412 2166 1438 alias
2190 1408 2304 1438 Glossas,
2322 1405 2352 1435 Bl
2365 1420 2377 1430 <⁴
2413 1407 2436 1439 .’

1379 1446 1495 1482 θρόμβοι·
1513 1447 1620 1481 αἳματος
1635 1448 1681 1474 viv
1694 1449 1842 1481 κογχυλίων.
1880 1447 1992 1474 Blattam
2003 1456 2080 1479 vero,
2100 1447 2246 1478 8131103111,
2265 1442 2378 1470 etBlate-›
2392 1470 2395 1471 ⁷
2408 1442 2419 1452 ⁷¹
2430 1445 2437 1476 3'

1380 1492 1430 1509 non
1449 1484 1525 1509 aliter
1545 1482 1665 1516 dfflrre,
1694 1493 1766 1519 quam
1784 1483 1914 1516 Baccara,
1938 1484 2082 1515 Bucceam,
2103 1481 2271 1514 ssuccellam„
2314 1470 2438 1540 041ὶῖἶῇ

1382 1563 1442 1586 ma,
1463 1554 1540 1581 color
1556 1555 1690 1589 sanguinis
1709 1560 1842 1588 concreti,
1861 1555 1996 1589 nigricans
2013 1554 2153 1589 adspectu,
2173 1553 2298 1587 idemque
2315 1550 2383 1577 susw
2405 1555 2415 1584 ῑζ

1381 1589 1524 1624 refulgens.
1553 1591 1617 1617 Item
1629 1589 1808 1619 Commi-Van
1818 1599 1838 1624 1,
1850 1600 1867 1618 2
1885 1591 1913 1618 de
1926 1591 2018 1625 eadem,
2031 1590 2156 1625 Nigredo
2169 1589 2313 1625 sanguinea
2324 1595 2353 1613 re
2360 1598 2371 1609 ἰ
2377 1587 2387 1607 ³?
2398 1583 2420 1609 ,ft
2436 1606 2437 1622 3

1381 1632 1438 1654 tem
1449 1626 1584 1653 discernit.
2378 1631 2380 1636 ⁴

1422 1668 1674 1694 BLATTARIA,
1694 1671 1734 1690 ae.

1384 1697 1518 1737 candidis,
1540 1698 1677 1737 cauliculis
1689 1698 1828 1732 pluribus,
1847 1700 1914 1726 flore
1926 1699 2009 1726 luteo.
2049 1696 2240 1724 Haecabiee'ta
2257 1695 2351 1723 blattas
2417 1710 2420 1713 -

1384 1732 1532 1763 contrahit,
1553 1732 1668 1767 ideoque
1680 1733 1782 1759 Romae
1793 1734 1920 1761 Blattaria
1933 1740 2045 1762 vocatur
2056 1733 2124 1761 Plin.
2137 1741 2176 1767 25,
2187 1741 2204 1766 9
2224 1733 2244 1759 s.
2254 1733 2300 1758 60.
2341 1731 2369 1758 N
2372 1730 2411 1761 w>

1420 1775 1436 1795 B
1445 1775 1461 1794 L
1470 1774 1492 1795 A
1502 1775 1523 1794 T
1533 1774 1585 1794 TA
1594 1774 1614 1794 R
1623 1775 1632 1794 1
1642 1775 1662 1794 v
1671 1775 1693 1795 s.
1738 1767 1800 1795 Adi.
1824 1767 1875 1802 est,
1893 1775 1939 1800 vt,
1957 1769 2085 1796 Blattaria
2103 1769 2216 1802 balnea,
2232 1768 2291 1795 Sen.
2303 1764 2388 1802 Epist:
2397 1774 2399 1777 ⁴
2409 1770 2420 1785 ³

1383 1807 1411 1831 in
1423 1804 1512 1840 quibus
1520 1802 1670 1840 frequentes
1677 1803 1740 1840 fiant
1753 1804 1854 1830 blattae.
1891 1804 1928 1830 Ex
1940 1802 2054 1830 humido
2070 1805 2144 1832 enim
2159 1802 2319 1832 balneorum
2335 1811 2361 1829 v
2377 1815 2379 1822 1
2392 1812 2404 1823 ·=
2431 1811 2439 1818 ’¹

1383 1844 1608 1874 progenerantur,
1627 1846 1657 1865 vt
1671 1848 1682 1865 e
1697 1841 1781 1866 Plinio
1793 1840 1880 1875 paullo
1896 1845 1953 1866 ante
1964 1837 2084 1865 vidimus.
2394 1849 2400 1853 -

1420 1881 1436 1901 B
1445 1882 1462 1900 L
1471 1880 1521 1900 A‘r
1530 1880 1551 1899 'r
1560 1881 1576 1900 E
1585 1881 1635 1901 AR
1643 1882 1652 1900 1
1660 1881 1682 1902 v
1690 1882 1703 1901 s
1711 1894 1720 1906 ,
1745 1875 1764 1901 i.
1801 1884 1838 1901 m.
1875 1872 2046 1910 πεταλεργδς,
2065 1873 2145 1902 6101ῐῖ
2157 1876 2218 1903 Vet.
2236 1878 2256 1902 i.
2267 1871 2423 1903 trademur

1386 1919 1399 1936 e
1418 1918 1464 1945 quo
1480 1912 1546 1935 vitio
1559 1909 1630 1942 blatfi
1647 1909 1755 1936 hominis
1774 1909 1898 1936 diflantis
1911 1916 1991 1936 ortum
2004 1908 2115 1938 videtur.

1422 1951 1463 1971 131.
1469 1950 1644 1984 fx'r‘rEvs,
1665 1953 1695 1976 a,
1716 1954 1771 1971 um.
1808 1946 1960 1980 Purpureus.
2003 1945 2112 1981 Eutrop.
2131 1953 2159 1982 7,
2176 1954 2194 1980 9
2218 1946 2296 1973 Nero
2311 1943 2438 1972 inusitati

1386 1979 1494 2007 luxur1a
1507 1980 1574 2011 fuit,
1593 1986 1622 2006 vt
1635 1980 1682 2014 qui
1695 1980 1818 2014 exemplo
1830 1980 1968 2015 Caligulae
1982 1979 2090 2014 frigidis
2100 1988 2127 2008 et
2137 1982 2228 2009 calidis
2239 1981 2375 2008 lanai-etur
2384 1987 2421 2005 vn
2434 1974 2437 1999 l

1386 2016 1506 2051 gumtis,
1527 2015 1611 2042 hamis
1628 2016 1719 2043 aureis
1735 2017 1922 2051 argenteisque
1939 2015 2099 2050 piscaretur,
2118 2023 2184 2052 quae
2200 2016 2307 2043 blatteis
2322 2013 2420 2041 funibu
2438 2021 2440 2030 ⁷

1387 2051 1602 2090 extrahebantur.
1673 2052 1781 2079 Sueten.
1796 2061 1817 2078 c.
1828 2060 1861 2084 3ο
1880 2058 1955 2078 vocat
1966 2052 2128 2085 Purpuram:
2145 2052 2259 2077 piscatus
2274 2050 2324 2079 est,
2342 2050 2422 2084 inquit
2438 2047 2439 2050 ’

1386 2091 1439 2125 reu
1452 2093 1555 2116 aurato,
1566 2096 1698 2122 purpura,
1720 2096 1852 2122 coccoque
1867 2086 1979 2114 funibus
1996 2087 2081 2114 nexis.
2117 2086 2242 2114 Tunicae
2259 2084 2373 2110 blancae
2413 2096 2415 2098 ·
2435 2115 2438 2118 ἢ

1386 2121 1450 2160 pise.
1464 2120 1529 2145 Aur.
1536 2122 1586 2159 *46.
1624 2122 1733 2148 Caffiod.
1747 2124 1809 2150 Var.
1823 2131 1836 2156 ς
1845 2143 1853 2155 ,
1866 2131 1899 2155 34
1916 2123 1946 2148 de
1958 2123 2147 2154 chamaeleonte,
2155 2121 2267 2148 Colores
2279 2119 2338 2144 sitos
2356 2130 2360 2141 ι
2381 2145 2389 2148 .
2402 2118 2421 2153 ‘s'

1386 2156 1457 2182 faria
1470 2154 1597 2190 qualitate
1608 2162 1769 2188 commutat,
1788 2164 1819 2183 vt
1830 2157 1913 2183 modo
1925 2163 2037 2190 veneta,
2049 2157 2133 2184 modo
2145 2157 2259 2188 blattea,
2272 2152 2355 2182 modo
2373 2166 2377 2185 ¹.

1388 2199 1485 2224 cyanea
1499 2190 1622 2225 reperiri.
1665 2190 1722 2218 Vid.
1737 2197 2017 2219 ·BLATTOSER1CVS.
2173 2204 2175 2207 v
2412 2199 2420 2217 ;·

1425 2233 1465 2253 BL
1478 2233 1558 2253 ΑΤΤ
1568 2233 1717 2258 mmvs,
1739 2227 1758 2253 i.
1787 2236 1822 2254 m.
1859 2228 1912 2263 Qi
1918 2227 2028 2264 sericum
2030 2229 2245 2265 purpuratingit.
2283 2226 2366 2260 Leg.1
2417 2222 2419 2237 '¹

1389 2260 1499 2289 Theod.
1513 2262 1544 2288 dc
1566 2262 1658 2288 Excus.
1676 2262 1757 2289 Artif.
1770 2281 1775 2286 -
2372 2260 2374 2263 ’

1425 2304 1497 2324 BLA
1509 2303 1531 2324 Τ
1542 2303 1563 2324 Τ
1575 2296 1587 2324 1“
1595 2304 1681 2331 FER,
1700 2307 1730 2332 a,
1750 2307 1806 2325 um.
1841 2297 1933 2326 Sidon.
1941 2298 2030 2334 Apoll.
2042 2299 2122 2334 Epist.
2136 2307 2164 2332 9,
2178 2300 2208 2326 16
2229 2295 2355 2325 Blattifer
2371 2301 2377 2307 “

1390 2338 1448 2366 tua,
1468 2337 1486 2360 i.
1496 2340 1653 2369 purpureus,
1666 2334 1691 2370 s
1701 2341 1867 2370 purpuratus.

1411 2376 1445 2410 .¹³
1454 2377 1501 2397 LA
1510 2375 1532 2395 T
1541 2375 1561 2395 T
1571 2376 1635 2396 ose
1645 2369 1739 2397 Ricv
1748 2378 1761 2397 s
1770 2391 1778 2403 ‚
1799 2379 1831 2403 a,
1849 2379 1904 2397 um.
1946 2371 1998 2403 Vt,
2016 2369 2130 2397 Panium
2142 2369 2352 2397 blattosericum.
2367 2380 2379 2394 ι.

1390 2406 1452 2440 pise.
1468 2405 1559 2432 Aurel.
1572 2412 1606 2440 45
1627 2406 1658 2432 Et
1672 2415 1732 2432 cum
1744 2405 1777 2433 ab
1791 2415 1824 2433 eo
1837 2415 1905 2433 vxor
1918 2407 1964 2433 sua
1977 2412 2096 2441 peteret,
2133 2412 2142 2432 t
2154 2406 2237 2432 vnico
2249 2405 2333 2440 pallio
2344 2403 2363 2432 b

1392 2441 1477 2467 serico
1491 2447 1627 2474 vteretur‚
1649 2441 1695 2478 ille
1713 2442 1866 2477 respondit,
1887 2441 1972 2475 Absit,
1987 2448 2017 2469 vt
2029 2451 2097 2469 auro
2129 2441 2154 2468 la
2173 2442 2321 2477 pensentur.
2388 2449 2407 2461 1=
2427 2469 2429 2474 ,

1391 2477 1464 2504 enim
1479 2476 1539 2503 auri
1553 2482 1614 2516 tunc
1627 2476 1696 2504 libra
1709 2477 1786 2504 serici
1804 2479 1866 2505 fuit.
1903 2480 1945 2505 Sic
1963 2485 2036 2504 vetus
2055 2484 2080 2505 et
2094 2480 2180 2513 prima
2196 2477 2274 2504 editio
2280 2495 2289 2507 ,
2325 2475 2374 2502 uod
2404 2491 2417 2499 m

1390 2513 1494 2554 damnat
1507 2513 1652 2553 Salmasius,
1666 2523 1719 2539 cum
1735 2517 1808 2540 etiam
1813 2513 1852 2548 fit
1865 2514 2039 2541 Sericoblatta
2048 2534 2057 2547 ,
2077 2513 2104 2540 de
2116 2513 2193 2550 quos
2206 2514 2224 2540 l.
2243 2519 2267 2538 et
2280 2514 2291 2538 i
2320 2520 2359 2537 um
2370 2508 2409 2538 ΒῘ
2425 2498 2432 2522 l

1391 2549 1504 2575 toserica
1518 2557 1546 2575 m
1559 2549 1590 2575 C.
1600 2548 1710 2584 Theod.
1721 2549 1756 2576 'de
1767 2551 1893 2585 murileg.
1913 2550 2029 2584 Quando
2041 2555 2169 2578 trecentas
2181 2556 2262 2584 paene
2273 2547 2295 2574 li
2314 2555 2357 2574 ras
2369 2544 2426 2572 Blasl

1391 2585 1519 2611 tosericae
1537 2593 1592 2610 non
1603 2584 1656 2611 fine
1670 2584 1753 2613 laesae
1765 2587 1908 2613 maiestatis
1921 2587 2034 2613 crimine
2055 2585 2185 2612 coloratas
2204 2590 2254 2610 eu.-
2284 2581 2332 2611 Sed
2346 2583 2427 2619 legion

1390 2627 1472 2648 tamen
1484 2620 1556 2647 hodie
1568 2620 1636 2656 apud
1647 2621 1801 2655 Vopiscum,
1817 2622 1900 2657 pallio
1914 2622 2016 2649 blatteo
2029 2622 2124 2649 serico.
2314 2646 2316 2649 ,
2359 2632 2361 2635 ·
2389 2632 2413 2648 ‚:.

1428 2663 1444 2683 Β
1454 2663 1553 2697 [AX-,-
1566 2656 1626 2683 acis.
1661 2665 1698 2682 nt.
1735 2657 1846 2693 [βλάξ]
1882 2667 1936 2685 vox
1951 2659 2051 2686 Graeca
2058 2657 2105 2690 est,
2115 2665 2182 2692 quae
2194 2653 2311 2684 Bardum
2323 2657 2349 2680 et
2407 2655 2409 2657 ’
2428 2686 2429 2691 ¹

1391 2692 1455 2719 dum
1469 2691 1611 2726 significat,
1630 2698 1658 2718 vt
1671 2695 1710 2719 ait
1724 2693 1812 2720 Festus
1825 2695 1854 2720 in
1868 2694 1977 2721 Blitum.
2033 2691 2177 2722 Diffionem
2197 2697 2276 2718 autem
2292 2690 2356 2717 hanc
2368 2690 2379 2715 i
2436 2692 2437 2711 1

1390 2738 1447 2754 xam
1460 2728 1542 2754 tradit
1557 2728 1654 2754 Caclius
1667 2738 1683 2754 a
1691 2729 1760 2765 pisce
1769 2730 1878 2766 prorsus
1887 2731 1992 2762 inutili,
2013 2736 2037 2757 et
2059 2730 2143 2757 siluro
2160 2726 2300 2766 perfimili,
2320 2734 2335 2761 q

1389 2766 1461 2790 canis
1474 2763 1572 2800 quidem
1585 2766 1705 2800 attingat.
1741 2764 1814 2792 Lec‘t.
1829 2766 1920 2802 Antiq.
1933 2774 1960 2800 9,
1977 2774 2011 2792 11.
2030 2764 2110 2792 Gloff.
2117 2764 2231 2793 Gr.Lat.
2245 2761 2328 2790 Blanx

1391 2799 1456 2836 quod
1467 2801 1533 2828 Scal.
1545 2799 1580 2827 ad
1590 2798 1693 2828 Festum
1703 2803 1792 2828 merito
1803 2801 1915 2830 emendae
1927 2805 1955 2829 in
1966 2801 2040 2830 Btax.

1791 2875 1816 2908 B
1901 2876 1929 2909 L
2010 2876 2040 2909 E

1427 2951 1652 2975 BLECHNON.
1672 2944 1823 2981 [βλῆχνον]
1859 2947 1967 2980 Herba,
1987 2946 2020 2974 de
2032 2954 2086 2981 qua
2096 2944 2165 2972 Plin.
2179 2952 2225 2980 27,
2238 2952 2255 2977 9
2269 2944 2332 2977 1253
2347 2940 2379 2970 F
2416 2939 2418 2943 ’

1391 2980 1446 3008 duo
1459 2991 1553 3016 genera
1566 2991 1613 3009 nec
1626 2983 1719 3009 florem
1734 2981 1833 3009 habent
1844 2991 1894 3010 nec
1907 2984 2004 3010 semen.
2038 2982 2129 3009 Pterin
2150 2981 2247 3008 Graeci
2264 2983 2360 3006 vocant
2374 2998 2376 3003 .

1390 3016 1540 3051 blechnon,
1558 3018 1633 3045 cuius
1656 3027 1689 3045 ex
1707 3027 1759 3045 vna
1777 3018 1867 3045 radice
1884 3018 2032 3054 complures
2051 3023 2147 3044 exeunt
2161 3016 2261 3048 filices,
2277 3014 2342 3042 bina
2366 3030 2374 3035 -

1391 3053 1481 3080 cubita
1494 3054 1647 3081 excedentes
1659 3054 1843 3090 longitudine,
1859 3063 1915 3081 non
1922 3063 2014 3090 graues
2021 3053 2113 3082 odore.
2150 3053 2226 3080 Hanc
2239 3059 2342 3078 marem
2359 3060 2372 3070 -=

1389 3096 1462 3116 mant
1475 3097 1522 3116 etc.

1429 3131 1620 3153 BLEcHoN.
1642 3125 1785 3161 [βλῆχωγ]

1392 3169 1475 3195 gano,
1492 3161 1642 3189 minoribus
1656 3162 1731 3189 foliis
1744 3170 1822 3197 quam
1841 3163 1971 3194 satiuum,
2009 3161 2064 3189 uod
2081 3170 2096 3188 a
2114 3159 2275 3196 quibusdam
2293 3156 2364 3184 011613
2371 3161 2379 3178 ι’

1392 3202 1511 3224 vocatur.
1547 3197 1685 3225 Gustatum
1697 3207 1712 3225 a
1724 3206 1819 3233 pecore
1833 3198 1987 3234 caprisque,
2021 3198 2122 3224 alatum
2134 3196 2258 3223 concitat.
2294 3191 2365 3226 Vnd*

1394 3232 1455 3260 dam
1469 3233 1563 3260 Graeci
1579 3234 1657 3261 litera
1668 3239 1769 3262 mutata
1782 3233 1912 3261 blechona
1924 3239 2098 3261 vocauerunt.
2144 3233 2238 3268 Nempe
2256 3230 2322 3257 alias·
2339 3239 2357 3262 γ

1393 3265 1436 3302 est.
1475 3269 1553 3295 Plura
1568 3269 1634 3296 Plin.
1649 3270 1666 3296 l.
1680 3279 1702 3297 c.
1737 3268 1805 3296 Add.
1820 3270 1898 3304 Apul.
1913 3270 1945 3297 de
1957 3269 2042 3296 Herb.
2056 3279 2078 3297 c.
2092 3277 2117 3302 9.
2196 3286 2197 3290 =
2376 3287 2378 3289 -

1430 3307 1661 3339 ΒιεΜΜγι-ῑς,
1689 3305 1861 3341 [Emptum]
1876 3306 1921 3342 seu
1950 3310 2144 3332 BLEMYAE.
2178 3311 2215 3330 m.
2235 3301 2270 3336 pl.
2290 3301 2342 3335 (vt
2369 3315 2379 3338 ῃ

1392 3342 1458 3366 enim
1481 3342 1595 3377 legitur)
1615 3340 1727 3377 fabulosi
1749 3342 1837 3376 Populi
1858 3345 1886 3368 in
1901 3341 2053 3377 Aethiopia,
2071 3337 2191 3372 Austrum
2208 3335 2378 3373 versuncap‘·

1391 3382 1524 3409 carentes,
1543 3385 1590 3403 ore
1610 3384 1637 3403 et
1660 3376 1744 3403 oculis
1757 3376 1864 3411 -peftori
1887 3375 1989 3410 affixis,
2009 3383 2040 3404 vt
2051 3379 2091 3407 ait
2103 3374 2169 3401 Plin.
2178 3382 2201 3407 5,
2209 3378 2231 3403 8-
2268 3372 2343 3409 Conf-
2375 3401 2378 3406 ,

1395 3418 1432 3446 ¹7·
1489 3413 1595 3447 Vopisc.
1609 3412 1697 3439 Probo
1711 3420 1749 3447 17.
1785 3420 1808 3438 et
1829 3413 1922 3441 Zosim.
1939 3421 1959 3446 1,
1969 3421 2008 3448 71.
2081 3409 2174 3438 Claud.
2189 3409 2258 3436 Nilo
2273 3416 2302 3442 19
2322 3407 2381 3438 Per

1392 3449 1458 3474 rnen
1467 3468 1476 3479 ,
1497 3448 1670 3483 Blemyasque
1682 3448 1771 3481 feros,
1787 3454 1924 3484 atramque
1936 3449 2047 3482 Syenen.

1394 3489 1447 3545 ΡΓΒ
1461 3490 1477 3510 L
1490 3490 1508 3511 E
1524 3491 1547 3510 N
1560 3491 1582 3510 N
1597 3492 1608 3512 1
1622 3490 1643 3511 v
1657 3492 1690 3518 s,
1711 3484 1731 3511 i.
1770 3493 1806 3512 m.
1843 3485 1923 3512 Piscis
1955 3483 2056 3519 mugil,-
2074 3481 2207 3514 laudatur,
2219 3479 2309 3518 salso,
2328 3487 2365 3506 ar

1425 3528 1460 3545 m.
1473 3527 1514 3552 32,
1529 3528 1554 3553 9.
2422 3545 2426 3550 .

1433 3559 1449 3581 1³
1458 3562 1473 3582 L
1482 3561 1498 3581 Ε
1507 3562 1529 3582 N
1538 3562 1561 3581 N
1570 3562 1589 3582 o
1597 3561 1620 3582 s.
1638 3553 1767 3591 [hb-911⁶]
1801 3556 1899 3583 Stultos
1911 3556 1960 3583 etse
1971 3554 2075 3582 Plautus
2092 3552 2192 3579 indicat
2208 3550 2318 3585 (Bacch.
2331 3557 2355 3584 5,
2376 3557 2390 3583 ’,
2419 3555 2421 3559 ’

1395 3591 1442 3625 qui
1457 3591 1511 3624 ait,
1529 3591 1623 3624 Stulti,
1641 3590 1749 3625 stolidi,
1769 3591 1854 3626 fatui,
1879 3591 1971 3626 fungi,
1988 3588 2082 3621 bardi,
2100 3587 2209 3621 blenni,
2228 3587 2358 3615 buccones
2373 3591 2384 3614 ὰ
2421 3611 2425 3619 ,,

1394 3625 1454 3652 stus.
1528 3626 1622 3653 Blcnni
1641 3630 1684 3663 qui
1702 3627 1833 3659 dicuntur,
1844 3627 1885 3662 fic
1902 3632 2037 3655 vocantur,
2054 3630 2084 3650 vt
2104 3624 2222 3657 Mucosi,
2242 3623 2271 3650 id
2283 3620 2326 3657 qli,
2346 3628 2365 3679 ἴ
2378 3646 2387 3663 ,Β
2421 3629 2423 3631 ’

2372 3661 2397 3678 ‚4¹¹¹
2413 3671 2416 3672 .

2390 1668 2414 1681 Ιμ,

1772 1662 1793 1689 f.
1833 1662 1926 1690 Herba
1937 1662 1974 1689 est
1985 1661 2114 1689 verbasco
2126 1660 2235 1694 similis,
2254 1658 2330 1687 foliis
2353 1653 2383 1682 .'·'

2436 2311 2461 2362 l?

2358 2800 2402 2840 ³¹.st

1821 3124 1910 3153 Plinio
1923 3124 2047 3153 Siluestre
2060 3125 2098 3152 est
2116 3123 2267 3160 pulegium,
2283 3119 2379 3155 simile.

2424 3451 2433 3471 't

1395 3696 1486 3724 blenni
1506 3697 1560 3724 vid.
1579 3698 1681 3725 Taubm.
1695 3698 1730 3725 ad
1742 3698 1825 3725 Plaut.
1839 3697 1917 3725 Curc-
1930 3705 1956 3729 2,
1970 3704 1993 3728 3,
2006 3703 2046 3728 39.
2069 3695 2113 3721 vbi
2127 3697 2150 3723 I.
2172 3697 2272 3722 Gruter.
2287 3700 2336 3730 pro

1393 3734 1415 3760 Ie
1435 3737 1456 3760 it
1471 3733 1583 3760 Blennos
1598 3745 1604 3760 :
1640 3743 1700 3770 quos
1713 3741 1736 3761 et
1751 3735 1773 3761 Ι.
1792 3733 1903 3760 Wower.
1924 3733 2024 3767 exponit
2045 3730 2140 3757 Ieiu'nio
2154 3731 2298 3767 foetentes,
2316 3730 2345 3756 vi

1395 3743 1433 3795 ady
1442 3769 1527 3796 Sidon.
1541 3769 1620 3804 Epist.
1635 3778 1657 3802 3,
1672 3778 1696 3802 13
1714 3768 1806 3795 Plenos
1820 3774 1901 3794 tamen
1908 3767 2023 3804 seruauit
2038 3768 2178 3794 Gronouius
2192 3773 2216 3794 et
2222 3764 2323 3802 pofft'mt
2343 3771 2355 3790 e

1388 3806 1456 3840 pleri
1467 3806 1614 3842 mucilagine
1628 3812 1652 3831 et
1659 3804 1790 3841 sordibus,
1807 3802 1913 3865 quodsi·
1924 3805 1952 3829 in
1972 3805 2073 3829 ieiunio.

1886 3839 1953 3874 ρων]
1990 3838 2113 3864 Carnicum
2123 3846 2208 3865 nomen
2226 3835 2348 3874 afitperci
