2474 4182
79 162 156 189 1201
437 142 471 182 C
557 141 593 180 Ο
683 139 725 178 N
1573 139 1606 177 C
1697 141 1733 180 O
1824 141 1867 181 N
2134 166 2222 194 1202

79 247 103 273 p·
116 241 157 270 ¹48
181 234 255 268 QVI
281 232 409 259 VIXIT
436 230 544 258 BENE
564 228 621 255 ET
642 224 978 253 CONSVMMAVIT
998 226 1044 252 BE
1055 225 1118 252 NE.
1183 223 1304 257 Tempus
1318 223 1346 250 in
1364 223 1450 250 Poetis
1471 226 1624 253 euoluendis
1655 229 1709 255 Cic.
1724 229 1756 255 de
1770 230 1827 257 Fin.
1849 239 1868 264 ι,
1883 240 1920 266 71.
1992 236 2137 272 Temporis
2156 243 2222 268 mul-

79 274 182 300 Sueton.
198 269 282 303 Calig.
296 278 317 294 c.
326 278 364 301 44
395 268 585 294 Consummare
597 262 720 289 dicuntur
734 261 902 287 centuriones
921 271 976 287 cum
995 262 1120 297 Icgz'tzmos
1181 264 1238 285 tum
1253 259 1280 283 in
1295 258 1341 285 ista
1355 268 1404 285 vna
1420 259 1596 294 disputatione
1615 263 1653 289 ld.
1669 265 1745 291 Acad.
1760 275 1787 299 4,
1804 276 1839 293 12.
1912 268 2049 304 Tempora
2063 275 2139 309 longa
2162 278 2223 303 pm,

77 316 153 335 annos
167 303 321 339 etstipemlm
336 305 505 340 abfhluerunt,
527 307 549 327 et
564 303 612 325 iam
624 297 659 337 μά
672 299 782 332 primum
797 298 875 332 pilum
884 300 1041 337 perueniunt.
1080 297 1120 336 S{c
1183 300 1249 336 pert.
1271 303 1290 325 1,
1310 303 1331 326 3,
1350 303 1389 329 37.
1461 297 1549 335 Vbera
1570 304 1624 324 tota
1646 299 1673 325 in
1692 300 1780 327 dulces
1799 309 1882 335 natos,
1897 304 1926 330 cle·
1939 314 2022 331 vacas
2038 308 2117 342 jocus
2150 313 2212 346 Virg

79 343 197 371 promit„
211 341 319 374 strateg,
334 349 361 372 4,
375 348 397 371 3,
414 347 438 365 ιε
467 336 561 364 Modus
575 341 734 367 agri‚quem
753 333 927 359 consumunmt
941 333 1038 359 milites
1054 340 1119 358 acci·
1184 331 1281 363 (Jcorg.
1293 338 1328 368 ¹3,
1349 335 1401 364 178-
1444 365 1449 370 ¹
1472 331 1585 364 L¹1¹·34‚
1602 342 1613 365 ς
1639 336 1692 367 Qii
1715 341 1802 363 tamen
1822 339 1895 372 plura
1917 341 2002 366 Verba
2025 342 2050 367 in
2073 333 2224 380 castigandis

78 378 169 413 piunt,
187 379 206 403 i.
220 379 262 412 qui
274 368 503 404 consummarunt,
520 369 718 405 &solim-mirque
737 366 825 400 ifflum
845 378 967 394 ›irunt-rum
980 366 1119 403 stipendio·
1141 372 1154 398 5
1184 372 1328 404 matronis,
1350 374 1428 400 quain
1443 375 1469 391 ιιι
1483 368 1620 400 rogatione
1633 371 1719 396 nostra
1739 371 1918 406 dissimdenda,
1944 377 2091 404 consulunt.
2164 383 2223 407 Am.

76 422 147 443 rum,
167 415 262 448 eiusque
276 413 456 446 rcipraemium
469 408 620 434 uacationem
635 410 658 429 ct
671 412 745 439 agros
760 406 896 439 accipiunt.
958 403 1023 429 Plin.
1039 402 1119 437 Epist.
1183 401 1303 437 bigitur,
1324 401 1529 428 consumserunt·
1549 404 1647 429 Vocem
1670 406 1727 432 cius
1750 408 1845 435 instans
1866 418 1950 437 metus
1982 413 2049 439 Tac.
2067 416 2099 440 ll.
2118 424 2123 440 1
2151 426 2180 447 ψ
2205 427 2212 442 ι

76 457 114 479 10,
127 453 160 479 48
185 448 275 481 Cogor
294 452 381 481 petere
398 454 412 471 a
428 450 468 475 te,
483 449 536 467 non
552 439 637 465 solum
652 439 687 465 ob
701 439 851 471 theatrum,
869 448 963 465 verum
983 439 1064 464 etiam
1082 437 1118 465 ob
1182 439 1199 463 ι’.
1216 437 1341 461 adnuerit.
1380 436 1456 463 Auo't.
1468 437 1499 463 ad
1509 438 1607 464 Heron.
1623 447 1631 464 1
1647 448 1667 465 c.
1681 449 1692 472 3
1723 443 1848 470 Inncutio
1861 442 1886 471 in
1899 447 1941 472 sex
1955 455 2039 482 partes
2053 436 2225 477 consmmtiiri

77 483 140 512 haec
155 482 258 510 balinea
276 483 364 508 mittas
381 476 551 506 architeetum
567 474 760 509 dispeEIurum‚
781 481 871 501 vtrum
890 474 919 500 sut
934 474 1026 513 Vtilius
1036 494 1044 505 ,
1063 473 1120 507 post
1220 478 1238 498 C
1252 478 1270 496 0
1283 478 1303 496 N
1315 480 1326 497 S
1337 479 1389 498 VM
1399 480 1415 499 Ε
1425 479 1445 498 Ν
1456 480 1467 499 S
1477 493 1484 505 ,
1505 474 1581 499 entis.
1615 475 1681 500 Part.
1712 478 1788 505 Aetas
1803 481 1955 508 consumens
1970 487 2107 512 materiem
2120 494 2226 512 omnem

78 520 194 547 sumtum
207 519 253 553 qui
267 517 351 544 sachis
368 516 418 547 est,
438 520 546 548 quoquo
561 511 642 537 modo
658 512 840 537 constmunare
852 511 941 544 Opera
956 515 982 535 vt
996 508 1119 535 inchoata
1184 507 1260 534 Lucr.
1277 515 1297 537 1,
1312 509 1371 533 226.
1406 508 1475 534 Ami.
1491 509 1569 543 Vulg.
1585 509 1662 535 Dent.
1677 519 1702 543 9,
1717 521 1736 543 3·

77 556 150 582 sum:
173 564 205 580 an
219 562 285 588 quae
299 552 436 581 videntur,
457 554 501 573 etc.
574 546 688 573 Librum
708 547 889 572 consummare
919 544 1038 571 Scribon.
1060 552 1118 578 245.
1136 552 1165 569 10
1221 548 1238 568 C
1250 548 1385 568 ONSVM
1398 549 1416 568 o
1428 551 1455 569 R.
1489 545 1548 571 Pass.
1587 547 1776 583 [λυμαίνομαι]
1813 552 1912 584 Mimai,
1938 554 1973 580 ad
2002 557 2068 584 nihi}
2093 561 2202 594 paullnl

76 592 146 617 Vota
164 590 201 616 Id.
214 589 293 624 Epist.
364 587 468 613 Sacrum
481 583 679 614 consuminare,
703 583 823 619 Peragere
832 582 933 619 Jiicrum
965 581 1024 606 Sen.
1039 580 1118 606 Herc.
1182 578 1279 639 ἱεᾴίςὶ,
1298 583 1344 608 vt,
1364 579 1512 640 Confiuulor
1527 580 1568 642 ficti
1589 581 1662 642 gaes.
1675 582 1846 617 aaronis,
1856 596 1894 620 4¹-
1966 592 2092 620 lucendio
2107 574 2227 625 confinxi

133 645 139 651 .
172 635 188 650 0
223 646 228 651 ¹
1207 623 1242 639 ιιι.
1259 621 1299 646 27,
1316 620 1347 638 ιι.
1435 623 1466 640 ne
1488 624 1511 641 ia
1556 625 1587 642 ic.
1617 625 1667 642 am.
1677 620 1715 648 16,
1732 627 1766 645 12.
1838 623 1916 649 Senio
1930 632 1955 650 et
2025 639 2043 643 ..
2072 640 2075 643 ,
2112 642 2118 646 ,
2165 634 2173 640 .

77 627 132 687 Ρυὲ
143 633 431 687 οΙΝδξνΜΜᾸοι-νς,
445 664 469 687 a,
481 663 535 680 um.
550 655 618 680 Part.
633 652 828 686 [τετελεσμένος]
847 652 934 678 Huius
947 651 1119 678 summaeter-
1183 649 1244 676 Liu.
1260 657 1305 681 40,
1320 655 1362 680 54.
1434 650 1475 675 Ab
1489 652 1563 677 annis
1577 652 1663 686 longis
1689 654 1770 680 Ouid.
1783 655 1810 681 in
1824 657 1884 683 Ibin
1899 668 1949 692 ,43‘
1969 636 2226 701 Πιοὲιίἳιίἷιζᾚέὲιὲιᾶξ

75 697 141 723 tiam
155 702 255 730 partem
269 694 351 720 statuo
370 696 440 723 CCC,
461 690 579 717 ciusdem
593 696 693 724 partem
706 689 843 715 decumam
859 695 912 719 xc,
930 686 997 713 fiunt
1010 692 1120 713 cccxc:
1183 685 1352 711 consumerer
1365 691 1433 723 aeuo
1454 685 1528 724 γῆς.
1544 687 1595 713 Ecl.
1612 697 1649 720 10,
1664 697 1706 722 43.
1882 692 1902 730 Ἴ
1924 704 1940 722 2
1977 699 2101 728 peculim-c
2113 703 2146 737 ‘st
2157 705 2221 732 ’,ΠΛ

76 732 127 759 hoc
144 732 224 758 sexies
238 728 384 757 ducendum
399 726 450 757 est,
475 726 603 760 quoniam
619 726 660 751 sex
675 725 756 750 latera
772 724 846 755 sunt,
863 732 931 757 quae
943 723 1122 749 consummata
1139 727 1164 753 ¹5
1184 719 1266 760 Dolus
1280 719 1444 746 eonsumitur
1457 729 1484 745 in
1499 723 1651 755 pecuniam,
1671 723 1893 760 pollicitationes,
1918 731 2131 765 diffimmmmncs
2193 718 2200 732 ι
2220 727 2228 738 ι

76 766 193 794 efficiunt
205 767 258 793 duo
270 763 347 790 milia
360 762 503 790 trecenteni
519 768 545 788 et
559 760 732 796 quadraginta
763 759 870 786 Colum.
886 766 908 790 5,
923 767 946 791 2,
961 767 1006 798 ιο..
1052 756 1121 784 Αιίἅ.
1183 762 1348 798 murationes,
1358 761 1413 797 ⁴etc.
1449 755 1550 784 Auctor
1564 758 1595 783 ad
1610 760 1726 786 Herenn.
1740 769 1763 793 3,
1776 769 1797 792 3,
1817 765 1834 788 j,
1848 763 1988 800 dim-duur,
2007 760 2147 807 ammam,
2174 751 2228 769 ma-

75 812 99 836 3,
113 812 133 836 3,
147 808 168 833 8.
182 811 204 835 3,
218 809 243 834 9,
256 801 281 826 6.
458 795 480 835 ff
501 806 517 824 2
552 794 700 831 Perses-sus,
719 795 850 829 absolutus.
899 795 950 826 Vt,
969 794 1035 820 Plin.
1049 802 1087 826 14,
1102 802 1120 827 4
1174 791 1230 826 stat
1245 792 1285 817 lm
1292 791 1427 827 speciebus.
2143 796 2152 808 5
2173 787 2230 803 ⁶⁰²¹-

75 840 107 865 ln
119 838 206 865 nostra
218 841 302 862 aetate
315 843 396 869 pauca
408 833 526 867 exempla
541 834 733 859 consummatae
747 830 826 856 huius
840 830 902 856 artis
917 830 1001 856 fuere.
1047 829 1122 855 Bella
1221 833 1238 853 C
1249 834 1268 853 0
1278 835 1298 853 N
1309 834 1320 853 s
1331 834 1349 852 v
1359 832 1410 853 MT
1421 833 1441 852 v
1450 833 1474 858 s,
1487 835 1512 859 a,
1526 835 1581 853 um.
1598 827 1664 853 Part.
1683 830 1844 865 [avlamvfflig
1863 832 2018 875 δαπανηθάς]
2044 843 2086 874 Vt,
2102 845 2229 874 Consum-

75 874 145 910 gessa
156 879 181 900 et
194 872 372 898 consummata
405 870 460 895 Cic.
475 868 590 903 Philipp,
608 876 640 899 11,
654 874 682 900 17
694 876 716 892 c.
731 873 758 900 7.
830 865 987 899 Eloquentia
1000 866 1120 891 consum·
1184 867 1225 889 tus
1238 872 1252 889 a
1267 862 1337 896 peste
1363 862 1429 888 Plin.
1443 870 1480 894 1¹,
1496 867 1529 892 18.
1585 863 1649 888 Acie
1663 866 1812 893 consumtus
1826 870 1893 896 Vell.
1910 880 1934 904 2,
1949 882 1986 906 52,
1999 886 2024 908 4.
2082 880 2182 908 Dolore
2195 884 2230 910 la-

74 915 141 937 mata
150 907 276 942 Quincti
292 908 414 933 Prooem.
427 914 468 932 20.
507 901 800 930 ConfinnmatiMilites
816 901 885 926 modo
900 901 1027 935 explicati.
1056 902 1123 926 Hinc
1134 908 1169 927 20
1183 898 1247 938 teris
1267 899 1323 924 Cic.
1337 897 1370 924 de
1386 899 1461 925 Orat.
1475 907 1498 930 3,
1514 899 1538 924 6.
1593 898 1710 938 Delubra
1724 901 1852 929 lut-endiis
1873 906 1941 933 Tac.
1958 910 1991 936 H.
2008 920 2015 936 1
2042 921 2056 938 2
2080 923 2092 946 3
2159 919 2196 943 ιη’

75 945 276 973 consummatus
290 948 315 969 et
329 942 383 969 iam
397 942 459 968 foro
473 940 557 966 clarus
577 939 649 965 Idem
663 946 702 969 10,
715 945 737 970 5.
811 936 928 962 Martial.
952 945 971 968 1,
985 945 1001 968 9
1039 936 1121 970 Quod
1184 942 1240 965 ria,
1273 934 1360 973 fame,
1392 934 1505 966 morbo,
1539 932 1658 975 vastitate
1680 936 1811 964 consumti
1846 941 1899 967 Cic.
1919 943 1951 969 de
1971 929 2230 979 Proiniric.'c0ns¹u'

74 980 163 1014 magni
174 979 328 1010 Thraseae,
345 975 573 1010 consummatique
589 973 707 1000 Catonis.
778 972 887 998 quenis
906 971 1121 998 consummatuli-
1182 970 1272 995 Morte
1291 969 1390 1009 Tibul.
1407 978 1426 1001 ¹,
1441 978 1462 1001 3,
1477 978 1513 1002 53-
1538 1005 1544 1009 ἱ
1585 970 1642 996 Cic.
1656 970 1688 996 de
1701 971 1824 998 Vniuers.
1841 977 1868 999 16
1883 985 1904 1001 c.
1920 981 1935 1003 6
1957 979 2013 1006 Nec
2029 993 2092 1010 vero
2105 963 2229 1016 deficiat-⁵⁸

72 1025 130 1043 mus
150 1015 216 1042 plin·
226 1014 305 1049 Epist,
319 1022 345 1046 2,
360 1021 386 1048 7,
441 1011 541 1038 praelia
561 1011 658 1036 Lucan.
674 1018 691 1039 1,
706 1016 758 1042 337.
814 1008 972 1034 Proscfl‘ores
988 1007 1120 1041 Quinetil.
1182 1005 1228 1031 bat
1243 1011 1287 1031 aut
1299 1005 1424 1031 alimenta
1437 1013 1568 1039 corporis,
1582 1011 1627 1045 ‘3²¹¹
1639 1005 1831 1034 detraffionem
1845 1011 1969 1039 Confeeti
1985 1023 2010 1042 et
2024 1022 2154 1049 consumti
2167 999 2232 1052 ciba*-

75 1059 86 1079 1
113 1060 139 1084 9.
194 1049 326 1078 Columcl.
341 1058 372 1081 ιι,
388 1057 408 1080 1,
423 1057 446 1074 ιι
467 1047 567 1074 Nullus
581 1045 616 1072 est
630 1045 824 1071 consummatae
838 1044 989 1077 sapientiae.
1183 1040 1257 1066 Idem
1271 1040 1303 1066 de
1318 1040 1439 1066 Vniuers.
1456 1043 1485 1072 36
1509 1042 1546 1066 Ita
1560 1047 1682 1068 orientur
1698 1043 1859 1078 animantes,
1878 1055 1946 1081 quos
1961 1056 1987 1075 et
2001 1053 2083 1080 Viuos
2096 1058 2171 1085 alatis
2212 1036 2233 1087 l}

88 1072 98 1085 2
110 1093 127 1114 C
139 1093 158 1113 O
168 1093 190 1111 N
199 1094 212 1114 s
221 1093 241 1112 v
250 1094 275 1113 M
286 1093 308 1111 M
319 1092 340 1112 Α
349 1092 370 1111 'r
379 1092 387 1111 1
397 1091 433 1116 Ο,
462 1083 529 1109 finis,
553 1082 572 1108 f,
608 1081 749 1115 [συντέλεια
758 1100 767 1112 ,
786 1079 925 1113 ‹sacimas-J
961 1078 1121 1113 singularum
1132 1078 1168 1113 25,¹
1183 1077 1343 1103 Consumtos
1356 1076 1411 1102 sinu
1425 1076 1568 1110 recipiatis.
1642 1079 1672 1104 Et
1685 1078 1717 1104 de
1732 1080 1807 1106 Orat.
1820 1089 1843 1113 3,
1858 1090 1905 1108 100
1923 1084 1954 1110 In
1967 1094 2021 1120 quo
2034 1095 2103 1116 tanta
2116 1071 2232 1123 coming-

65 1126 183 1159 partimn
195 1119 410 1157 colIcHasumma.
453 1120 509 1145 Hac
523 1115 749 1145 consummatione
763 1124 874 1150 operum
888 1114 1035 1148 colligitur,
1050 1113 1120 1147 poss'e
1184 1113 1242 1138 veri
1264 1112 1343 1153 Αὲζιο
1362 1121 1417 1138 non
1429 1113 1524 1146 pollet,
1546 1111 1562 1152 l}
1576 1113 1635 1139 esset
1656 1115 1791 1142 consumta
1812 1117 1948 1151 superiore
1965 1128 2040 1148 motu
2060 1131 2084 1150 et
2102 1128 2224 1158 exhausta

71 1167 164 1192 agrum
178 1157 351 1184 ducentorum
365 1155 489 1190 iugerum
503 1153 590 1188 subigi
605 1151 709 1179 duobus
722 1152 792 1185 iugis
804 1151 888 1177 boum
901 1149 1066 1189 totidemque
1075 1148 1123 1175 bu·
1185 1149 1275 1174 Annus
1297 1147 1342 1174 ml.
1359 1156 1394 1180 ις,
1408 1152 1469 1182 408.
1527 1148 1588 1174 Dies
1603 1158 1649 1183 per
1664 1150 1824 1178 discordiam
1844 1154 1911 1180 Tac.
1926 1156 1961 1181 H.
1975 1167 2003 1190 4,
2017 1168 2060 1193 43,
2075 1168 2096 1192 ς,
2133 1152 2232 1192 gallust'

70 1194 158 1220 bulcis
179 1200 204 1220 et
222 1194 263 1220 sex
279 1191 442 1218 mediastinis
470 1190 576 1217 Colum.
592 1196 663 1221 2„13.
735 1187 897 1221 Pomponius
911 1186 940 1212 in
958 1185 1024 1225 ¹23¹
1044 1185 1122 1219 plura
1184 1183 1312 1219 Iugurtha
1330 1191 1360 1215 25
1397 1184 1433 1209 Ac
1454 1183 1554 1223 tametsi
1577 1184 1685 1211 Senatus
1704 1187 1793 1213 verbis
1815 1197 1908 1222 graues
1926 1192 2015 1219 minae
2034 1187 2233 1227 nuntiabantur¹

72 1229 105 1257 D.
119 1231 152 1256 de
165 1229 250 1256 Aedil.
264 1227 368 1259 εάίθῐο,
395 1226 476 1260 Qiod
490 1225 508 1252 si
522 1224 685 1260 singulorum
698 1223 894 1257 mancipiorum
908 1220 1053 1246 constituto
1066 1229 1123 1254 pre·
1183 1219 1256 1254 quod
1269 1219 1302 1245 ab
1316 1225 1514 1259 oppugnatione
1530 1228 1584 1245 non
1597 1220 1744 1249 desisteret:
1769 1225 1853 1251 multa
1867 1231 1954 1253 tamen
1967 1229 2097 1258 Oratione
2117 1222 2236 1263 consum:

71 1267 130 1299 tio,
149 1265 272 1292 vniuersa
290 1264 357 1291 tanti
376 1263 533 1294 venierunt,
565 1266 694 1296 quantum
713 1268 744 1285 ex
765 1256 991 1284 consummatione
1010 1255 1166 1291 singulo-30
1183 1262 1225 1288 ta,
1245 1255 1342 1282 frustra
1358 1255 1439 1289 legati
1454 1254 1586 1281 dicessere.

73 1310 135 1328 rum
148 1300 243 1333 fiebat,
263 1306 324 1327 tunc
337 1299 517 1333 cuiuscunque
532 1296 659 1330 mancipii
675 1295 805 1330 pretinm,
829 1293 881 1318 [δυ’
893 1292 992 1326 Pluris,
1007 1293 1052 1318 seu
1071 1293 1122 1318 ¹¹¹1·
1219 1298 1236 1318 C
1246 1298 1317 1318 ONs
1327 1298 1347 1316 V
1358 1298 1381 1316 M
1394 1297 1416 1317 T
1428 1299 1437 1316 1
1447 1298 1482 1323 o,
1504 1291 1572 1316 “mis-
1595 1291 1613 1317 f·
1639 1292 1848 1329 [κατανάλωσις]
1886 1298 1942 1324 Cic·
1956 1299 1988 1325 de
2002 1301 2127 1330 Vniuers.
2143 1308 2171 1332 16
2184 1316 2205 1333 c.
2219 1310 2237 1334 6

73 1338 147 1364 noris
166 1336 194 1363 id
214 1337 290 1369 esset,
318 1335 392 1370 sequi
410 1334 544 1361 debemus.
616 1333 658 1360 Sic
674 1330 782 1358 Peracto
799 1328 902 1355 ambitu
922 1329 1043 1362 Europae
1063 1328 1122 1355 red·
1182 1328 1276 1362 Itaque
1289 1327 1382 1361 seipse
1396 1327 1582 1353 consumtione
1603 1333 1628 1353 et
1643 1328 1717 1355 senio
1735 1329 1820 1357 alebat
1837 1332 1885 1358 sui.
1956 1336 2034 1363 Auci.
2050 1340 2080 1365 ad
2095 1341 2184 1368 Here„
2210 1353 2228 1377 4

73 1372 157 1400 denda
174 1371 366 1400 consummatio
380 1370 425 1403 est,
439 1379 472 1397 ne
485 1369 622 1404 quidsnon
640 1368 668 1394 in
687 1365 811 1399 expedito
829 1364 859 1390 fit
880 1364 987 1390 noscere
1008 1364 1121 1390 volenti·
1182 1371 1211 1395 32
1223 1373 1244 1403 c.
1260 1371 1293 1389 22.
1326 1364 1473 1403 Propterea·
1487 1361 1560 1397 quod
1578 1372 1633 1388 non
1646 1363 1710 1391 haec
1723 1365 1850 1393 videntur
1862 1370 1976 1403 reperiri
1993 1374 2062 1407 posse
2076 1375 2128 1403 line
2142 1363 2239 1406 Ela'boss

73 1409 123 1436 bus
142 1407 206 1435 Plin.
221 1417 248 1442 4,
264 1417 300 1441 23.
498 1403 518 1443 ff
541 1413 556 1431 2
593 1405 654 1430 Item
667 1398 803 1436 Per-festio.
840 1399 898 1425 sen.
914 1398 945 1425 de
953 1400 1095 1426 Breu.Vit.
1110 1408 1120 1425 1
1183 1404 1288 1424 ratione
1302 1404 1328 1424 et
1345 1399 1530 1424 consumtione
1545 1407 1651 1433 operae.

75 1445 138 1472 Vita
151 1445 178 1471 in
194 1445 370 1471 maximarum
391 1450 481 1469 rerum
494 1436 748 1467 consummationem
761 1435 834 1469 large
848 1435 916 1461 data.
982 1435 1050 1461 Plin.
1066 1440 1089 1468 8,
1105 1442 1123 1469 7
1136 1435 1165 1461 35
1218 1441 1235 1460 C
1244 1440 1262 1459 O
1273 1441 1294 1459 N
1304 1441 1316 1460 S
1327 1439 1348 1459 V
1360 1440 1386 1459 M
1397 1439 1419 1459 Τ
1432 1440 1450 1460 o
1461 1441 1481 1474 ιι
1490 1455 1498 1467 ,
1518 1435 1582 1474 oris.
1600 1443 1636 1460 m.
1673 1436 1839 1472 [λυμαντὴρ]
1877 1439 1932 1466 Cic.
1946 1442 1978 1468 de
1993 1443 2056 1470 Nat.
2073 1446 2152 1474 Deor.
2169 1458 2180 1474 ε
2206 1458 2237 1484 4¹

71 1481 103 1507 In
123 1480 350 1507 consummatione
363 1477 555 1512 gladiatorum,
572 1477 590 1500 i.
610 1482 663 1499 cum
682 1472 845 1507 compleretur
862 1480 977 1497 numerus
995 1480 1119 1497 annorum
1184 1477 1206 1495 c.
1223 1475 1249 1501 15
1271 1470 1357 1502 Atque
1371 1469 1462 1510 noster
1474 1478 1560 1504 ignis,
1587 1479 1667 1510 quem
1681 1471 1740 1497 vsus
1754 1473 1825 1498 vitae
1837 1476 1968 1509 requirit,
1990 1481 2129 1508 confstqm.
2143 1469 2192 1510 est’-
2212 1493 2238 1513 et

71 1517 113 1542 vel
117 1523 262 1551 pugnarum
308 1524 354 1551 quo
369 1514 484 1547 completo
496 1509 670 1545 absoluantur,
696 1514 719 1534 et
734 1517 751 1534 a
759 1506 896 1543 pugnandi
913 1506 1050 1542 necestitate
1063 1507 1121 1533 lihe-
1182 1505 1345 1544 consumtor
1357 1512 1490 1531 omnium.
1583 1506 1790 1534 circumuentus
1810 1508 1961 1538 adolescens
1981 1514 2014 1540 ab
2032 1515 2086 1541 illis
2106 1522 2238 1548 veteranis

70 1559 170 1578 ramur,
269 1538 278 1550 ’
367 1546 388 1585 q
405 1555 418 1578 3
456 1545 675 1574 Consummatio,
701 1543 827 1569 rhetorum
858 1541 950 1569 choma.
988 1541 1122 1576 Qiinefil.
1184 1539 1398 1571 consumtor-ibus
1426 1540 1483 1566 Sen.
1499 1541 1559 1566 Exc.
1573 1541 1666 1567 Contr.
1678 1549 1701 1573 3,
1715 1550 1734 1568 1.
2261 1567 2266 1571 ⁴

70 1595 88 1620 9
113 1595 126 1613 2
152 1594 194 1618 103
213 1587 280 1613 Cum
294 1584 367 1618 plura
382 1587 537 1617 argumenta
549 1580 581 1607 ad
596 1589 678 1606 vnum
693 1578 817 1604 effectum
848 1578 1005 1606 educuntur.
1220 1583 1237 1603 C
1247 1583 1265 1603 o
1275 1582 1441 1602 NSVMTR
1451 1584 1505 1608 ix,
1531 1575 1588 1602 icis.
1614 1576 1634 1603 f.
1672 1577 1770 1604 Bruma
1784 1577 1820 1605 est
1833 1581 1968 1615 ampliflui
1983 1586 2148 1615 consumtrix
2161 1590 2241 1619 saeua

89 1607 148 1649 'c’o
158 1629 180 1647 Ν
189 1628 202 1647 s
213 1627 231 1645 v
242 1627 266 1646 M
278 1626 302 1645 M
312 1620 363 1645 ᾸΤ
372 1624 391 1644 O
401 1625 438 1651 R,
470 1617 535 1644 oris.
573 1625 608 1643 m.
645 1614 771 1649 cyprian.
785 1613 817 1640 de
831 1614 919 1649 Lapsis
939 1623 960 1640 c.
974 1621 996 1648 5.
1011 1620 1035 1640 et
1048 1613 1166 1646 Ter-40
1181 1612 1282 1639 laboris
1294 1611 1388 1638 Strabo
1409 1611 1477 1639 Gall.
1495 1613 1573 1638 Hort.
1588 1612 1671 1652 praef.

67 1657 125 1684 tull.
140 1656 199 1683 adu.
214 1655 297 1682 Marc.
313 1663 342 1688 4,
357 1662 399 1680 22.
1064 1652 1066 1654 ’
1220 1655 1264 1688 co
1275 1654 1297 1688 N
1308 1655 1320 1674 s
1332 1654 1351 1673 v
1361 1653 1416 1674 ΜΤ
1426 1655 1460 1674 11.
1471 1655 1501 1674 1s
1511 1667 1518 1678 ,
1531 1656 1555 1674 e.
1573 1647 1634 1675 Adi.
1666 1648 1776 1676 Praedia
1793 1658 1854 1678 cum
1867 1653 1995 1681 omnibus
2032 1671 2078 1679 -
2114 1661 2162 1687 vsu
2176 1671 2239 1690 con„

105 1699 123 1719 c
133 1699 183 1719 οΝ
194 1699 236 1719 sv
249 1698 273 1717 M
284 1688 385 1716 imni
396 1695 412 1714 L
423 1695 464 1719 is,
478 1696 501 1714 e.
528 1687 588 1714 Adi.
624 1687 683 1713 Sen.
698 1685 778 1721 Epist.
792 1694 827 1718 92
847 1685 928 1711 Ratio
942 1684 976 1711 in
992 1684 1044 1713 diis
1059 1691 1121 1710 con·
1180 1683 1332 1711 sumulibus
1345 1692 1376 1716 32
1390 1684 1421 1710 D.
1442 1683 1459 1710 l.
1475 1692 1524 1709 101.

68 1724 196 1755 summata
211 1726 263 1759 est,
281 1725 309 1752 in
322 1724 400 1752 nobis
412 1722 639 1750 consummabilis.
675 1722 724 1748 Seu
732 1720 956 1750 ,consummabilis
968 1720 1029 1747 aeui
1042 1719 1120 1754 persi·
1219 1726 1237 1748 C
1250 1727 1269 1747 O
1278 1727 1300 1746 N
1309 1727 1321 1746 s
1331 1726 1352 1746 V
1361 1727 1381 1747 Ο
1390 1739 1399 1752 ,
1416 1719 1456 1752 ui,
1476 1725 1561 1750 utum,
1582 1720 1636 1759 ere.
1674 1719 1842 1756 [συῤῥοὶπτω]
1876 1723 1957 1751 Simul
1967 1725 2048 1761 ficere.
2086 1729 2143 1758 Sen,
2157 1733 2237 1768 Epist,

68 1764 123 1801 ciat
133 1764 179 1791 lux
194 1762 269 1798 plena
286 1761 358 1788 viros
379 1760 455 1787 Prud.
469 1758 604 1791 Psychom.
619 1767 645 1784 v.
661 1758 721 1790 846.
1180 1763 1218 1790 47
1244 1763 1287 1797 pr.
1314 1755 1361 1781 Illi
1396 1754 1518 1792 (serui)
1550 1754 1648 1789 quibus
1673 1763 1728 1781 non
1761 1762 1863 1783 tantum
1895 1768 1986 1788 coram
2019 1764 2136 1793 dominis
2192 1769 2236 1796 sed

105 1806 155 1828 CO
168 1806 187 1825 N
199 1799 322 1830 ςχῖΜο,
343 1796 372 1830 fi,
392 1802 459 1829 tum,
479 1797 532 1822 ere.
569 1792 717 1828 [dommim
741 1792 934 1827 καταναλῖαω]
975 1792 1067 1818 Totum
1075 1790 1160 1827 fi⁴·45
1182 1800 1243 1817 cum
1270 1790 1330 1825 ipfis
1351 1797 1406 1818 erat
1431 1790 1536 1823 serino,
1563 1799 1679 1826 quorum
1701 1799 1730 1827 os
1754 1801 1809 1818 non
1836 1796 2027 1832 consuebatur,
2052 1804 2135 1835 Parati
2149 1788 2239 1833 'erant

67 1845 145 1868 mere,
170 1834 308 1870 absumere,
327 1835 355 1859 in
370 1832 475 1859 nihilum
489 1830 609 1867 redigere.
673 1830 723 1861 Vt,
744 1828 908 1855 Consumere
924 1827 1120 1862 patrimonium
1183 1835 1233 1861 pro
1274 1826 1387 1853 domino
1420 1827 1559 1861 porrigere
1589 1826 1732 1855 ceruicem.
1809 1829 1876 1857 Plin.
1897 1840 1946 1865 20,
1965 1842 1983 1866 9
2023 1836 2170 1868 consumm
2196 1842 2237 1868 su-

67 1872 124 1898 Cie.
139 1870 172 1898 de
185 1871 242 1898 Fin.
256 1878 273 1896 2
285 1878 305 1895 c.
320 1874 341 1899 8.
358 1875 407 1904 pro
421 1868 557 1894 Deuorare
590 1864 710 1892 scribon.
726 1873 783 1897 140.
855 1863 996 1890 Effimdcre
1014 1869 1041 1890 et
1059 1871 1120 1889 con-
1181 1862 1319 1897 spenditur
1334 1862 1393 1889 lino
1410 1862 1523 1890 modicis
1537 1862 1695 1889 interuallis,
1768 1864 1851 1892 Plaut.
1866 1867 1962 1902 Amph.
1977 1879 1997 1903 1,
2011 1879 2031 1902 1,
2043 1880 2084 1900 211
2119 1876 2180 1902 Huc
2193 1878 2237 1904 ad-

67 1908 170 1934 sumere
183 1915 230 1941 per
241 1905 375 1932 luxuriam
388 1904 458 1930 bona
472 1902 564 1929 onmia
596 1901 653 1927 Cic.
669 1910 717 1935 pro
731 1900 806 1926 Rosc.
820 1899 909 1926 Amer.
924 1902 941 1925 6
956 1908 978 1926 c.
990 1908 1016 1926 2.
1077 1900 1119 1925 In·
1181 1898 1278 1925 venisti
1296 1898 1422 1926 audaciae
1436 1898 1576 1931 columen,
1601 1898 1727 1925 Consutis
1745 1898 1823 1927 dolis.
1895 1904 2128 1943 Respw‘iffsfi’ruus
2148 1913 2238 1941 Immo

66 1943 202 1971 terficiunt
216 1949 242 1968 et
256 1941 412 1968 consumunt
428 1940 560 1973 serpentes
574 1936 631 1963 ibes
645 1945 707 1963 aues
724 1935 798 1962 Idem
811 1935 844 1961 de
858 1936 920 1962 Nat.
934 1935 1021 1975 Deor..
1034 1943 1054 1967 1,
1068 1943 1119 1961 101.
1181 1935 1313 1975 equidem·
1327 1935 1443 1961 consutis
1462 1934 1560 1961 tunicis
1581 1934 1631 1960 huc
1647 1933 1780 1975 adueniO,
1800 1946 1856 1964 non
1875 1938 1952 1967 dolis.
1990 1943 2059 1970 Add.
2074 1946 2163 1974 Pseud.
2178 1958 2186 1974 1
2212 1958 2226 1983 5

67 1980 101 2006 Et
114 1979 146 2006 de
158 1976 250 2013 Legib.
266 1986 283 2008 1,
295 1985 311 2003 2
331 1975 381 2002 Sed
394 1984 476 2011 quum
490 1982 520 2000 ea
540 1972 677 2008 tempestas
696 1970 844 1998 vetustasue
865 1971 1052 2003 consumserit,
1074 1977 1119 1996 etc.
1133 1978 1164 2003 50
1181 1973 1236 1997 126.
1272 1970 1340 1997 Ibid.
1355 1980 1375 2003 1,
1388 1979 1413 2003 2,
1428 1980 1458 2004 14
1477 1970 1594 1997 Consuta
1607 1976 1705 2005 tapetia
1719 1972 1842 1999 Gruterus
1852 1975 1929 2011 legit,
1950 1977 1992 2003 ubi
2004 1981 2036 2006 nl.
2052 1969 2238 2015 Conchyliz'itat

38 2008 46 2011 -
68 2014 152 2042 Aedes
163 2013 357 2040 consumuntur
371 2010 496 2038 incendio
519 2009 580 2036 Liu.
595 2016 637 2043 27,
650 2016 683 2035 11.
733 2008 805 2034 Caes.
821 2007 886 2034 Bell.
900 2007 970 2034 Gall.
990 2014 1012 2039 5,
1025 2017 1044 2040 4
1061 2006 1118 2033 Ta·
1179 2005 1269 2033 Eadem
1282 2009 1395 2033 varietas
1417 2006 1498 2033 Stich.
1513 2015 1537 2039 2,
1552 2015 1574 2037 2,
1591 2014 1624 2040 54
1654 2006 1697 2032 vbi
1716 2007 1802 2034 itidem
1816 2009 1933 2038 Consuta
1952 2015 2051 2049 tapetia
2064 2017 2170 2045 Grutero
2178 2022 2238 2055 pla.

68 2059 132 2077 rnen
148 2058 182 2076 ne
202 2049 332 2075 Aestatem
350 2047 380 2074 in
398 2044 532 2073 Treueris
550 2045 706 2070 consumere
723 2048 872 2078 cogeretur.
950 2043 1069 2071 Aetatem
1089 2042 1119 2068 in
1180 2048 1252 2074 cent,
1271 2041 1447 2074 Conchyliata
1460 2048 1542 2068 tuetur
1556 2043 1704 2068 Grorzouius.

69 2085 158 2112 studio
177 2085 233 2112 Cic.
246 2083 299 2111 Off.
314 2092 334 2116 1,
349 2091 364 2110 2
380 2091 403 2109 c.
416 2091 436 2110 1.
491 2081 595 2108 Aeuum
610 2080 639 2106 in
653 2079 722 2106 curis
738 2078 959 2112 Lucret.5,1430.
1013 2079 1119 2105 Aeuum
1217 2084 1262 2105 CO
1272 2085 1293 2103 N
1305 2076 1482 2110 SVTfL1s,
1504 2086 1527 2103 e.
1566 2077 1627 2103 Adi.
1664 2076 1774 2103 Cassiod.
1789 2078 1869 2111 Epist.
1888 2087 1912 2112 ς,
1925 2090 1971 2114 42,

67 2121 148 2150 bellis
168 2121 267 2148 Lucan.
281 2129 304 2152 5,
318 2121 376 2153 276.
446 2116 520 2151 Qid
531 2125 596 2150 ¹non
608 2115 687 2150 longa
701 2114 756 2141 dies
765 2134 773 2146 ,
803 2113 871 2148 quid
889 2123 944 2141 non
963 2114 1120 2141 consumitis
1219 2121 1235 2140 c
1245 2120 1264 2140 0
1275 2119 1296 2138 N
1307 2121 1319 2139 s
1329 2121 1349 2139 v
1359 2119 1380 2139 T
1389 2114 1410 2139 ὗ
1419 2120 1438 2139 R
1448 2120 1468 2139 Α
1478 2133 1492 2151 ².
1507 2121 1546 2138 ae.
1565 2112 1585 2138 f.
1621 2111 1768 2151 [σμρῥωφῂ]
1804 2114 1952 2149 Laudabant
1970 2118 2174 2151 Suet.invite11.
2191 2135 2205 2152 c
2221 2135 2236 2154 2

70 2158 143 2185 Anni
172 2155 290 2185 Martial.
304 2163 330 2188 9,
344 2163 383 2188 50.
455 2153 557 2180 Aurum
578 2159 658 2177 omne
673 2150 700 2176 in
717 2149 793 2175 ludos
824 2149 884 2174 Liu.
899 2158 940 2181 39,
956 2158 977 2181 ς.
1048 2148 1118 2173 Ter.
1137 2149 1165 2174 55
1181 2148 1266 2172 Cuius
1285 2148 1358 2173 filius
1381 2146 1546 2173 sectionibus
1567 2151 1593 2173 et
1611 2147 1761 2173 consuturis
1780 2147 1888 2177 vberius
1918 2155 2106 2188 compendium
2133 2146 2224 2190 ηᾶἕὶιις

70 2193 153 2221 Andr.
168 2201 178 2220 1
203 2200 222 2227 ι,
235 2200 262 2224 33
283 2189 367 2217 Simul
378 2188 518 2215 sceleratus
525 2187 628 2218 Dauus,
647 2185 665 2211 fi
681 2184 747 2218 quid
755 2182 855 2210 Consili
870 2182 960 2215 habet,
980 2187 1010 2209 vt
1026 2183 1119 2209 consu-
1182 2182 1230 2210 Sed
1241 2182 1370 2218 legendum
1382 2180 1415 2214 <ft
1430 2181 1588 2216 cognituris
1602 2181 1631 2207 de
1646 2191 1692 2216 quo
1705 2182 1734 2207 in
1754 2189 1771 2209 C
1781 2189 1799 2209 ο
1810 2190 1861 2211 GN
1871 2192 1892 2212 ο
1904 2192 1918 2211 s
1928 2194 1946 2214 c
1961 2194 1992 2215 0.
2226 2183 2234 2190 ⁰

68 2235 123 2255 mat
134 2213 204 2254 nuric
212 2247 222 2259 ‚
247 2234 331 2261 quum
349 2224 418 2250 nihil
433 2222 520 2250 obsint
534 2221 600 2248 doli.
670 2219 727 2247 Cic.
739 2218 773 2246 ad
785 2220 860 2247 Brut.
874 2223 899 2249 ιε
927 2219 1045 2253 Rogatus
1061 2219 1118 2244 sum
1218 2223 1234 2244 c
1245 2225 1264 2245 o
1275 2225 1296 2243 N
1306 2225 1318 2245 s
1329 2225 1348 2244 v
1358 2225 1372 2244 Ρ
1386 2224 1401 2243 1›
1411 2225 1427 2244 L
1437 2224 1446 2243 1
1456 2224 1472 2244 e
1482 2219 1505 2243 Ᾰ
1514 2223 1562 2242 TR
1571 2225 1581 2243 1
1589 2224 1609 2243 x
1618 2235 1626 2248 ,
1645 2216 1702 2242 reis.
1715 2217 1734 2242 f.
1756 2217 1835 2245 Inscr.
1843 2221 1912 2256 apud
1920 2223 2017 2252 Fabret.
2030 2236 2054 2261 p.
2062 2236 2112 2263 342
2133 2232 2233 2261 CON-

66 2272 83 2290 ε
97 2261 291 2298 prudentiffima
308 2265 335 2287 et
352 2257 550 2293 diligentiffima
569 2256 670 2284 femina
689 2261 773 2283 matre
787 2254 832 2282 tua'
839 2275 848 2287 ,
871 2254 947 2281 cuius
960 2263 1052 2280 omnes
1066 2255 1118 2281 Cu-
1181 2254 1197 2280 S
1206 2255 1228 2279 V
1237 2254 1254 2279 P
1262 2255 1279 2280 P
1286 2254 1307 2279 L
1315 2255 1327 2280 I
1335 2254 1357 2280 C
1364 2254 1385 2279 A
1393 2253 1423 2279 T
1432 2253 1473 2278 RI
1483 2253 1505 2277 C
1512 2252 1530 2277 E
1539 2251 1562 2277 S.
1600 2251 1622 2276 C
1630 2251 1649 2276 Ε
1656 2251 1679 2278 R
1687 2252 1710 2278 V
1718 2252 1740 2278 A
1748 2252 1770 2278 R
1779 2253 1790 2278 I
1798 2254 1828 2280 A.
1865 2256 1879 2282 S
1888 2257 1914 2283 P.
1941 2259 1969 2285 F.
2005 2262 2026 2288 F
2033 2263 2057 2289 Ο
2065 2265 2087 2291 R
2096 2266 2127 2293 T
2136 2268 2158 2295 v
2165 2268 2192 2296 N
2199 2270 2234 2297 A·

65 2308 111 2326 rae
125 2298 158 2326 ad
171 2304 197 2326 te
209 2297 378 2327 referuntur,
398 2301 424 2321 et
437 2294 466 2321 in
480 2299 506 2320 te
525 2293 733 2323 consumuntur,
754 2295 782 2318 vt
795 2290 917 2317 venirem
931 2289 964 2316 ad
977 2290 1011 2316 se.
1066 2291 1119 2317 Cu-
1182 2288 1252 2315 TA.
1288 2287 1490 2314 MAGISTR
1499 2287 1530 2312 A.
1567 2286 1627 2327 MA
1636 2286 1664 2314 T
1673 2287 1724 2314 RI.
1759 2289 1819 2315 MA
1828 2290 1993 2322 TVTAE.
2029 2299 2062 2326 D.
2083 2301 2115 2327 Ι),

62 2328 121 2362 ram
134 2335 164 2361 in
176 2343 207 2361 re
219 2341 273 2359 vna
304 2332 374 2359 Hor.
388 2330 471 2357 Serm.
489 2337 517 2361 2,
535 2336 564 2362 4,
577 2333 619 2363 48.
690 2326 748 2354 Cic.
761 2325 794 2353 de
807 2325 877 2353 Clar.
892 2326 967 2352 Orat.
987 2335 1030 2359 119
1056 2326 1118 2353 Pro-
1128 2325 1163 2350 60
1218 2328 1236 2348 c
1247 2330 1267 2349 ο
1276 2329 1348 2349 Nsv
1358 2329 1377 2349 R
1386 2328 1407 2349 G
1418 2328 1438 2348 ο
1448 2341 1456 2353 ,
1479 2321 1594 2355 surren,
1612 2322 1769 2356 surrectum,
1789 2327 1842 2352 ere.
1872 2328 2002 2365 [οἰνίς-ημι,
2023 2333 2163 2374 ‘'reposta-m]
2193 2340 2230 2368 St·-

64 2364 155 2405 p‘terea
168 2366 241 2405 quod
253 2367 368 2394 istorum
388 2366 418 2392 in
430 2363 577 2392 dialceticis
597 2362 686 2390 omnis
707 2364 779 2399 Cura'
798 2362 971 2389 consumitur.
1043 2361 1118 2399 Idem
1179 2358 1232 2384 mul
1244 2363 1267 2384 et
1281 2366 1335 2398 ciam
1348 2359 1409 2384 aliis
1413 2357 1519 2394 surgere
1533 2358 1573 2399 ve!
1583 2357 1692 2385 collectis
1706 2360 1812 2394 viribus,
1820 2361 1847 2396 fi
1861 2363 1890 2390 de
1905 2374 1953 2392 vno
1960 2367 2043 2403 sermo
2055 2369 2097 2404 ss}-
2133 2374 2191 2401 Ves
2204 2357 2235 2404 ei:

65 2400 137 2434 Fani.
151 2415 181 2439 4,
196 2413 224 2432 12
256 2402 300 2430 Ibi
310 2401 469 2429 Marcellum
482 2400 610 2434 collegam
624 2399 742 2425 nostrum
755 2397 884 2424 conueni:
910 2403 1025 2429 eumque
1039 2395 1119 2435 Diem
1180 2393 1266 2426 adest,
1292 2402 1419 2426 iuuenes,
1444 2394 1596 2428 consurgite
1629 2394 1725 2422 Catull.
1745 2398 1784 2429 63,
1801 2406 1819 2424 1.
1893 2402 1985 2434 Quum
2004 2405 2105 2434 senatus
2124 2418 2173 2437 cun
2203 2421 2233 2439 us

64 2440 105 2470 ibi
119 2439 247 2468 consumti
289 2443 318 2466 vt
332 2446 392 2464 cum
405 2445 439 2463 eo
457 2436 544 2462 ess'em.
617 2433 681 2461 Dies
703 2434 815 2468 triginta
832 2433 1020 2459 consumantur
1051 2430 1119 2457 Scri·
1180 2430 1365 2464 consurgeret,
1383 2434 1410 2456 et
1422 2429 1455 2456 ad
1469 2430 1607 2456 Caesarem
1621 2430 1730 2466 supplex
1743 2433 1878 2462 accederet
1906 2438 1961 2465 Cic.
1975 2440 2047 2468 Fam.
2062 2453 2080 2477 4
2119 2465 2124 2470 .
2179 2447 2220 2475 Sal

62 2477 126 2506 bon,
141 2479 178 2504 μς,
214 2459 288 2516 coris,
302 2472 388 2501 Rhod.
403 2472 467 2499 Lex.
480 2470 565 2497 Scrib.
621 2469 701 2497 Diem
715 2470 744 2495 in
755 2466 906 2502 apparando
926 2465 994 2493 Ter.
1007 2465 1119 2501 Adelph.
1181 2465 1239 2492 lust.
1261 2465 1460 2493 Consurrexere
1473 2474 1565 2507 omnes
1573 2486 1582 2499 ,
1600 2466 1730 2502 simulque
1744 2467 1772 2494 in
1785 2478 1845 2496 eum
1863 2471 1992 2508 impetum
2006 2455 2136 2508 feceruiit.
2173 2465 2232 2510 Cic⁸

62 2522 77 2548 5
101 2521 126 2549 7,
138 2521 163 2540 2.
202 2511 205 2514 “
233 2509 407 2543 Diligentiam
420 2508 449 2534 in
461 2516 491 2534 re
502 2505 593 2540 aliqua
613 2505 671 2531 Cic.
679 2505 756 2530 Verr.
771 2510 794 2535 5,
810 2507 845 2542 18.
908 2502 1016 2542 Famem
1029 2509 1119 2529 tenera
1131 2507 1163 2539 65
1181 2502 1214 2531 O.
1230 2502 1342 2542 Frat.·3,
1356 2510 1369 2528 2
1402 2502 1577 2529 consurrexit
1589 2502 1705 2542 ¹Senatus
1725 2512 1784 2531 cum
1806 2505 1920 2535 clamore
1940 2510 1971 2537 an'
1989 2521 2070 2541 ”num
2108 2516 2141 2543 fic
2154 2524 2184 2545 Vt
2198 2504 2231 2547 ad·

63 2535 92 2577 ix’i
104 2556 170 2583 agna
189 2547 251 2574 Stat.
265 2544 358 2573 Theb.
371 2549 395 2576 8,
409 2544 469 2577 576.
543 2539 645 2567 Sallust.
665 2539 770 2573 Fragm.
785 2537 855 2578 Plist.
869 2546 881 2570 3
892 2537 983 2578 'Epist
997 2538 1119 2573 Pompeii
1180 2546 1276 2577 corpus
1289 2546 1347 2564 eius
1359 2537 1503 2564 accederet.
1560 2539 1636 2573 Virg.
1646 2540 1711 2566 Aen.
1725 2549 1752 2573 9,
1766 2543 1809 2571 681
1830 2544 1998 2580 Consurgunt
2012 2535 2132 2584 geminae
2147 2555 2222 2588 Qer

62 2592 126 2615 extr.
144 2584 200 2618 Ego
212 2591 268 2610 non
279 2590 338 2609 rem
349 2578 512 2605 familiarem
530 2575 631 2608 modo,
655 2583 748 2602 verum
768 2580 850 2600 etiam
868 2573 962 2601 Fidem
979 2574 1117 2601 consumfi.
1179 2582 1234 2606 tus,
1247 2574 1404 2608 intonsaque
1417 2573 1490 2600 caelo
1526 2574 1661 2603 Attollunt
1674 2576 1767 2611 capita.
1823 2578 1971 2613 Charybdis
1984 2585 2065 2613 finem
2080 2588 2136 2615 imo
2151 2574 2232 2617 subu:

63 2621 175 2648 senum
183 2616 320 2646 consumit
332 2614 446 2642 vetustas
477 2612 560 2640 Ouid.
571 2620 604 2638 ex
618 2612 693 2637 Pont.
707 2619 736 2644 4,
750 2615 833 2650 8,.49.
907 2610 1006 2650 Fruges
1024 2611 1119 2637 consu‹
1179 2609 1230 2635 mis
1250 2610 1386 2650 consurgit
1396 2646 1402 2650 Ι
1417 2609 1516 2636 Tibul.
1530 2619 1559 2644 4,
1574 2618 1596 2643 1,
1611 2618 1658 2645 74.
1729 2612 1820 2639 Stratis
1853 2615 1948 2651 Sis-13,
1963 2628 2020 2652 421,
2093 2624 2230 2660 Languida

66 2655 138 2685 mere
148 2655 204 2682 nati
222 2655 292 2681 Hor.
306 2651 386 2686 Epist.
402 2659 422 2682 1,
436 2658 462 2682 2,
477 2657 520 2683 27.
590 2647 704 2686 ‘Hostem
718 2647 801 2681 plagis
821 2644 895 2672 Ideni
906 2645 986 2680 Epist.
1001 2654 1064 2686 ²¹.²’
1071 2653 1116 2680 97.
1178 2646 1315 2682 consurgit
1347 2645 1430 2673 Ouid.
1445 2645 1511 2672 Fast.
1526 2654 1548 2678 3,
1563 2654 1602 2679 25.
1636 2646 1666 2673 de
1679 2647 1759 2674 Siluia
1779 2648 1926 2687 Vellalz'per
1939 2658 2045 2689 quietem
2059 2668 2074 2684 a
2086 2662 2172 2687 Mam.
2184 2665 2230 2688 im,

65 2687 180 2719 M'artihl.
193 2699 226 2724 11,
240 2694 273 2724 78
307 2689 338 2715 In
351 2686 477 2713 omnibus
485 2686 599 2712 Vacerra
613 2683 686 2718 quod
699 2681 871 2709 conclauibus
907 2681 1049 2708 Consumit
1061 2682 1117 2708 Ho-
1125 2690 1161 2718 70
1172 2687 1325 2717 praegnata.
1397 2682 1564 2716 Consurgere
1576 2690 1609 2709 ex
1622 2682 1725 2710 insidiis
1757 2685 1830 2712 Caes.
1844 2687 1909 2715 Bell.
1925 2690 2004 2718 Ciuil.
2016 2701 2027 2724 3
2055 2702 2093 2728 «7,
2165 2697 2216 2724 Li„

65 2735 124 2760 ran,
143 2733 188 2754 etc.
240 2726 329 2752 Horas
342 2722 437 2749 multas
452 2719 601 2748 fiiauissimo
614 2721 734 2746 sermone
753 2718 812 2758 Cic.
827 2718 899 2758 isam.
915 2726 949 2750 ιι,
962 2724 1006 2752 27.
1059 2718 1116 2745 Ho-
1176 2725 1214 2749 33,
1234 2725 1262 2750 19
1293 2716 1422 2758 Hispania
1440 2726 1549 2752 quoque
1568 2717 1601 2745 ad
1616 2718 1687 2745 idem
1711 2725 1813 2755 tempus
1833 2731 1929 2758 magno
1943 2712 2065 2754 tumulin2
2079 2729 2111 2756 ad
2127 2718 2228 2759 bellum*

67 2771 108 2795 Β,
120 2761 184 2790 du„
194 2761 224 2790 jn
236 2760 342 2789 mentio
358 2758 433 2787 Idem
447 2757 480 2784 de
493 2758 568 2784 Orat.
586 2764 610 2789 3,
624 2758 650 2782 6.
707 2756 889 2790 Ignominiam
906 2753 975 2780 Tac.
984 2754 1022 2794 H.¹
1032 2762 1055 2786 3,
1068 2762 1116 2794 ²14⁹
1178 2753 1353 2785 consurrexit.
1425 2753 1556 2780 Columel.
1570 2761 1598 2790 7,
1612 2763 1635 2782 c.
1647 2763 1665 2789 9
1698 2756 1733 2783 Vt
1744 2755 1827 2784 limen
1841 2768 1931 2787 earum
1950 2762 1979 2788 in
1994 2769 2093 2791 tantam
2108 2766 2227 2795 altit-udi.

67 2808 95 2832 4.
110 2801 129 2825 i.
144 2796 224 2825 uereri
242 2795 357 2831 defiriffe.
397 2793 454 2821 Vid.
469 2791 682 2820 Misericordiam
697 2791 860 2818 consumere.
929 2790 1071 2824 Ingenium
1085 2798 1115 2816 in
1177 2797 1238 2814 nem
1254 2790 1408 2823 consurgat,
1428 2795 1569 2824 quantam,
1589 2797 1640 2817 etc.
1705 2791 1782 2827 Virg.
1796 2795 1859 2820 Aen.
1875 2804 1913 2828 10,
1927 2805 1962 2829 90
1998 2799 2073 2832 Quae
2086 2803 2160 2828 causa
2172 2804 2227 2831 fuit

65 2832 187 2862 Mufici't·
205 2833 262 2861 Cic.
282 2832 315 2859 de
326 2830 384 2859 Fin.
403 2837 426 2863 ς,
437 2831 477 2861 63.
549 2827 623 2855 Idem
637 2827 716 2854 Acad.
736 2837 764 2861 4,
778 2835 794 2852 2
825 2827 918 2860 Itaque
931 2835 1015 2861 quum
1027 2831 1115 2852 totuin
1177 2825 1337 2860 consurgere
1349 2826 1378 2852 in
1393 2834 1466 2853 arma
1502 2826 1700 2862 Europamque,
1711 2828 1869 2863 Aliamque?
1924 2833 1953 2858 In
1966 2833 2017 2860 iras
2032 2842 2117 2863 truces
2137 2839 2217 2867 aner

63 2867 119 2898 Iter
139 2875 166 2897 et
183 2867 379 2903 nauigationem
399 2864 590 2896 consumsisset,
609 2863 704 2899 partim
719 2863 749 2889 in
768 2861 948 2897 percontando
968 2870 983 2888 a
1005 2861 1115 2897 peritis,
1127 2861 1279 2895 'ISWArgon-
1296 2870 1316 2894 1,
1332 2863 1391 2897 673.
1463 2862 1494 2888 In
1508 2863 1709 2890 venerationem
1723 2865 1852 2900 Principis
1865 2865 1964 2894 theatra
1978 2872 2138 2906 consurgunt
2158 2861 2226 2902 Plin'

63 2906 163 2942 partim
182 2905 212 2932 in
230 2903 310 2932 rebus
329 2902 404 2938 gestis
427 2900 560 2936 legendis,
593 2899 621 2927 in
645 2899 732 2926 Asiam
755 2897 841 2925 faetus
862 2898 1008 2932 imperator
1030 2897 1113 2924 venit.
1165 2897 1206 2923 *in
1220 2898 1313 2932 Paneg.
1328 2905 1369 2931 54.
1426 2898 1594 2933 Consurgere
1607 2900 1724 2926 carmine
1737 2901 1864 2928 Maeonio
1886 2903 1966 2930 Ouid.
1981 2914 2013 2932 ex
2027 2907 2101 2934 Pont.
2115 2914 2129 2941 3
2153 2919 2164 2927 ·=
2189 2896 2226 2944 31·

62 2943 96 2970 Ee
108 2950 158 2976 pro
170 2941 248 2968 Font.
268 2948 295 2974 35
324 2939 383 2966 Plus
397 2947 447 2973 ego
461 2938 489 2964 in
504 2936 552 2963 hac
572 2937 647 2963 causa
663 2935 776 2962 Laboris
789 2940 815 2960 et
827 2942 924 2968 operae
942 2934 1070 2961 consumo
1085 2934 1115 2960 in
1176 2933 1251 2968 Virg.
1266 2934 1331 2960 Aen.
1346 2939 1369 2966 8,
1383 2935 1435 2968 637
1467 2933 1616 2970 Subitoque
1634 2944 1737 2962 nouum
1755 2937 1912 2971 consurgere
1926 2939 2024 2968 bellum
2061 2928 2224 2974 Romssii’dis'

82 2976 200 3005 ostendis
211 2975 330 3010 testibus,
344 2983 423 3010 quam
436 2973 534 3001 caeteri
548 2972 698 2999 defensores
708 2971 737 2997 in
749 2969 907 2998 refutandis.
921 2973 939 2996 i.
949 2971 1008 2997 Plus
1020 2970 1114 2997 laboro.
1176 2969 1318 3004 Tatioque
1332 2968 1398 3003 seni,
1412 2970 1583 3006 Curibusque
1596 2971 1701 2997 seueris.
1737 2971 1806 2998 Add.
1822 2973 1860 2999 Id.
1878 2982 1905 3006 9,
1918 2977 1970 3005 681.
2007 2977 2124 3014 Obsequ.
2140 2991 2162 3008 c.
2173 2968 2226 3016 114²

63 2986 123 3040 gie.
133 3013 188 3040 Att.
200 3011 239 3046 16,
253 3021 267 3038 2
281 3011 354 3039 Mihi
365 3016 453 3037 autem
466 3018 520 3045 quo
535 3008 647 3035 laetiora
658 3008 732 3040 sunt,
752 3015 785 3033 eo
804 3007 861 3041 plus
874 3006 1002 3033 stomachi
1016 3012 1042 3033 et
1056 3015 1114 3032 mo·
1176 3006 1255 3032 Fama
1267 3007 1376 3033 alicuius
1388 3005 1477 3041 operis
1492 3007 1581 3042 magni
1596 3005 1729 3040 consurgit
1741 3006 1770 3032 in
1787 3009 1871 3044 aliqua
1884 3011 1993 3044 regione
2022 3014 2108 3042 Valcr.
2123 3003 2224 3053 Argon‘

65 3044 156 3075 lestiae
168 3043 221 3080 est,
248 3047 379 3082 Populum
392 3046 471 3073 Rom.
482 3046 579 3073 Manus
593 3044 649 3070 suas
662 3053 718 3070 non
732 3042 763 3069 in
776 3041 938 3069 defendenda
952 3042 1054 3078 Repub.
1069 3041 1113 3069 sed
1125 3042 1158 3069 80
1178 3050 1199 3074 1,
1214 3049 1255 3077 75.
1323 3042 1421 3069 Pontus
1439 3042 1531 3077 ingens
1547 3041 1681 3076 consurgit
1701 3043 1730 3068 in
1741 3043 1843 3070 vastum
1863 3054 2001 3080 aggerem,
2021 3052 2039 3076 i.
2056 3039 2225 3082 cumulatione:

65 3084 96 3111 in
127 3081 275 3118 plaudendo
305 3083 468 3110 consumere.
550 3080 654 3108 Mensas
685 3079 762 3114 Virg.
794 3077 859 3105 Aen.
879 3085 912 3113 7,
937 3086 988 3111 125.
1058 3078 1112 3105 Mi·
1175 3087 1295 3118 aquarum
1313 3083 1400 3114 turget
1430 3079 1488 3105 Sen.
1508 3078 1618 3112 Hippol.
1632 3085 1697 3110 1015.
1769 3079 1848 3107 Remi
1861 3083 2022 3117 consurgunt
2036 3086 2132 3115 ordine
2145 3095 2225 3118 terno

65 3117 238 3147 reticet-diam
264 3119 340 3145 Curt.
353 3120 380 3150 6,
394 3122 418 3150 8,
431 3119 457 3143 6.
485 3120 513 3143 eli
523 3115 629 3153 facere,
649 3113 706 3151 post
718 3124 780 3151 quae
799 3114 981 3151 misericordiae
999 3124 1049 3141 ozon
1061 3125 1112 3142 am·
1175 3114 1251 3148 Virg.
1274 3114 1339 3140 Aen.
1359 3122 1390 3148 5,
1407 3122 1460 3142 120.
1532 3114 1607 3141 Idem
1627 3114 1694 3140 Aen.
1714 3120 1745 3147 ς,
1764 3123 1796 3141 20
1831 3117 1944 3152 Vespere
1957 3119 1991 3146 ab
2013 3127 2073 3149 ati-o
2109 3125 2224 3154 Consur-

58 3157 132 3220 ἰξευ-
152 3155 218 3190 locut
228 3152 275 3188 fit.
336 3152 394 3180 Vid.
417 3152 596 3187 Ignominiam
615 3152 779 3178 consumere.
849 3150 907 3177 Sen.
930 3150 1041 3185 Hippoi.
1061 3158 1112 3183 950
1174 3156 1239 3184 gunt
1258 3150 1342 3176 venti.

96 3199 212 3226 unquam
233 3189 383 3224 supremum
403 3188 521 3215 nummis
539 3189 637 3215 Munus
662 3188 702 3214 tui
724 3186 956 3213 Consumeremus.
1021 3188 1113 3213 Trium
1211 3192 1229 3213 c
1238 3192 1258 3212 o
1270 3193 1293 3212 N
1304 3193 1346 3213 sv
1354 3192 1376 3213 R
1384 3192 1406 3213 G
1415 3183 1430 3213 ἴ
1437 3192 1488 3212 Tv
1496 3191 1525 3212 R.
1544 3185 1651 3220 Impers.
1689 3184 1703 3218 [
1709 3187 1881 3222 συνανίςαται]
1918 3190 1974 3217 Cic.
1981 3192 2058 3221 Verr.
2071 3203 2101 3228 4,
2116 3202 2153 3227 ¹18
2174 3198 2224 3224 Ita-

63 3233 178 3255 votorum
190 3234 207 3252 a
222 3226 337 3262 Neptuno
347 3230 420 3260 patre
427 3221 571 3259 potestatem
584 3223 686 3251 babebat
702 3223 834 3259 Theseus·-¹
866 3223 942 3249 Nunc
954 3225 1055 3250 tertium
1070 3231 1112 3248 υο-
1129 3223 1159 3253 85
1175 3230 1228 3256 que
1241 3221 1268 3248 in
1283 3222 1386 3248 curiam
1399 3220 1535 3251 venimus,
1560 3220 1710 3247 honorifice
1723 3221 1783 3247 sane
1797 3224 1974 3259 consurgitur.
2047 3231 2225 3267 cons“¹·git11r

63 3269 117 3290 eum
125 3259 266 3299 fastui-us,
283 3263 386 3287 tertium
404 3258 543 3294 beneficium
557 3259 582 3296 s
595 3269 683 3289 nimius
696 3262 826 3294 petiturus
837 3255 887 3292 est,
901 3256 959 3294 Ρρβ
977 3258 1042 3295 quud
1058 3259 1113 3285 nul·
1174 3266 1207 3284 ex
1215 3257 1332 3284 concilio
1352 3258 1426 3284 Caes.
1436 3257 1463 3284 B.
1471 3257 1502 3283 G.
1511 3264 1534 3289 5,
1542 3265 1581 3289 30.
1618 3256 1758 3291 Inplausus
1766 3259 1964 3289 consurrectum
1972 3263 2009 3290 est
2022 3265 2136 3300 Phaed.5
2154 3274 2166 3297 8
2185 3273 2222 3298 28.

63 3300 114 3327 lum
121 3294 242 3335 fieperqst.
277 3296 319 3324 Sic
330 3305 386 3323 mox
398 3296 546 3330 Optionem
558 3296 722 3322 consumere.
774 3293 863 3321 Noae
876 3294 1021 3327 consumta,
1035 3295 1114 3321 Mane
1213 3299 1231 3320 c
1244 3299 1263 3320 ο
1275 3300 1297 3319 N
1309 3300 1352 3320 sv
1360 3301 1379 3320 R
1388 3301 1407 3320 R
1415 3300 1432 3319 E
1442 3298 1460 3319 C
1471 3298 1493 3318 T
1502 3300 1511 3318 1
1521 3299 1540 3318 ο
1549 3313 1556 3324 ,
1577 3292 1644 3319 onis.
1665 3292 1684 3318 s.
1721 3292 1735 3326 [
1741 3293 1913 3330 συναμέςασις]
1949 3299 2004 3325 Cic.
2017 3300 2049 3328 de
2062 3288 2222 3338 Arufi'R'esp.

64 3335 140 3369 Virg.
161 3334 226 3360 Aen.
248 3341 275 3365 2,
293 3338 352 3366 795.
424 3331 488 3358 Nox
508 3336 563 3358 tota
581 3329 756 3359 exinanienda
774 3330 840 3356 naui
857 3330 1023 3358 consumitur
1054 3330 1112 3357 Cic.
1174 3336 1191 3355 2
1202 3338 1224 3355 c.
1240 3337 1250 3356 1
1271 3330 1338 3364 Cepi
1351 3328 1475 3363 equidem
1490 3328 1609 3355 fructum
1623 3327 1771 3355 maximum
1784 3336 1810 3357 et
1826 3339 1858 3358 ex
1872 3334 2087 3364 confinrreetione
2101 3339 2223 3366 omnium

65 3371 143 3398 Verr.
164 3378 188 3402 ς,
206 3371 247 3401 63.
317 3367 432 3402 Operam
451 3366 527 3394 in‘re
541 3367 632 3402 aliqua
662 3367 731 3393 Ter.
745 3367 841 3393 Heaut.
862 3374 883 3399 1,
905 3375 927 3398 1,
945 3374 982 3393 21.
1054 3365 1112 3393 Cic.
1174 3364 1309 3398 vestrum,
1327 3371 1374 3391 etc.
1410 3363 1483 3400 Conf.
1496 3364 1549 3391 Att.
1566 3373 1586 3396 1,
1600 3366 1638 3391 16.

66 3406 139 3437 Fam.
152 3408 179 3438 6,
193 3413 223 3438 ¹4
242 3404 288 3431 Me
302 3402 368 3429 scito
379 3410 485 3429 omnem
500 3411 590 3430 meum
607 3402 756 3435 Laborem,
772 3410 881 3429 omnem
899 3402 1032 3443 Operam,
1059 3403 1112 3429 Cu·
1120 3409 1156 3435 90
1211 3407 1255 3428 eo
1265 3407 1378 3432 NSVS,
1402 3401 1473 3426 Deus
1492 3400 1595 3426 consilii
1609 3399 1765 3434 putabatur:
1790 3402 1834 3429 cui
1847 3402 1903 3431 ludi
1917 3404 2029 3439 fiebant,
2055 3408 2101 3442 qui
2121 3409 2222 3435 Consu-

67 3450 124 3469 ram
137 3461 147 3475 ‚
173 3440 295 3468 Studium
317 3439 345 3465 in
377 3443 422 3465 tua
452 3437 534 3465 salute
563 3439 725 3465 consumere.
811 3438 928 3472 Operam
955 3447 983 3464 in
1003 3437 1113 3464 Graecis
1175 3436 1228 3464 alia
1242 3436 1315 3464 dicia
1328 3436 1395 3465 sunt.
1431 3435 1529 3462 Festus.
1564 3435 1684 3462 Tertull.
1699 3435 1731 3462 de
1746 3436 1860 3473 Spectac.
1874 3448 1887 3473 5
1907 3441 1977 3469 Ludi
1990 3443 2129 3470 Consualia
2143 3443 2219 3476 dieti,

66 3477 183 3512 legendis
213 3475 287 3502 Idem
305 3474 337 3501 de
360 3474 418 3501 rin.
437 3481 459 3507 ι,
476 3481 496 3500 1.
566 3474 683 3509 Operam
699 3482 844 3508 curamque
863 3473 892 3500 in
913 3473 1005 3509 aliquo
1023 3473 1112 3500 studio
1175 3471 1255 3500 initio
1274 3473 1430 3506 Neptunum
1445 3470 1620 3512 honorabant.
1703 3472 1821 3501 Eundem
1842 3476 1913 3504 enim
1935 3484 1961 3504 et
1979 3479 2093 3505 Consum
2114 3486 2219 3506 vocant.

65 3513 106 3541 Id.
120 3512 153 3540 de
172 3512 236 3540 Nat.
256 3512 338 3538 Deor.
358 3519 384 3542 1,
404 3511 430 3536 6.
512 3509 615 3544 Operae
634 3510 778 3544 plurimum
797 3509 930 3544 studiique
948 3510 977 3536 in
996 3509 1112 3543 praediis
1175 3509 1241 3536 Mox
1259 3509 1346 3535 Deum
1365 3506 1478 3533 Consilii
1494 3507 1567 3533 dicit.
1648 3507 1796 3542 Cyprianus
1817 3511 1849 3538 de
1863 3511 2000 3540 Idolorum
2023 3514 2137 3541 vanitate
2161 3524 2186 3547 a,
2204 3523 2219 3549 ς

66 3547 185 3576 colendis
202 3548 259 3575 Cic.
274 3556 322 3582 pro
335 3547 410 3573 Rosc.
427 3545 516 3571 Amer.
530 3553 564 3577 13.
618 3545 678 3580 le.
695 3545 755 3572 inl.
769 3554 784 3572 2
803 3545 836 3572 D.
851 3545 883 3571 de
899 3550 955 3580 opt.
970 3544 1019 3580 leg.
1045 3546 1112 3572 Data
1175 3544 1292 3577 Consus,
1311 3551 1390 3578 quem
1407 3542 1486 3569 deum
1507 3542 1626 3575 fraudis,
1646 3542 1720 3570 velut
1741 3545 1911 3574 consiliorum
1931 3549 2008 3575 deum
2024 3549 2074 3575 coli
2089 3550 2219 3578 Romulus

65 3585 151 3620 igitur
163 3582 288 3618 optione,
307 3582 325 3609 fi
340 3582 400 3617 quis
414 3579 549 3615 optauerit
561 3579 678 3607 alienum
690 3582 813 3614 seruum,
831 3580 874 3608 vel
894 3580 1031 3607 hominem
1046 3580 1112 3607 libe·
1124 3585 1158 3613 95
1175 3580 1281 3613 voluit,
1300 3578 1438 3614 postquam
1453 3579 1480 3604 in
1494 3584 1596 3613 raptum
1611 3578 1767 3607 Sabinarum
1782 3582 1892 3616 perfidia
1906 3584 2037 3618 prouenit.
2080 3585 2217 3613 Arnobius

67 3629 146 3652 rum,
169 3614 316 3650 videndum
334 3618 370 3644 est
379 3638 387 3650 ‚
408 3626 440 3643 an
459 3615 632 3643 consumserit
651 3616 806 3650 optionem.
860 3617 891 3642 Et
905 3622 969 3650 puto
982 3625 1037 3643 non
1047 3625 1111 3643 con·
1173 3615 1297 3643 aduersus
1311 3615 1407 3642 Gentes
1419 3623 1432 3646 3
1447 3623 1471 3648 p.
1489 3622 1524 3646 113
1545 3614 1674 3642 Salutat-ia
1688 3623 1714 3643 et
1726 3616 1777 3644 fida
1793 3619 1898 3645 consilia
1912 3618 2006 3645 nostris
2020 3620 2135 3654 suggerit
2147 3622 2218 3656 cogi.

66 3656 146 3685 sumi.
198 3653 258 3681 Vid.
276 3654 374 3681 Munus
393 3653 554 3680 consumere.
600 3652 696 3678 Otium
713 3651 790 3678 suum
805 3651 835 3677 in
847 3651 959 3678 historia
973 3651 1111 3679 scribenda
1174 3651 1322 3679 tationibus
1335 3650 1446 3677 Consus.
1482 3650 1549 3676 Add.
1567 3651 1703 3685 Augustin.
1719 3652 1751 3679 de
1765 3654 1824 3680 Ciu.
1840 3655 1888 3680 Dei
1902 3665 1930 3687 4,
1943 3663 1974 3680 11.
2030 3656 2104 3682 Hunc
2117 3657 2218 3684 eundem

66 3692 125 3720 Cic.
139 3690 172 3718 de
183 3690 259 3718 Orat.
271 3690 348 3726 =,''57.
416 3688 555 3716 Pecuniam
576 3687 604 3713 in
623 3695 749 3722 agrorum
762 3686 959 3714 coEmtionibus
988 3687 1063 3715 Idem
1077 3687 1110 3714 de
1175 3686 1219 3721 eſje
1230 3691 1273 3724 qui
1286 3694 1310 3714 et
1325 3688 1363 3712 Ne
1382 3692 1471 3718 tuntas,
1497 3686 1628 3713 Ausonius
1642 3686 1747 3720 ostenda
1762 3692 1788 3714 in
1801 3688 2007 3722 MonosyllabiS,
2026 3699 2051 3716 v.
2067 3693 2105 3724 46
2139 3693 2218 3720 Tum

65 3728 137 3759 Lege
150 3727 213 3761 Agr.
229 3734 250 3758 1,
262 3733 300 3752 η.
365 3726 457 3757 Preces
475 3725 646 3756 consumere,
675 3720 709 3756 ψ
726 3720 830 3756 Frustra
847 3722 891 3749 diu
902 3727 1008 3758 precari
1026 3722 1110 3750 Ouid.
1173 3723 1246 3750 Iouis
1259 3728 1284 3749 et
1297 3723 1355 3748 Con
1368 3732 1375 3747 1
1389 3730 1526 3755 germanus
1536 3742 1544 3754 ,
1565 3722 1713 3750 Tartareus
1726 3724 1782 3750 Dis.
1852 3724 1918 3750 Idem
1930 3725 2003 3758 Epig.
2018 3727 2062 3759 69,
2076 3735 2093 3759 9
2113 3728 2218 3756 Caenea

66 3757 133 3791 Me‘t.
145 3767 168 3792 8.
184 3761 242 3788 106.
311 3760 351 3787 Ita
367 3762 423 3788 sum
443 3760 476 3788 ab
491 3758 646 3786 hominibus
665 3757 819 3790 destitutus,
837 3764 867 3784 vt
879 3764 981 3785 tantum
993 3759 1109 3794 Requie-
1117 3767 1165 3787 100
1172 3758 1305 3786 conuertit
1319 3757 1405 3792 proles
1420 3757 1541 3784 Saturnia
1554 3759 1663 3786 Consus.
1736 3760 1812 3786 Cuius
1833 3760 1919 3786 Came-i
1932 3769 1957 3785 ε).
1971 3761 2052 3795 puella
2065 3766 2092 3788 in
2107 3766 2189 3790 virum
2200 3772 2216 3788 a

64 3799 101 3827 tis
114 3798 244 3829 habeam,
262 3802 390 3832 quantum
402 3806 462 3824 eum
475 3805 559 3824 vxore
570 3801 596 3822 et
610 3794 710 3827 filiola,
729 3799 756 3820 et
773 3792 877 3820 mellito
894 3794 1026 3821 Cicerone
1048 3803 1109 3821 con·
1174 3797 1289 3830 Neptuno
1302 3793 1606 3830 transformatisabuhim
1620 3795 1692 3821 habes
1721 3794 1802 3822 Ouid.
1815 3795 1992 3829 Metamorph.
2010 3804 2044 3823 ιε.
2078 3799 2116 3824 De
2128 3798 2216 3825 Conso

65 3835 180 3863 sumitur
208 3832 264 3860 Cic.
276 3832 330 3858 Att.
353 3840 374 3864 1,
388 3837 422 3863 ιε.
492 3832 564 3859 Idem
578 3832 649 3858 Fam.
667 3838 702 3862 15,
714 3838 744 3856 21
777 3829 851 3863 Quin
866 3829 948 3856 etiam
967 3835 1109 3864 antequam
1168 3831 1282 3867 pluftula
1298 3829 1448 3856 Plutarchus
1461 3832 1487 3855 in
1502 3831 1561 3856 Vita
1576 3832 1674 3857 Romuli
1684 3837 1710 3861 et
1721 3829 1855 3865 Dionysius
1868 3831 2036 3865 Halicarnffiffl
2083 3835 2159 3860 Nosti·
2171 3833 2215 3868 fii—

64 3869 100 3902 ad
111 3867 304 3901 messenium,
318 3867 395 3894 Risus
413 3869 501 3895 omnis
514 3877 596 3903 paene
607 3866 787 3898 consumitur,
803 3868 852 3890 ium
864 3864 1110 3902 rrjsiifatigatismit
1170 3869 1206 3892 tis
1225 3864 1258 3898 2·st
1276 3872 1366 3899 ponere
1389 3865 1465 3892 verba
1489 3865 1576 3893 Seruii
1595 3870 1621 3892 in
1640 3865 1748 3892 Aeneid.
1769 3870 1797 3897 8,
1817 3867 1866 3897 636
1912 3866 2011 3900 Raptae
2029 3867 2087 3895 sunt
2105 3868 2214 3894 Sabinae

62 3906 182 3934 homines.
253 3903 374 3931 Studium
386 3904 504 3932 suumin
516 3904 639 3930 virorum
660 3902 774 3928 fortium
792 3899 870 3927 saetis
882 3902 1030 3928 memoriae
1047 3910 1107 3936 pro-
1174 3899 1366 3932 Consualibus,
1386 3899 1437 3928 hoc
1451 3900 1487 3928 est
1500 3902 1587 3928 mense
1606 3901 1714 3929 Martio.
1756 3901 1855 3927 Consus
1869 3910 1957 3928 aurem
1971 3902 2033 3929 deus
2046 3903 2082 3929 est
2094 3903 2212 3929 confilio-

63 3941 158 3970 «lendis
172 3939 211 3970 Id.
224 3939 297 3968 Fam.
310 3941 338 3972 6,
352 3948 388 3967 η.
459 3939 582 3975 Tempus
594 3936 796 3967 salutationibus
828 3936 884 3964 Cic.
898 3935 930 3963 de
942 3935 1066 3965 Vniuers.
1080 3946 1105 3965 2.
1113 3945 1158 3971 19,-
1171 3946 1247 3965 rum:
1279 3935 1326 3972 qui
1343 3935 1406 3999 idbcso
1425 3936 1554 3972 templum
1575 3936 1624 3964 sub
1637 3936 1707 3964 tedio
1719 3935 1813 3967 habet,
1833 3942 1862 3963 vt
1879 3936 2031 3966 ostendatur
2049 3937 2214 3999 teotignbesse

216 3982 299 4005 vol...
324 3977 346 4004 1.
1326 3978 1343 4006 7
2132 3981 2146 3998 e
2167 3981 2214 3999 ere
