2474 4182
296 111 363 158 εις
697 109 725 149 Β
806 108 822 147 1
897 106 924 146 S
1778 108 1806 147 B
1895 109 1910 147 1
1989 110 2034 150 T
2326 82 2459 163 ⁸615³

334 197 372 225 Βῖ
381 199 479 226 κε’Μι
490 206 518 232 s,
535 199 565 226 i«.
599 199 619 226 f.
655 196 769 232 [διῆρης]
805 197 908 229 Nauis,
929 203 989 231 quat
1007 195 1103 232 duplici
1121 206 1241 224 remorum
1255 196 1342 223 ordine
1408 200 1515 230 portae,
1535 205 1601 231 quae
1614 197 1736 232 proxima
1750 203 1841 232 ponto.
1897 198 1974 224 Varr.
1989 198 2020 224 R.
2029 199 2060 224 R.
2077 208 2096 231 1,
2112 206 2146 233 ιε,
2161 209 2178 236 7
2200 202 2306 229 Biuium
2321 204 2396 235 nobis
2407 209 2438 237 ad
2458 195 2459 198 Ἴ

298 237 398 270 agitur,
410 235 434 272 s
447 243 478 262 vt
491 239 529 261 ait
541 235 597 262 Isid.
611 243 648 266 19,
665 242 672 259 ι
692 232 798 259 Habens
813 240 950 258 remorum
963 231 1085 259 ordinem
1101 234 1246 268 geminum.
1282 232 1339 258 Cic.
1407 232 1538 258 culturam
1552 232 1624 259 dedit
1636 241 1744 263 natura.
1763 233 1953 268 experientiam
1967 240 1993 259 ct
2007 234 2193 264 imitationem.
2458 258 2459 263 ,

298 271 374 297 Verr.
389 278 411 304 5,
425 279 449 303 ςι
469 281 491 297 c.
505 280 538 298 20
561 272 603 297 Ne
618 270 681 295 hacc
699 268 809 294 biremis
825 267 1009 294 ascriberetur.
1061 269 1157 303 Virgil.
1174 270 1238 294 Aen.
1254 276 1279 299 1,
1298 272 1341 296 182
1443 266 1510 294 Biv
1522 274 1560 293 ιν
1572 274 1596 293 S.
1631 268 1691 295 Adi.
1729 267 1876 303 [οἵμφοᾶος]
1913 269 2084 303 Virgil.Aen.
2093 279 2126 302 ιι,
2135 275 2178 303 516
2198 273 2232 299 Vt
2245 273 2332 301 biuias
2345 283 2438 307 armato
2452 295 2453 301 ι

332 321 385 327 -.
420 306 437 332 fi
452 316 531 341 quem
567 305 693 331 Inflatum
710 303 783 329 bello
795 302 885 329 videat
894 324 902 336 ‚
919 303 1095 339 Phrygiasque
1110 304 1232 330 biremes.
1280 304 1340 328 Pro·
1406 302 1524 329 obsidam
1538 302 1625 328 milite
1638 303 1724 330 fauces
1733 325 1741 337 ‚
1761 309 1779 331 i.
1789 315 1849 341 quae
1862 305 1896 331 ad
1907 305 1954 332 duo
1968 308 2020 332 loca
2028 305 2131 332 ducunt.
2166 307 2254 341 Biuii,
2263 310 2439 348 Triuii,Qia.
2451 294 2458 333 l

288 344 349 377 prie
362 340 510 368 adicfflumn
526 339 568 373 ifle
586 346 690 374 apparet
707 349 735 365 ex
754 340 813 365 Liu.
823 347 866 372 24,
879 348 915 372 40
935 339 1085 375 Philippum
1099 340 1217 374 primum
1230 338 1341 372 Apollo·
1366 345 1380 371 5
1406 338 1490 365 driuii
1504 339 1573 365 DIV.
1593 338 1671 364 Inscr.
1686 340 1761 366 Grut.
1776 346 1819 375 84,
1834 349 1855 374 ς.
2451 363 2454 367 .
2468 363 2470 367 ,

294 377 367 404 niam
386 379 505 408 tentasse,
525 375 628 401 lenibus
649 374 795 401 biremibus
817 382 889 402 cxx
910 376 1020 402 flumine
1044 375 1155 402 aduerso
1174 374 1339 400 subucCtum.
1444 376 1663 406 BiSALTAE,
1683 383 1767 402 arm-n.
1803 387 1838 403 m.
1873 376 2038 411 [Βισάλται]
2074 377 2235 404 Macedoniae
2247 387 2315 415 gens.
2350 383 2441 420 Vir-gil,

292 414 335 441 Sic
352 423 432 439 omnm
446 413 518 438 MSS.
534 411 601 446 apud
614 412 722 438 Gronou.
756 412 801 438 Al.
814 410 918 437 leuibus
931 411 1092 441 biremibus,
1107 420 1168 446 quas
1182 420 1211 436 ex
1223 411 1341 445 Appiano
1406 410 1505 444 Georg.
1518 419 1544 443 3,
1555 411 1620 442 461,
1644 409 1672 435 de
1683 411 1774 437 morbis
1785 416 1881 445 ortium,
2357 429 2360 432 Δ
2450 413 2451 416 ’

292 449 397 484 Bayfius
422 457 463 473 eas
482 447 708 482 interpretabatur,
734 456 794 482 quae
812 453 836 473 et
855 447 1003 474 Liburnicae
1022 447 1149 473 dicuntur.
1206 444 1341 472 Adtec‘liue
1561 445 1798 485 Profuitqincensos
1812 448 1893 475 aestus
1906 454 2041 479 auertere3
2066 454 2091 474 et
2105 448 2176 475 inter

292 488 365 511 etiam
382 484 475 509 Horat.
490 483 578 508 Carm.
594 491 616 515 3,
630 491 672 515 29,
687 485 721 509 62.
740 483 811 509 Dum
823 491 866 509 me
880 482 989 509 biremis
1004 482 1134 516 praesidio
1149 481 1256 516 scaphae
1277 482 1338 508 Tu·
1561 482 1617 507 Ima
1631 481 1712 507 ferire
1724 482 1796 515 pedis
1809 484 1942 510 salientem
1956 485 2082 519 sanguine
2098 493 2208 511 venam:
2394 487 2401 499 ⁵

291 527 347 546 tum
363 528 408 553 per
423 519 523 552 Aegeos
542 518 671 544 tumultus
686 518 757 545 Aura
778 519 855 546 feret.
911 518 959 546 Sed
974 517 1098 554 substant.
1125 519 1207 544 Parua
1225 517 1337 545 biremis
1357 523 1388 541 10
1561 517 1673 543 Bisaltae
1685 526 1740 551 quo
1755 527 1829 545 more
1843 520 1942 553 solent,
1961 529 2073 555 acerque
2089 520 2206 546 Gelonus

293 555 387 581 Lucan.
403 562 440 585 ιο,
454 557 492 586 56.
565 554 689 588 Remigio
704 554 818 581 biremes
832 560 921 589 aptare
934 554 1032 588 Virgil.
1042 555 1105 580 Aen.
1121 559 1144 586 8,
1158 562 1201 589 79.
1237 554 1303 580 Plin.
1312 561 1339 588 7,
1562 554 1654 586 Quuu
1669 553 1739 586 fugit
1751 554 1778 579 in
1793 554 1949 591 Rhodopen,
1961 563 2040 591 atque
2055 557 2083 582 in
2095 556 2195 582 deserta
2206 556 2342 592 Getarum,

291 593 322 623 56
343 590 475 616 Biremem
490 590 622 617 Damastes
635 590 793 623 Erythraeos
811 591 897 617 fecisse
911 589 998 617 auctor
1013 588 1055 623 eli.
1090 590 1217 617 Caeterum
1235 590 1339 616 duorum
1560 590 1592 615 Et
1607 589 1644 614 lac
1657 595 1808 616 concretum
1829 599 1887 617 cum
1902 593 2026 627 sanguine
2040 599 2112 627 potat
2131 593 2240 627 equino.
2401 612 2403 615 .
2451 611 2459 625 ,

303 635 402 651 enei-um
417 624 496 660 suiffe
514 625 645 659 biremes,
665 633 783 662 apparet,
803 628 897 653 alteras
917 626 1045 652 binorum
1063 632 1161 652 tantum
1181 635 1338 657 remorum,
1411 624 1459 651 Vbi
1471 624 1589 657 Seruius,
1605 624 1716 651 Bisaltae
1728 626 1821 660 populi
1836 626 2004 661 Scytharum,
2022 629 2070 663 qui
2084 628 2231 662 fugientes,
2251 631 2461 661 equorumsan..4v

288 636 366 687 binos
381 662 489 687 ordines
502 670 639 688 remorum
650 663 765 689 habentes
778 663 880 688 alteras.
919 663 1019 688 Prioris
1031 666 1131 698 generis
1150 660 1183 695 est
1197 662 1240 688 illa
1253 663 1339 687 Hora·
1406 661 1486 694 guine
1499 661 1605 687 aluntur
1619 660 1686 686 lab‘te
1700 661 1834 695 permisto.
1870 663 1916 689 Sed
1932 663 1998 690 haud
2015 665 2085 690 dubie
2099 672 2176 691 errat.
2215 663 2326 690 Bisaltae
2337 662 2437 704 enimJ‘a.
2460 662 2474 707 3¹

288 697 374 727 tiana,
395 699 499 733 itemque
513 707 595 732 parua
609 698 725 730 Lucani,
744 705 767 724 et
782 707 837 724 non
852 698 929 732 longa
943 697 1062 724 eiusdem
1077 703 1100 730 8,
1116 701 1171 730 562.
1212 699 1287 723 Tales
1301 699 1338 722 vi·
1359 699 1384 724 ¹5
1404 699 1562 722 tisaccurate
1575 698 1721 731 inAemylii
1729 698 1811 723 Paulli
1822 701 1932 724 oratione
1945 700 2010 734 apud
2021 701 2132 734 Liu.4,·,
2140 708 2173 732 29
2193 698 2370 735 describuntur,
2383 703 2462 746 Μ’

288 731 379 758 dentur
391 736 464 758 etiam
471 732 551 769 suiſje
566 734 661 761 Lembi
673 733 789 761 biremes
799 733 882 760 Liuii.
918 734 965 761 Sed
975 734 1005 760 ab
1018 733 1157 761 ordinibus
1171 733 1242 760 binis
1253 731 1339 758 dictae
1405 740 1443 757 eos
1456 741 1504 757 non
1517 733 1589 768 longe
1601 742 1615 758 a
1630 733 1758 766 Strymone
1778 732 1884 769 abfiiiſje
1902 741 2012 770 apparet,
2069 736 2158 763 valer,
2171 736 2318 770 Αῐῧοῃμό,
2332 745 2367 770 49
2383 728 2471 770 Pro-³⁸2-

279 768 343 805 fimt
357 768 528 803 Virgilianae.
886 786 887 789 ι
1402 767 1473 793 xima
1482 767 1592 794 Bisaltae
1599 769 1682 803 regio.
2394 783 2420 793 -l-
2435 770 2453 802 s}

324 810 385 831 311³
395 811 414 831 o
423 811 445 831 T
454 812 473 831 v
484 812 524 837 M,
545 802 670 840 δι’τροχον,
691 804 827 831 onomast.
841 806 901 831 Vet.
919 804 965 841 fin
987 812 1003 832 n
1013 813 1023 831 1
1032 811 1049 831 R
1060 812 1079 831 o
1089 811 1110 830 τ
1121 811 1141 830 Α
1151 823 1160 835 ,
1188 803 1278 829 Genus
1292 812 1337 829 ve-
1442 809 1457 830 Β
1468 805 1501 830 ss
1510 811 1532 830 A
1541 811 1557 830 L
1569 811 1590 831 T
1599 811 1608 830 1
1618 812 1648 837 s,
1668 804 1727 830 i‘dis.
1759 803 1779 830 f.
1810 804 1945 840 (vitiosum
1957 809 2023 832 enim
2038 804 2072 840 est
2086 813 2102 833 B
2111 813 2120 833 1
2130 814 2142 833 s
2152 813 2198 833 AL
2208 813 2242 833 1²1
2252 809 2283 838 s)
2309 807 2459 854 mmmm,

285 839 380 872 hiculi,
391 849 406 866 a
418 840 519 867 duabus
532 841 597 867 rotis
610 841 820 867 denominatum.
863 840 921 867 Vid.
937 839 1074 867 Panciroll.
1085 840 1174 866 Notit.
1183 839 1338 874 Dign.1mp.
1407 840 1502 865 Nomen
1512 839 1622 874 puellae,
1640 849 1711 876 quam
1727 841 1860 876 Neptunus
1871 843 1898 866 in
1910 844 2011 868 arietem
2025 842 2155 878 conuersus
2167 842 2318 877 compreffit,
2330 843 2393 872 vnde
2418 863 2422 875 Ἴ,
2454 875 2456 877 .

286 876 334 902 Or.
349 884 403 910 cap.
418 878 443 902 6.
463 883 486 902 tt
499 876 612 904 Guther.
634 876 666 903 de
680 877 734 904 Off.
748 877 827 903 Dom.
842 878 909 911 Aug.
926 885 953 909 3,
969 885 993 907 ις
1020 885 1049 901 ex
1069 876 1099 901 C.
1115 875 1255 902 Theodos.
1277 876 1306 902 L.
1323 880 1336 906 8
1352 883 1388 901 20
1403 882 1445 900 tus
1458 879 1526 901 aries
1543 876 1599 908 ille,
1617 879 1661 912 qui
1680 877 1810 911 Phryxum
1825 879 1904 902 vexit.
1947 877 2029 905 Ouid.
2044 879 2110 905 Met.
2127 880 2153 909 6,
2169 886 2210 912 117
2232 879 2373 913 Nepmnum
2386 865 2441 908 'affl

285 911 317 937 de
331 912 417 938 Cursu
432 911 505 946 publ.
703 910 724 951 fl
744 921 760 939 2
785 911 826 947 Est
837 919 919 939 autem
928 909 1142 947 proprieAdier.
1164 920 1223 948 ung.
1236 911 1337 939 Cisium
1422 920 1496 944 utus,
1522 917 1550 938 tu
1570 912 1641 938 visus
1656 913 1769 947 Enipeus
1803 913 1898 946 Gignis
1913 912 2036 946 Aloidas,
2056 915 2124 940 aries
2137 913 2262 940 Bisaltida
2278 913 2356 940 fallis.
2388 947 2390 949 ι
2416 903 2440 947 ’j'

283 947 402 974 vehiculi
418 947 502 975 biroti
515 956 596 983 genus
610 948 683 974 Non.
698 958 723 981 2,
739 957 787 980 ¹39-
1433 948 1514 982 ygino
1528 948 1591 975 Fab.
1605 953 1647 979 ¹88
1665 948 1797 984 discimus,
1816 957 1901 975 nomen
1911 949 2008 983 puellae
2021 949 2206 984 Theophane:
2228 951 2316 976 Patris
2327 956 2390 987 ergo

321 988 432 1011 BISAC
442 991 462 1010 ν
472 991 563 1015 Tvs,
584 993 615 1017 a,
639 993 693 1010 um.
730 985 795 1010 Non
814 983 831 1009 si
851 982 955 1008 occidas
975 990 1020 1008 eos
1037 982 1130 1017 gladio
1150 982 1271 1010 bisacuto
1284 984 1337 1009 Au-
1402 993 1488 1010 nomen
1502 984 1614 1010 Bisaltus
1627 992 1670 1011 aut
1684 984 1800 1012 Bisaltcs.
1842 984 1900 1011 Vici.
1913 985 2073 1012 Meziriacus
2085 986 2118 1012 ad
2130 985 2213 1012 Ouid.
2229 986 2294 1012 Her.
2310 987 2327 1012 6
2343 995 2382 1021 pr.

283 1018 379 1052 gustin.
417 1019 546 1052 Confiiz,
560 1028 600 1054 14.
637 1019 705 1046 Add.
720 1019 809 1045 Barth.
823 1018 890 1044 Ado.
906 1025 949 1052 45,
964 1025 1003 1050 ις.
1372 1034 1374 1038 ⁴
1439 1026 1573 1050 BlSON,
1593 1021 1680 1053 ontis,
1701 1028 1724 1047 et
1742 1021 1810 1047 onis.
1847 1029 1882 1046 m.
1918 1019 2029 1055 [βίαιον]
2065 1023 2170 1048 Animal
2188 1031 2199 1048 e
2217 1021 2286 1047 boum
2297 1020 2360 1055 filue
2381 1021 2384 1024 ”
2428 1036 2438 1061 ,λ

319 1061 354 1081 131
365 1061 381 1081 P
391 1061 465 1082 ROR
475 1063 495 1083 ν
506 1063 535 1088 s,
557 1065 586 1088 a,
608 1064 662 1081 um.
693 1054 811 1088 ‘Biprora
823 1054 899 1080 nauis
913 1055 1013 1090 Hygin.
1026 1053 1080 1081 fab.
1092 1056 1144 1086 168.
1178 1054 1246 1083 Adai.
1260 1055 1335 1082 Idem
1351 1061 1383 1087 25
1401 1065 1496 1092 genere.
1538 1056 1606 1082 Plin.
1619 1061 1643 1089 8,
1658 1066 1683 1089 ις
1702 1056 1815 1091 Insigni-3
1836 1056 1918 1083 boum
1938 1056 2058 1083 ferorum
2078 1066 2190 1092 genera,
2208 1058 2341 1084 Germania
2354 1061 2389 1095 gi
2427 1052 2446 1079 ΛΑ

279 1090 335 1117 fab.
350 1090 437 1118 vltim.
1402 1091 1507 1118 iubatos
1521 1092 1656 1124 Bisontes,
1670 1093 1862 1127 excellentique
1875 1093 1903 1118 vi
1916 1098 1941 1118 et
1955 1092 2096 1119 velocitate
2110 1103 2171 1120 vros
2184 1099 2229 1119 etc.
2261 1095 2340 1130 Vulgo
2347 1102 2395 1129 pu·-
2423 1081 2446 1122 's'

318 1132 404 1154 nxSA
414 1134 430 1154 C
440 1134 457 1154 c
467 1135 475 1154 1
486 1134 506 1152 ν
516 1134 540 1153 Μ
550 1147 557 1158 ,
585 1126 602 1151 i.
640 1134 667 1151 n.
705 1125 823 1151 Geminus
832 1125 931 1161 [στεπη.
973 1127 1078 1153 Petron.
1092 1135 1117 1159 31
1144 1128 1175 1154 In
1195 1126 1334 1162 promum.
1398 1127 1507 1163 describi
1520 1128 1565 1155 hoc
1578 1130 1698 1155 animala
1711 1129 1784 1155 Caes.
1800 1128 1865 1155 Bell.
1880 1128 1947 1155 Gall.
1962 1131 1988 1162 6,
1998 1131 2032 1155 26
2053 1128 2095 1155 Est
2108 1129 2155 1155 bos
2170 1129 2243 1155 cerui
2258 1128 2357 1164 figura,
2383 1148 2385 1150 -
2428 1124 2445 1141 ¹⁴

281 1158 339 1189 dari
361 1163 454 1189 asellus
474 1168 529 1188 erat
544 1160 702 1187 Corinthius
721 1170 782 1187 cum
799 1161 914 1188 bisaccio
933 1162 1047 1196 positus,
1072 1163 1097 1189 h.
1112 1173 1132 1189 e.
1152 1165 1203 1190 Vas
1223 1172 1233 1189 e
1247 1163 1334 1189 Corin·
1399 1172 1414 1190 a
1428 1163 1516 1190 media
1535 1163 1625 1190 fronte
1645 1164 1715 1190 inter
1733 1173 1807 1190 aures
1829 1173 1911 1191 vnum
1932 1174 2015 1192 cornu
2037 1164 2134 1192 exsistit
2153 1164 2295 1198 excelsius,
2313 1165 2380 1200 mag'
2425 1156 2444 1190 {¹3

279 1198 333 1224 thio
346 1207 414 1229 aere,
431 1198 495 1233 quod
506 1199 622 1233 utrinque
636 1199 813 1232 receptaculum
827 1196 908 1231 insiar
918 1198 992 1233 Jacci
1003 1198 1105 1232 habuit,
1122 1199 1333 1235 quoferculorum
1400 1198 1533 1225 dirce'tum
1547 1199 1605 1232 his,
1626 1208 1694 1234 quae
1710 1200 1789 1226 nobis
1803 1206 1865 1226 nota
1880 1201 1938 1227 sunt
1953 1199 2088 1228 cornibus.
2129 1201 2170 1227 Ab
2190 1201 2247 1228 eius
2262 1202 2366 1229 summo
2390 1206 2399 1237 ζ
2424 1191 2444 1213 ⁴

277 1234 361 1261 lances
373 1240 397 1260 ct
405 1232 548 1269 paropsides
562 1235 589 1258 in
601 1232 682 1268 mensa
691 1233 857 1268 ponebantur.
900 1233 958 1260 Vici.
972 1234 1070 1270 ReineJI
1351 1240 1384 1264 30
1398 1235 1500 1271 palmae
1519 1236 1588 1262 rami
1606 1245 1687 1270 quam
1707 1236 1758 1262 late
1774 1235 1966 1263 diffimduntur.
2002 1236 2051 1264 Sed
2068 1234 2169 1270 difficile
2189 1235 2223 1271 est
2236 1239 2286 1264 tale
2300 1239 2376 1264 anim
2420 1230 2443 1272 ⁴.
2458 1243 2459 1246 ’

316 1276 372 1296 1318
382 1275 398 1296 Ε
408 1276 423 1295 1.
434 1276 449 1295 L
460 1277 469 1295 1
479 1275 616 1301 ARer,
650 1270 669 1295 i.
706 1278 742 1295 ιιι.
778 1271 832 1306 Qu*
851 1269 945 1306 bisti-lia
958 1269 1121 1307 fabricabat.
1167 1271 1227 1298 Vct.
1250 1271 1330 1298 Inscr-
1398 1274 1484 1299 venire
1503 1271 1584 1298 hodie.
1622 1273 1653 1299 Et
1673 1271 1763 1308 difirte
1782 1272 1846 1299 hunc
1860 1273 1995 1299 Bisontem
2009 1271 2052 1307 este
2070 1280 2146 1309 negat
2159 1273 2184 1299 C.
2201 1273 2329 1308 Gefizerus.
2374 1274 2393 1285 '¹
2420 1261 2443 1292 ψ

277 1305 353 1331 Grut.
374 1314 398 1339 p.
414 1312 487 1337 1099,
502 1313 527 1336 2,
548 1311 572 1331 et
587 1313 653 1337 1103,
667 1306 692 1330 6.
1398 1316 1502 1343 qzmmus
1514 1316 1574 1344 ergo
1587 1307 1646 1334 haec
1659 1315 1763 1334 naturae
1779 1315 1803 1334 ct
1817 1310 1962 1334 animalium
1976 1309 2122 1341 historic-im
2137 1316 2260 1344 ponamus
2273 1310 2327 1335 loca
2339 1316 2380 1336 vet
2396 1315 2400 1335 .“
2418 1298 2444 1320 '⁵'

314 1347 331 1368 Β
340 1348 349 1366 1
358 1347 370 1367 s
381 1347 397 1367 E
406 1347 422 1366 1.
431 1347 465 1367 ιι
476 1347 496 1367 ν
505 1347 540 1366 Μ.
578 1338 727 1376 [διφορεῖον]
765 1339 843 1372 Sella,
861 1343 889 1367 in
904 1349 953 1377 qua
966 1340 1012 1367 duo
1024 1347 1121 1368 tantum
1127 1341 1215 1377 fidere
1224 1341 1333 1376 possunt.
1391 1343 1555 1379 simpliciter.
1588 1344 1671 1370 Solin.
1686 1353 1706 1370 e.
1715 1353 1742 1376 23
1763 1343 1791 1369 de
1806 1345 1949 1377 Germania,
1969 1345 1999 1370 In
2013 1344 2064 1371 hoc
2077 1344 2163 1371 “adiu
2179 1351 2205 1371 et
2217 1345 2246 1371 in
2259 1342 2336 1372 onmi
2348 1346 2364 1372 s
2365 1357 2368 1358 ⁷
2380 1336 2450 1391 2¹4*

275 1376 354 1403 Varr.
369 1375 402 1403 de
417 1376 446 1402 L.
454 1376 483 1402 L.
501 1386 530 1410 4,
543 1381 583 1406 28-
619 1376 693 1412 Cous.
709 1376 805 1413 Reitzes
821 1376 856 1403 ad
870 1378 970 1404 Petron.
993 1386 1018 1411 p.
1034 1386 1086 1411 114.
1122 1377 1282 1414 Copicijfflinre
1302 1379 1331 1404 de·
1398 1379 1510 1409 trionali
1530 1380 1604 1414 plaga
1618 1379 1735 1407 bisontes
1749 1379 1968 1414 frequentiffimi,
1989 1381 2036 1415 qui
2052 1380 2138 1408 bubus
2158 1381 2223 1407 feris
2243 1380 2353 1413 similes,
2386 1386 2443 1414 ³335«

276 1411 384 1440 Bisellio
399 1415 450 1448 egit
464 1412 724 1439 Val.Chimentellus
738 1412 770 1439 de
785 1412 888 1439 honore
903 1412 1197 1449 bisellii,cuiusfi0ulus
1210 1413 1244 1447 est
1252 1415 1332 1441 Inscr.
1349 1420 1378 1447 33
1396 1416 1483 1448 colla,
1503 1416 1578 1442 iubas
1595 1415 1716 1448 horridi,
1736 1416 1806 1442 vltra
1827 1423 1916 1442 tauros
1937 1417 2094 1451 pernicitate
2114 1417 2268 1451 (vigentes)
2288 1413 2375 1452 capti³
2388 1423 2399 1439 1·
2414 1409 2443 1438 Ἢ

276 1448 403 1483 ap.Grut.
417 1457 441 1482 p.
448 1455 509 1482 475,
522 1456 534 1480 3
562 1448 593 1475 C.
608 1448 749 1475 TITIO
769 1449 993 1476 CHRESIMO
1027 1464 1074 1469 —·
1110 1450 1330 1477 HONOREM
1395 1453 1467 1479 scere
1480 1460 1559 1478 manu
1573 1452 1700 1478 nesciunt.
1752 1452 1870 1478 Martial.
1885 1461 1905 1484 ι,
1920 1460 1962 1485 ιος
1981 1452 2089 1487 Turpes
2104 1453 2186 1479 esseda
2200 1453 2273 1488 quod
2288 1441 2443 1481 trahnmtff

275 1484 344 1511 1318.
365 1484 457 1510 ILLI
477 1490 522 1510 etc.
560 1484 629 1511 Haec
641 1485 731 1510 ultima
738 1484 911 1511 Chimentellus
923 1487 986 1522 legit
1000 1491 1057 1512 BIS
1067 1492 1084 1512 E
1094 1493 1110 1512 1.
1122 1492 1138 1511 L
1150 1493 1158 1513 1
1177 1486 1203 1522 s.
1218 1486 1332 1513 bisellii:
1397 1489 1492 1515 sontes-
1547 1487 1642 1514 Villosi
1662 1493 1735 1522 terga
1749 1487 1865 1514 bisontes
1883 1488 1940 1514 Sen.
1955 1488 2065 1523 Hippol.
2079 1497 2105 1520 1,
2122 1490 2167 1523 64.
2203 1489 2320 1516 Man-rial.
2332 1489 2417 1526 Spes,
2435 1475 2443 1500 ἢ

274 1526 299 1546 et
311 1522 382 1546 varie
395 1522 593 1553 interpretatur,
614 1521 656 1545 vel
667 1519 732 1555 quod
743 1520 782 1546 bis
793 1519 967 1556 magistratum
978 1520 1096 1557 gesterit,
1116 1522 1179 1548 sella
1195 1522 1268 1558 ujus:
1290 1523 1332 1549 vel
1397 1533 1427 1556 23
1465 1523 1494 1550 de
1514 1523 1688 1560 Carpophoro,
1715 1523 1763 1550 Ille
1783 1524 1846 1550 tulit
1864 1524 1985 1558 geminos
2004 1524 2080 1550 facili
2100 1525 2204 1551 ceruice
2223 1525 2371 1558 iuuenem,
2399 1529 2411 1547 *¹

293 1554 341 1581 uod
353 1555 487 1581 Duumuir
498 1553 602 1590 fucrit,
622 1558 692 1581 cuius
711 1554 806 1592 itfigne
818 1559 894 1592 sorte
915 1556 1051 1584 bisellium
1071 1564 1117 1584 etc.
1171 1559 1231 1585 Vet.
1247 1559 1328 1587 Gloff.
1394 1559 1462 1586 cess'it
1482 1566 1559 1586 atrox
1579 1559 1706 1591 bubalus,
1728 1566 1807 1594 atque
1826 1559 1912 1586 bison.
1982 1561 2051 1596 Quae
2069 1559 2097 1586 de
2112 1561 2212 1596 Bisonte
2230 1564 2258 1587 in
2273 1564 2358 1588 numis
2444 1578 2448 1591 ,

274 1565 411 1618 gisellium
432 1587 532 1626 διέδρων·
615 1625 620 1630 1
641 1625 646 1630 ,
792 1626 798 1631 ,
1020 1602 1022 1604 “
1337 1607 1375 1632 40
1395 1595 1487 1631 Spanh.
1509 1594 1538 1620 de
1563 1595 1612 1630 vsu
1634 1597 1710 1621 Num.
1730 1595 1792 1622 Diis.
1806 1605 1825 1629 4
1848 1605 1873 1630 p.
1885 1604 1939 1629 209
1952 1596 1990 1631 sq.
2027 1605 2054 1622 ea
2068 1600 2157 1631 potius
2177 1596 2281 1630 docent,
2299 1601 2328 1623 in
2435 1591 2449 1615 'l

313 1633 454 1653 BlSETA
465 1645 474 1657 ‚
499 1626 579 1651 Porca
594 1625 708 1652 dicitur:
727 1635 742 1652 a
757 1635 831 1654 cuius
850 1627 955 1654 ceruice
975 1628 1043 1655 setae
1061 1628 1189 1656 bifariam
1203 1629 1330 1656 diuidun—
1389 1641 1443 1658 eum
1464 1640 1514 1657 non
1530 1629 1624 1663 exstare
1639 1630 1718 1657 hodie.
2378 1643 2405 1654 ,.-
2444 1631 2446 1653 Ι

274 1666 333 1693 tur,
350 1671 433 1696 quum
447 1662 501 1687 iam
517 1661 565 1686 esse
579 1661 675 1694 incipit
694 1662 782 1688 maior
796 1663 839 1688 sex
853 1663 991 1690 mensium.
1029 1664 1126 1691 Festus.
1432 1673 1489 1694 1318
1499 1673 1565 1693 PEL
1576 1672 1655 1698 LIO,
1675 1666 1743 1692 onis.
1779 1666 1933 1701 Quibusdam
1951 1677 1966 1693 a
1979 1667 2046 1693 Bina
2064 1667 2134 1702 pelle
2153 1665 2238 1694 ditius
2255 1668 2344 1695 virleba
2371 1670 2403 1690 ft*
2420 1678 2432 1689 ··
2444 1661 2445 1668 ἵ

314 1704 372 1725 818
383 1705 395 1724 s
406 1698 487 1728 ΞΝΙ,
508 1705 557 1736 ae,
569 1704 591 1721 a.
630 1696 730 1723 Auson.
751 1697 780 1723 in
792 1699 934 1730 Monosyll.
949 1699 1034 1732 Edyll.
1053 1709 1082 1726 η
1107 1701 1219 1726 Bissenas
1240 1707 1327 1735 partes
1393 1702 1457 1728 idem
1471 1700 1531 1734 effe,
1550 1705 1593 1738 qui
1612 1701 1769 1736 Verfipellis:
1789 1706 1807 1728 i.
1839 1703 1980 1735 Veterator,
1990 1705 2092 1738 planus.
2149 1704 2217 1739 Qiae
2229 1713 2288 1731 vero
2300 1707 2353 1731 lau
2363 1719 2376 1727 n
2409 1702 2436 1728 '¹1'

273 1733 333 1768 quis
348 1733 466 1759 continet
479 1732 653 1766 aequipares?
674 1733 718 1757 As.
753 1732 822 1758 Adai.
835 1734 1090 1762 Prudent.Cathe.m.
1105 1745 1144 1768 η,
1160 1744 1206 1768 192
1229 1736 1328 1762 Biss'ena
1392 1739 1458 1765 hanc
1465 1738 1617 1772 sententiam
1632 1738 1686 1763 loca
1702 1737 1816 1763 ICtorum
1832 1745 1959 1771 veter-um,
1981 1748 2008 1765 ea
2028 1749 2073 1766 nos
2091 1738 2203 1766 dabimus
2221 1742 2249 1766 in
2267 1736 2368 1770 VESPI
2400 1746 2415 1771 j,
2442 1743 2444 1767 ζ

271 1770 387 1795 fratrum
402 1768 517 1799 semina,
537 1768 597 1793 XII
612 1767 697 1794 tribus
710 1767 864 1794 ludaeorum.
1343 1781 1377 1806 43
1392 1775 1430 1800 De
1451 1773 1658 1799 VERSIPELLI
1674 1775 1748 1797 etiam
1756 1771 1803 1806 suo
1823 1774 1890 1804 loco,
1915 1772 1971 1812 post
1987 1781 2119 1802 VERTO
2137 1776 2249 1810 agimus.

310 1811 326 1831 Β
335 1811 344 1830 ι
353 1811 365 1831 s
376 1810 392 1831 Ε
401 1811 420 1831 Χ
429 1810 499 1831 ΤιΑ
508 1810 542 1830 L1
553 1810 583 1835 s,
602 1811 626 1829 e.
665 1802 726 1831 Adi.
769 1804 820 1836 Vt,
838 1803 900 1830 Olla
918 1802 1066 1831 bisextialis
1092 1805 1211 1833 Marcell.
1225 1807 1327 1841 Empir.
1427 1814 1484 1836 1313
1494 1816 1506 1834 s
1516 1814 1531 1834 E
1541 1815 1559 1834 x
1569 1814 1590 1834 T
1600 1815 1620 1834 v
1629 1814 1658 1839 S,
1678 1806 1731 1833 vid.
1747 1810 1814 1832 inter
1827 1810 1958 1842 composita
1973 1817 2002 1833 ex
2017 1816 2083 1836 1318.
2243 1813 2245 1815 '
2400 1810 2412 1827 ’-

272 1849 327 1875 eap.
343 1847 369 1873 ις
388 1839 505 1872 videtur,
526 1848 586 1875 quae
598 1838 661 1865 duos
668 1839 797 1874 sextarios
810 1842 888 1874 capit.
1430 1850 1589 1875 BISTON,
1611 1843 1679 1869 bnis.
1717 1842 1828 1876 [Βίςων]
1864 1844 1962 1869 Martis
1980 1850 2004 1868 et
2024 1844 2177 1872 Callirrhoe's
2189 1846 2290 1884 filius„
2305 1849 2349 1885 qui
2360 1845 2439 1874 Βίἦα

309 1882 325 1903 Β
334 1883 343 1902 1
352 1883 365 1902 S
375 1882 388 1903 s
397 1882 441 1903 Ex
451 1882 472 1902 'r
482 1882 492 1902 1
503 1881 519 1900 L
530 1882 561 1902 is
569 1895 579 1907 ,
599 1883 622 1901 e.
665 1876 715 1907 Vt,
736 1876 827 1901 Annus
846 1875 1000 1907 biss’extilis,
1018 1876 1094 1912 vulgo
1108 1874 1219 1908 dicitur,
1236 1878 1263 1901 in
1281 1885 1327 1911 quo
1393 1879 1465 1904 niam
1483 1880 1608 1904 Thraciae
1628 1878 1710 1904 vrbem
1730 1878 1843 1904 condidit
1856 1889 1864 1903 .·
1889 1878 1954 1904 vnde
1967 1888 2049 1904 omnes
2065 1879 2176 1906 Thraces
2187 1882 2307 1910 Bistones
2325 1889 2350 1909 et
2359 1882 2429 1909 Bisto
2451 1879 2454 1883 ’

271 1910 306 1945 est
319 1911 454 1938 Bissextus.
496 1911 596 1937 Veteres
610 1910 799 1937 Intercalarem
817 1911 915 1938 dicunt.
1392 1914 1452 1940 nios
1471 1913 1556 1940 dixere
1572 1915 1661 1939 Poetae
1674 1923 1684 1942 ς
1710 1913 1835 1949 ipsumque
1854 1914 2007 1946 Thraciam,
2027 1914 2191 1950 Bistoniam,
2210 1926 2255 1945 aut
2269 1917 2435 1945 Bistonidem

308 1954 325 1974 B
334 1955 344 1973 1
354 1955 366 1974 s
375 1954 412 1974 SE
421 1954 441 1974 x
450 1953 535 1973 ΤνΜ
544 1966 552 1978 ,
573 1946 592 1972 i.
619 1955 646 1972 n.
684 1947 816 1974 Ammian.
831 1949 875 1979 26,
888 1954 904 1973 2
927 1946 1069 1973 Bissextum
1082 1946 1169 1973 vitans
1184 1945 1327 1973 Februarii
1340 1955 1372 1981 30
1391 1951 1485 1984 Nempe

270 1988 333 2009 tunc
346 1983 514 2014 illucescens,
534 1985 552 2008 i.
566 1981 629 2007 diem
641 1981 789 2008 bissextum.
826 1984 919 2017 Nempe
943 1983 1012 2008 cons.
1027 1982 1112 2008 Vales.
1126 1982 1158 2009 ad
1169 1982 1221 2008 loc.
1430 1991 1447 2012 B
1456 1993 1465 2011 1
1474 1992 1486 2011 S
1495 1982 1615 2011 '1³0⁰le
1624 2004 1632 2016 ,
1650 1982 1710 2010 i'dis.
1731 1983 1751 2010 f.
1781 1983 1905 2016 [Bis'on‘s]
1943 1982 2006 2010 Adi.
2026 1983 2098 2017 idem,
2113 1987 2177 2023 quod
2192 1989 2313 2020 Thracia,
2324 1987 2424 2022 anffi

309 2025 343 2045 131
353 2024 365 2042 s
374 2025 387 2044 s
396 2025 413 2044 E
422 2025 441 2044 x
450 2025 472 2044 'r
481 2024 502 2044 v
511 2024 535 2043 s.
571 2016 584 2050 [
592 2014 754 2049 ἓμέῗυλιμοιῖω
769 2018 782 2051 ]
820 2019 882 2043 Dies
901 2017 996 2043 dicatur
1010 2021 1115 2052 proprie
1128 2018 1219 2043 Sextus
1233 2017 1327 2045 Kalen·
1397 2022 1529 2048 Threicia.
1585 2019 1699 2046 Bistonis
1712 2027 1759 2046 ora
1776 2018 1858 2045 Ouid.
1871 2018 1951 2054 Epist.
1965 2021 2003 2050 16,
2017 2028 2078 2053 344·
2146 2023 2258 2051 Bistonis
2275 2030 2346 2050 terra
2363 2023 2424 2050 Iden

272 2053 316 2080 das
331 2053 442 2086 Martii,
460 2055 488 2079 in
507 2061 572 2078 anno
591 2061 620 2078 cx
642 2053 704 2078 iulii
725 2053 839 2088 Caesaris
858 2050 974 2086 instituto
994 2054 1157 2084 intercalari,
1176 2056 1327 2088 geminatus,
1393 2066 1408 2082 e
1421 2058 1496 2082 Pom,
1511 2065 1535 2086 2,
1549 2064 1588 2089 19,
1603 2065 1644 2089 54.
1681 2056 1776 2083 Horat.
1789 2056 1877 2082 Carm.
1895 2063 1922 2088 2,
1936 2063 1974 2088 19,
1990 2064 2021 2081 20
2040 2055 2152 2083 Bacchus
2165 2058 2258 2085 dicitu,-
2270 2059 2353 2085 Nodo
2366 2060 2422 2084 ωε,

271 2097 295 2116 et
310 2089 352 2116 bis
365 2095 509 2115 numeratus
518 2108 526 2121 ,
545 2097 575 2114 ne
589 2088 740 2124 reliquorum
758 2090 854 2115 dicrum
871 2088 930 2115 ordo
948 2087 1104 2114 turbaretur.
1140 2087 1260 2113 Macrob.
1275 2089 1326 2114 Sat.
1393 2099 1454 2116 ecre
1466 2092 1551 2116 crines
1564 2091 1748 2124 Bistonidum,
1768 2094 1787 2117 i.
1801 2092 1936 2118 Mulierum
1948 2090 2138 2118 Thracicarum.

274 2133 299 2156 ι,
315 2134 344 2159 14
375 2124 459 2152 Iulius
474 2124 570 2151 Caesar
588 2123 679 2150 decem
700 2123 756 2151 dies
777 2124 963 2151 obseruationi
979 2123 1067 2149 veteri
1086 2123 1276 2157 superadiecit,
1297 2129 1326 2149 vt
1345 2128 1373 2154 55
1430 2123 1640 2156 BIST6NES,
1655 2130 1716 2152 lum.
1753 2126 1880 2160 [Bls‘om]
1918 2128 2006 2162 Populi
2019 2130 2047 2152 in
2065 2127 2193 2160 Thracia,
2215 2126 2280 2153 teste
2291 2126 2358 2153 Plin.

270 2169 369 2193 &inum
382 2160 522 2188 CCCLXV
535 2160 591 2186 dies
621 2174 666 2179 ——
694 2158 843 2192 efficerent,
855 2166 880 2187 et
894 2169 928 2186 ne
942 2159 1073 2194 quadrans
1081 2159 1147 2193 (diei
1154 2160 1179 2194 J?
1191 2160 1216 2185 V
1216 2160 1231 2185 I
1237 2159 1327 2193 borae)
1393 2160 1481 2186 Valer.
1496 2159 1578 2186 Flacc.
1594 2161 1694 2193 Argon.
1708 2168 1733 2190 ι,
1748 2164 1801 2193 726
1829 2161 1947 2188 Bistonas
1965 2161 1999 2188 ad
2018 2163 2129 2188 meritos
2149 2171 2234 2197 quum
2251 2170 2351 2188 cornua

272 2196 381 2227 deesset,
399 2196 505 2228 statuit,
523 2202 552 2222 vt
566 2201 662 2230 quarto
676 2204 783 2230 quoque
799 2205 869 2223 anno
882 2195 1030 2222 sacerdotes
1065 2209 1110 2214 ——-
1146 2203 1229 2220 vnum
1245 2196 1327 2221 inter·
1392 2196 1544 2228 Thyoneus
1580 2194 1684 2222 Torsit.
1738 2196 1850 2230 Respicit
1867 2196 1902 2221 ad
1913 2196 2030 2231 fabulam
2043 2197 2175 2231 Lycurgi,
2195 2201 2239 2233 qui
2255 2199 2357 2225 Thr-acu

272 2233 387 2259 calarent
400 2231 481 2262 diem,
494 2240 526 2257 eo
541 2231 642 2257 scilicet
655 2233 742 2258 mense
756 2241 784 2259 ac
798 2232 868 2264 loco,
883 2241 937 2266 quo
951 2232 1032 2257 etiam
1045 2230 1114 2265 apud
1128 2238 1231 2257 veteres
1245 2231 1327 2257 inter·
1391 2233 1506 2258 Liberum
1519 2237 1691 2264 contemnens,
1711 2233 1778 2256 vites
1790 2237 1978 2266 amputaturus,
1988 2231 2042 2265 fibi
2054 2242 2129 2258 crura
2135 2233 2231 2268 secuit,
2245 2240 2276 2259 vt
2287 2236 2326 2260 ait
2339 2234 2354 2261 S
2377 2253 2379 2256 -
2412 2235 2417 2242 ¹

271 2268 421 2300 efflabatur,
439 2267 469 2294 id
481 2266 533 2299 est,
553 2273 614 2292 ante
628 2267 748 2302 quinque
759 2268 871 2295 vltimos
885 2267 978 2293 mensis
993 2267 1134 2293 Februarii
1149 2267 1222 2297 dies;
1243 2266 1327 2300 idque
1391 2270 1418 2293 in
1436 2267 1495 2293 -llud
1508 2268 1573 2292 Aen.
1586 2275 1614 2299 4,
1630 2275 1661 2300 ¹4
1695 2280 1741 2286 —·
1776 2267 1830 2292 acri
1844 2266 1979 2301 quo'ndam
1991 2273 2098 2301 regnata
2112 2268 2250 2303 Lycurgo,
2264 2276 2312 2296 etc.
2348 2271 2381 2297 V

271 2304 416 2332 Bisl'extum
435 2302 535 2330 censuit
552 2302 755 2329 nominandum.
798 2303 856 2329 Vid.
870 2304 1031 2337 Chronologi,
1053 2309 1077 2328 et
1091 2303 1215 2328 Puteanus
1228 2301 1257 2327 dc
1271 2302 1327 2338 Bist
1346 2302 1381 2327 60
1392 2302 1527 2335 Bistones,
1547 2305 1565 2328 i.
1579 2304 1665 2329 ultimi
1681 2302 1806 2329 Thraciae
1818 2304 1905 2338 populi
1919 2303 1976 2329 Sen.
1991 2304 2072 2329 Herc.
2085 2304 2145 2330 Oet.
2162 2312 2237 2338 1042.

2439 2119 2441 2131 4

265 2340 347 2377 sexto.
384 2338 475 2366 Celsus
498 2338 526 2364 in
539 2338 557 2365 1.
572 2343 603 2371 98
631 2338 662 2364 D.
677 2338 708 2365 de
722 2337 802 2365 Verb.
817 2338 880 2373 sign.
905 2334 1000 2372 Quini
1015 2338 1139 2364 bissextus
1159 2338 1187 2363 in
1201 2337 1324 2364 Kalendis
1428 2345 1482 2366 1313
1492 2345 1540 2365 TO
1550 2345 1588 2364 NI
1598 2345 1651 2365 vs.
1685 2337 1746 2364 Adi.
1783 2338 1916 2374 [Bis-imos]
1956 2339 2055 2366 Thrax.
2091 2339 2173 2366 Ouid.
2188 2341 2253 2367 Met.
2267 2348 2302 2373 13,
2316 2348 2379 2374 1430

272 2375 325 2408 est,
345 2374 415 2402 nihil
429 2374 528 2405 refert,
547 2374 638 2409 priore
651 2383 684 2401 an
698 2374 847 2409 posteriore
867 2374 911 2400 die
923 2373 982 2409 quis
1002 2379 1078 2400 natus
1092 2373 1139 2400 fit:
1164 2380 1189 2399 et
1202 2373 1325 2408 deinceps
1390 2373 1439 2401 vbi
1454 2375 1544 2401 Troia
1558 2374 1625 2407 fuit,
1644 2373 1772 2408 Phrygiae
1787 2380 1952 2401 contermina
1967 2375 2060 2404 tellus,
2097 2375 2223 2402 Bistoniis
2236 2375 2355 2403 habitata
2382 2392 2384 2396 ·

272 2413 344 2438 sexto
359 2410 486 2438 Kalendas
498 2411 556 2437 eius
570 2410 664 2437 natalis
678 2410 733 2436 dies
747 2410 792 2437 est.
830 2411 902 2437 Nam
916 2410 944 2437 id
958 2409 1072 2437 biduum
1091 2418 1140 2444 pro
1154 2418 1209 2436 vno
1223 2409 1267 2435 die
1280 2409 1325 2436 ha·
1391 2411 1479 2438 Niues
1491 2410 1624 2437 Bistoniae
1638 2410 1700 2436 Stat.
1713 2409 1804 2437 Theb.
1818 2419 1855 2443 ιι,
1868 2419 1924 2444 ι94.
1961 2411 2035 2446 Conf.
2050 2410 2109 2436 Sen.
2122 2411 2203 2438 Herc.
2216 2411 2270 2438 fur.
2287 2414 2346 2438 226.

271 2447 350 2474 betur
358 2467 367 2480 ,
383 2446 432 2474 sed
452 2446 586 2482 posterior
608 2446 664 2472 dies
683 2447 856 2473 intercalatur
864 2467 872 2479 ,
895 2455 950 2473 non
970 2446 1046 2481 prior
1054 2466 1062 2479 ,
1091 2446 1155 2472 Ideo
1175 2454 1230 2480 quo
1252 2454 1323 2472 anno
1428 2453 1444 2474 Β
1453 2454 1463 2472 ι
1473 2453 1485 2473 s
1496 2453 1517 2472 v
1527 2453 1544 2473 ι.
1554 2453 1599 2473 cv
1609 2453 1622 2473 s
1630 2465 1641 2479 ‚
1679 2452 1695 2473 Β
1705 2453 1714 2473 1
1723 2454 1736 2474 s
1745 2453 1765 2473 ν
1773 2453 1790 2474 1.
1799 2452 1820 2472 Τ
1829 2453 1848 2474 0
1859 2453 1894 2479 R,
1934 2452 1951 2475 Β
1961 2453 1970 2474 1
1979 2454 1992 2474 S
2003 2454 2022 2473 Υ
2030 2453 2047 2473 1.
2055 2453 2072 2473 1.
2081 2452 2128 2473 ΑΒ
2136 2453 2156 2473 ν
2165 2454 2198 2480 s,
2227 2447 2281 2474 vid.
2307 2453 2399 2485 comp
2414 2461 2416 2482 1

271 2483 456 2510 intercalatum
468 2491 522 2509 non
536 2482 588 2514 est,
607 2483 679 2508 sexto
694 2482 821 2509 Kalendas
842 2487 919 2509 natus
932 2493 938 2510 ε
962 2491 1045 2518 quum
1062 2482 1187 2509 bissextus
1199 2481 1324 2509 Kalendis
1340 2489 1372 2522 65
1387 2491 1416 2509 ex
1434 2488 1502 2509 BIS.
2355 2495 2359 2500 ·
2411 2490 2413 2496 ¹

252 2545 253 2550 ,
271 2518 322 2551 est,
342 2519 460 2554 priorem
475 2518 548 2545 diem
561 2518 674 2545 natalem
688 2517 777 2545 habet.
1794 2521 1816 2552 Β
1913 2520 1928 2551 1
2010 2520 2046 2552 T

308 2560 325 2581 13
333 2561 344 2580 ι
353 2561 366 2581 s
375 2561 394 2580 0
404 2561 428 2580 M
437 2562 458 2581 v
467 2561 493 2581 M
501 2573 510 2587 ,
536 2555 578 2581 vel
594 2562 612 2581 D
622 2562 630 2580 1
639 2561 652 2582 s
661 2561 680 2581 o
690 2561 714 2581 M
722 2561 744 2581 v
754 2561 780 2581 M
791 2575 799 2587 ,
823 2554 842 2581 i.
876 2564 903 2581 n.
941 2554 1100 2590 Sepulchrum
1119 2553 1220 2581 duorum
1240 2560 1327 2589 corpo-

273 2599 336 2617 rum.
372 2591 432 2615 Vet.
452 2590 531 2616 Inscr.
548 2590 616 2624 apud
626 2591 738 2627 Aringh.
752 2592 823 2617 Rom.
837 2591 947 2618 Subterr.
963 2599 973 2617 1
981 2605 990 2623 3
1004 2592 1035 2616 26
1058 2588 1082 2627 §.
1095 2599 1133 2617 αι.
1167 2590 1266 2627 Reines.
1282 2592 1324 2617 ln-
1428 2597 1446 2618 Β
1455 2592 1470 2618 f
1477 2597 1527 2618 ΤΗ
1537 2598 1559 2618 V
1568 2598 1594 2622 s,
1614 2590 1633 2618 i.
1669 2599 1706 2617 m.
1744 2592 1839 2617 Nomen
1853 2589 2013 2627 gladiatoris.
2058 2590 2117 2617 Vid.
2140 2597 2156 2618 Β
2165 2591 2347 2619 Aecnlvs.

265 2625 360 2662 script.
376 2624 437 2651 se&
450 2633 493 2651 20.
507 2634 552 2658 40.
568 2627 617 2652 116.
633 2634 693 2659 344.
704 2629 761 2659 369.
1426 2633 1520 2655 ΒῙΤΗ
1531 2634 1578 2654 ΥΑ
1588 2633 1612 2654 E.
1640 2625 1771 2661 [Βιθύαι]
1804 2628 1916 2653 Feminae
1934 2626 2051 2663 quaedam
2064 2633 2189 2654 vocantur
2207 2630 2236 2654 in
2248 2627 2364 2662 Scythia,
2380 2642 2385 2649 ι
2405 2643 2413 2647 ιι

309 2668 325 2688 Β
334 2668 343 2687 1
352 2668 365 2688 s
374 2668 394 2687 ν
403 2667 445 2687 Le
455 2668 463 2686 1
474 2667 491 2686 L
502 2667 512 2686 1
522 2667 571 2687 NG
580 2667 601 2686 V
610 2668 631 2687 Α
640 2681 648 2693 ,
669 2670 709 2688 ae.
745 2671 767 2689 c.
806 2662 949 2698 Bilinguis‚
969 2668 1105 2689 veterator.
1141 2661 1224 2688 Plaut.
1244 2662 1323 2688 Poen.
1344 2673 1380 2702 70
1385 2664 1496 2698 pupillas
1510 2663 1582 2689 lunas
1597 2665 1624 2689 in
1638 2661 1834 2699 oculz‘sstngulis
1846 2661 1960 2690 habeant.
1989 2661 2054 2696 Inest
2066 2669 2146 2689 autem
2159 2663 2200 2690 his
2213 2666 2255 2690 vis
2266 2672 2294 2689 ea
2304 2673 2338 2689 na
2380 2678 2387 2697 ‚¹
2405 2654 2424 2680 ’θ’

273 2704 295 2730 3,
309 2705 333 2727 2,
347 2703 384 2731 74
404 2695 596 2730 Bisulcilingua
612 2696 683 2731 quasi
698 2698 850 2732 proserpens
866 2698 958 2725 bestia.
996 2700 1090 2733 Nempe
1390 2706 1418 2726 vt
1432 2700 1486 2735 visu
1501 2698 1663 2735 effascinent,
1683 2700 1876 2734 interimantque
1891 2708 1951 2735 quos
1963 2698 2061 2725 diutius
2071 2701 2230 2731 intueantur,
2243 2701 2320 2726 iratis
2326 2705 2373 2735 pr,
2382 2705 2391 2728 ζ’
2408 2705 2415 2709 ”

309 2739 325 2759 ιι
334 2731 347 2759 f
356 2740 369 2759 s
378 2738 400 2758 v
409 2739 425 2758 1.
434 2739 451 2760 c
460 2739 481 2758 ν
490 2739 512 2760 s.
550 2731 610 2758 Adi.
647 2730 786 2767 [δίχηλος]
827 2734 899 2760 Velut
905 2733 976 2769 sulco
991 2732 1136 2770 interposito
1148 2736 1176 2759 in
1190 2733 1254 2760 duas
1261 2740 1324 2769 par·
1390 2738 1437 2761 tim
1457 2737 1541 2761 oculis.
1578 2735 1649 2761 Haec
1667 2742 1748 2769 paene
1763 2734 1876 2761 totidem
1889 2734 1980 2762 verbis
1998 2734 2065 2761 Plin.
2079 2742 2106 2770 7,
2120 2743 2146 2762 2.
2185 2733 2318 2770 Salmaefius
2426 2749 2427 2766 2

271 2774 310 2795 ter
323 2768 435 2803 diuisus:
455 2774 479 2793 et
486 2767 638 2803 frequenter
650 2767 679 2794 cle
692 2770 795 2805 ungulis
806 2768 945 2796 adhibetur.
982 2770 1049 2796 Plin.
1067 2779 1105 2801 ιο,
1120 2778 1129 2795 ι
1153 2770 1272 2805 Vngulae
1289 2770 1322 2796 iis
1389 2771 1495 2804 Bituas,
1513 2781 1528 2797 a
1542 2770 1608 2797 bino
1619 2769 1732 2803 obtutu,
1751 2770 1785 2796 ad
1796 2771 1879 2798 Solin.
1895 2780 1917 2797 c.
1932 2772 1949 2797 6
1968 2780 1994 2805 p.
2007 2778 2050 2804 34.
2069 2769 2136 2806 quod
2143 2770 2256 2807 facilius
2271 2769 2342 2805 estet,
2410 2775 2428 2807 ’ζ

271 2803 388 2831 tex-uinis
404 2803 516 2836 similes,
534 2802 631 2839 quibus
644 2803 788 2837 dimicant,
807 2804 940 2838 bisulcae,
958 2805 1214 2840 comprehendendis
1229 2805 1324 2840 lapidi·
1388 2807 1416 2834 de
1430 2807 1530 2841 Scythis
1544 2813 1667 2843 ageretur.
2341 2814 2357 2819 ·“
2386 2793 2425 2851 ιι

271 2839 321 2867 bus
334 2839 422 2866 vtiles.
458 2841 498 2866 De
503 2837 727 2872 struthiocamelis.
763 2839 837 2867 Idem
853 2849 895 2873 10,
907 2849 939 2876 73
960 2842 1069 2867 Bisulcis
1086 2841 1246 2868 animalibus
1266 2843 1322 2868 sues
1341 2851 1374 2879 75
1427 2849 1443 2870 Β
1453 2844 1494 2869 ῑΤ
1504 2849 1525 2869 Η
1535 2845 1589 2870 Y'N
1599 2850 1609 2869 1
1621 2849 1652 2869 A.
1691 2840 1830 2876 [Βιθυνία]
1869 2843 1948 2878 Regio
1961 2843 2068 2868 minoris
2079 2840 2168 2875 Asiae,
2181 2840 2287 2878 aduersi:
2334 2857 2339 2863 ι
2360 2849 2365 2856 '
2424 2843 2425 2847 ’

271 2875 391 2912 accenset.
463 2875 568 2902 Bisulca
588 2874 668 2902 cauda
687 2875 754 2902 Plin.
767 2884 794 2909 9,
809 2884 851 2909 29.
923 2877 1026 2912 Lingua
1041 2877 1142 2904 bisulca
1159 2877 1242 2904 Ouid.
1257 2878 1322 2903 Met.
1389 2886 1412 2905 et
1427 2881 1546 2913 proxima
1564 2877 1676 2910 Troadi,
1692 2879 1801 2914 primum
1814 2877 1957 2910 Bebrycia,
1972 2875 2058 2914 postea
2072 2877 2235 2912 Mygdonia,
2256 2877 2343 2905 deinde
2362 2891 2378 2915 '1
2405 2881 2414 2911 ’ζ

272 2920 299 2945 9,
314 2914 354 2944 63.
373 2910 403 2937 de
415 2910 523 2938 Acheloo
536 2913 564 2937 in
577 2920 681 2948 anguem
694 2918 797 2938 mutato.
833 2911 949 2939 Bisulcus
962 2922 1007 2947 pes
1019 2913 1092 2940 Idem
1107 2913 1170 2939 Met.
1180 2916 1269 2948 75113,
1294 2913 1324 2939 de
1388 2914 1472 2948 thyno
1486 2914 1612 2947 Bithynia
1625 2912 1703 2940 dic‘sa.
1742 2913 1835 2940 Claud.
1849 2913 1876 2940 in
1884 2914 1993 2948 Eutrop.
2002 2922 2028 2946 2,
2041 2920 2095 2948 247
2114 2913 2144 2940 T
2146 2913 2342 2946 hyniThraces
2360 2929 2376 2935 -=
2410 2913 2412 2916 ’

271 2951 370 2980 tauris,
407 2949 433 2972 ui
448 2946 525 2973 vellus
542 2956 643 2974 aureum
660 2956 714 2974 cum
733 2946 840 2974 dracone
855 2945 1030 2980 custodiebant.
1073 2948 1140 2976 Plin.
1156 2958 1188 2981 ιι,
1201 2954 1232 2979 28
1253 2950 1272 2976 s.
1288 2958 1321 2983 34
1390 2950 1495 2986 (Heins
1509 2953 1602 2982 arant)
1623 2958 1690 2986 quae
1703 2958 1772 2976 nunc
1785 2949 1910 2982 Bithynia
1928 2949 2022 2976 fertur.
2348 2969 2351 2973 -

272 2983 300 3009 dt*
315 2956 506 3019 [ΜΝΞΜΟΥΜΜ
522 2992 625 3020 genere,
643 2985 688 3019 qui
706 2982 806 3010 Lucani
826 2990 964 3016 vocantur,
984 2986 1091 3012 Cornua
1105 2985 1262 3020 praelonga,
1281 2985 1321 3012 bi·
1424 2992 1440 3013 Β
1451 2994 1461 3012 1
1472 2993 1521 3013 ΤΗ
1532 2987 1558 3013 Y*
1565 2994 1586 3013 N
1598 2985 1611 3013 f
1619 2992 1703 3018 cvs,
1724 2993 1754 3017 a,
1774 2994 1830 3011 um.
1856 2986 1870 3020 [
1878 2984 2021 3019 Βιθυνικδς]
2046 2984 2187 3019 Pompeius
2200 2984 2287 3012 dietus
2298 2984 2334 3012 est
2354 2988 2376 3008 ³⁵>

272 3019 350 3045 sulcis
370 3018 474 3046 dentata
492 3018 642 3053 forcipibus
662 3019 690 3045 in
703 3018 856 3051 cacumine,
876 3028 936 3045 cum
948 3019 1029 3046 libuit
1046 3021 1078 3047 ad
1091 3021 1210 3048 morsum
1224 3023 1321 3047 coeun-
1336 3027 1368 3054 80
1388 3022 1479 3055 nicus,
1499 3022 1572 3057 quod
1592 3021 1698 3048 deuicta
1715 3020 1856 3053 Bithynia,
1880 3029 1912 3047 ex
1933 3029 1963 3047 ea
1982 3020 2174 3055 supelletffilem
2191 3021 2262 3057 regis
2279 3021 2370 3049 Nico'

273 3054 353 3082 tibus.
433 3053 530 3082 Bisulci
543 3054 642 3081 surculi
657 3054 785 3082 arborum
797 3054 931 3082 Columel.
944 3055 977 3081 de
989 3055 1115 3083 Arborib.
1130 3059 1172 3084 26.
1209 3057 1320 3084 GLPhi-
1388 3056 1544 3092 deportarit.
1583 3057 1680 3085 Festus.
1733 3056 1850 3084 Maniai.
1865 3064 1891 3090 2,
1905 3059 1941 3084 26
1960 3057 2016 3084 lam
2034 3063 2060 3083 te
2079 3066 2137 3084 rem
2157 3056 2271 3090 factam,
2289 3056 2351 3084 Bith
2374 3071 2375 3074 =

273 3090 327 3117 lox.
347 3089 483 3118 Bisulcum
502 3088 607 3117 δίαυλον.
667 3117 670 3121 ,
1385 3093 1470 3120 eredis
1488 3093 1603 3121 habere?
2365 3107 2367 3109 ·

311 3132 366 3153 1³18
375 3133 396 3152 v
405 3133 421 3153 1.
430 3133 479 3154 To
488 3133 523 3156 R,
544 3126 609 3153 oris.
645 3135 681 3153 m.
717 3123 893 3160 [Δισέκδικος]
929 3127 1000 3153 Mars
1009 3147 1017 3159 ,
1028 3129 1068 3153 ita
1079 3125 1163 3153 dicius
1177 3128 1321 3163 quibusdam
1422 3136 1439 3156 B
1449 3137 1458 3156 1
1468 3137 1489 3156 T
1499 3137 1520 3156 H
1530 3132 1615 3157 r‘Nv
1624 3137 1636 3157 s
1646 3149 1655 3162 ,
1673 3137 1704 3162 a,
1720 3137 1774 3156 um.
1814 3127 1875 3155 Adi.
1914 3127 2052 3163 [Biftvvis]
2088 3127 2181 3156 quen.
2190 3127 2241 3156 Sat.
2254 3135 2282 3164 7,
2296 3136 2322 3162 ις
2352 3128 2373 3155 αξ

273 3160 376 3188 videtur
388 3171 403 3188 a
416 3162 460 3189 Bis
478 3161 645 3195 vlciscendo,
665 3164 706 3189 cui
719 3163 765 3189 hoc
776 3165 874 3189 nomine
885 3163 1000 3198 templum
1013 3162 1165 3198 consecrarit
1180 3163 1320 3200 Augustus:
1389 3174 1468 3200 quam
1483 3172 1508 3192 et
1522 3165 1688 3202 Cappadoces
1700 3165 1799 3192 faciant
1814 3164 1970 3200 equitesque
1985 3164 2111 3197 Bithyni,
2130 3167 2174 3200 qui
2185 3172 2275 3191 contra
2286 3171 2352 3191 caete

268 3198 371 3232 primo,
405 3197 453 3224 uod
468 3198 570 3225 adiutus
588 3198 619 3224 ab
629 3198 682 3234 ipso
689 3196 796 3234 fuisti-t,
817 3207 888 3233 quum
902 3199 992 3225 Iulium
1004 3199 1129 3235 Caesarem
1149 3208 1164 3224 a
1182 3203 1323 3226 coniuratis
1339 3206 1368 3235 85
1388 3199 1564 3228 auctoritatem
1601 3205 1689 3228 rimam
1707 3203 1838 3236 corripuit.
1881 3201 1912 3227 1⁷.
1927 3210 1953 3237 g.
1972 3201 2067 3227 Horat.
2083 3200 2172 3226 Carm.
2187 3208 2212 3233 1,
2223 3208 2262 3233 35,-
2274 3207 2293 3234 7
2324 3204 2337 3224 ο
2365 3206 2371 3220 1

272 3231 367 3268 interfe
396 3241 434 3258 um
461 3233 635 3270 ulcisceretur:
662 3233 747 3260 deinde
769 3233 836 3271 quod
844 3232 921 3270 signa
937 3235 1049 3261 Romana
1068 3244 1083 3260 a
1102 3235 1207 3261 Parthis
1225 3243 1323 3271 erepta,
1388 3246 1439 3272 que
1453 3237 1566 3270 Bithyna
1594 3236 1678 3265 acessit
1689 3235 1862 3272 Carpathium
1881 3236 1987 3271 pelagus
2006 3236 2104 3263 carina.
2139 3235 2214 3262 Idem
2229 3235 2308 3271 Epist.
2323 3243 2349 3269 1¹,

273 3266 358 3295 uictor
371 3268 475 3295 eiusdem
494 3269 609 3306 beneficio
623 3267 763 3305 receprffi’t‚
782 3268 906 3305 Craffique
925 3279 1009 3297 manes
1027 3271 1096 3296 vitus
1110 3269 1173 3303 estet.
1210 3272 1322 3298 Enorrat
1387 3273 1432 3300 Ne
1445 3272 1597 3305 Cibyratica
1607 3295 1616 3307 ,
1634 3274 1667 3300 ne
1681 3271 1791 3306 Bithyna
1812 3272 1919 3307 negotia
1938 3272 2039 3307 perdas.
2089 3271 2177 3299 Valet.
2190 3272 2290 3307 Argon.
2303 3280 2327 3305 3,
2339 3272 2362 3300 6¹

274 3302 356 3331 Ouid.
370 3302 436 3330 Fast.
450 3311 473 3336 ς,
488 3313 543 3338 595,
569 3312 592 3332 et
605 3307 633 3331 in
648 3305 692 3332 bos
705 3304 791 3342 versus
804 3304 906 3339 desinit,
931 3305 992 3332 Rite
1007 3305 1056 3333 deo
1076 3305 1257 3341 templumque
1278 3307 1321 3334 da·
1387 3309 1496 3344 palmite
1510 3309 1638 3337 Bacchum
1651 3308 1766 3342 bithyno
1779 3307 1928 3343 Phrygioue
1945 3308 2039 3335 satum.

2396 2665 2416 2723 f,

2380 2754 2381 2757 ,
2400 2721 2415 2753 '³³

2398 2762 2415 2785 ,³²

2396 2866 2415 2882 ψ

274 3345 331 3367 tum
341 3361 350 3372 ,
369 3347 519 3374 nomenque
534 3341 667 3374 Bisultor‚
703 3341 835 3368 Emeritus
853 3341 913 3367 voti
929 3340 1018 3368 debita
1034 3341 1115 3368 soluit
1130 3341 1225 3369 honor.
1266 3345 1320 3370 Nec
1424 3351 1441 3372 Β
1455 3352 1464 3372 1
1482 3351 1504 3372 Τ
1520 3353 1530 3372 1
1545 3352 1562 3373 Ε
1578 3353 1599 3373 Ν
1620 3353 1634 3373 s
1650 3351 1668 3373 Β
1683 3351 1715 3378 S,
1745 3344 1887 3378 dicuntur,
1907 3344 1956 3380 qui
1975 3343 2179 3380 peregrinantur
2193 3342 2299 3371 affidue.
2334 3342 2365 3371 E*

273 3375 391 3401 damnare
410 3374 483 3401 audet
498 3376 662 3404 Burmannus.
700 3376 749 3404 Sed
761 3375 841 3403 edidit
860 3383 940 3403 tamen
956 3387 1010 3404 cum
1026 3376 1141 3412 Heinsio,
1161 3377 1322 3414 Nomenque
1333 3393 1369 3419 90
1385 3381 1407 3407 A
1420 3380 1490 3407 Bito.
2316 3383 2318 3388 '

273 3410 315 3438 bis
329 3410 387 3438 vlto
400 3420 406 3436 ε
433 3409 476 3443 id,
489 3410 554 3446 quod
566 3421 638 3447 neque
649 3419 773 3450 repugnat
778 3413 856 3449 seriei
868 3415 1003 3444 orationis,
1017 3420 1042 3440 et
1054 3416 1081 3439 in
1094 3420 1191 3440 tantum
1204 3413 1321 3447 historiae
1421 3421 1438 3443 Β
1453 3424 1461 3443 1
1479 3422 1502 3443 T
1519 3423 1538 3444 ο
1547 3436 1556 3450 ,
1591 3416 1646 3444 vid.
1668 3422 1684 3444 B
1697 3423 1715 3444 Ε
1727 3423 1750 3443 Τ
1764 3422 1794 3443 0.

273 3449 355 3483 magis
370 3449 579 3485 conuentu-quae
597 3450 712 3483 templum
731 3448 827 3476 Martis
846 3448 950 3475 Vltoris
966 3458 1014 3475 non
1028 3453 1132 3486 ignorat
1145 3459 1155 3479 ;
1180 3449 1321 3479 Bisultoris
1423 3458 1439 3478 Β
1454 3460 1462 3479 ι
1479 3458 1500 3478 Τ
1514 3458 1534 3478 0
1547 3460 1569 3479 N
1579 3473 1587 3486 ‚
1619 3451 1674 3480 vid.
1693 3452 1767 3489 infra
1783 3455 1810 3478 in
1832 3457 1849 3479 c
1860 3457 1876 3478 t.
1885 3457 1902 3479 E
1912 3455 1977 3479 081
1987 3458 2000 3479 s
2014 3461 2022 3483 ς
2047 3456 2071 3477 et
2088 3449 2207 3478 Martial.
2220 3458 2248 3483 2,
2260 3455 2303 3484 48.

273 3492 326 3508 eum
341 3481 522 3519 nullasupcrstt
535 3483 586 3508 alia
600 3487 724 3510 memoria.
1425 3494 1440 3514 Β
1455 3495 1464 3515 ι
1483 3494 1505 3515 'r
1522 3495 1542 3514 v
1558 3495 1580 3515 A
1595 3495 1628 3522 E,
1657 3487 1712 3515 vid.
1733 3494 1750 3515 Β
1764 3495 1774 3515 1
1789 3495 1811 3515 'r
1824 3495 1846 3515 n
1861 3495 1880 3515 r
1895 3494 1917 3515 A
1931 3493 1959 3514 ε.
2402 3506 2406 3509 -

311 3524 327 3544 Β
342 3525 352 3544 1
368 3525 381 3545 s
395 3525 414 3544 Y
430 3524 447 3544 1.
463 3523 481 3544 1.
494 3524 517 3544 A
531 3523 548 3545 B
564 3524 585 3545 V
599 3525 628 3551 S,
661 3518 724 3546 duas
743 3519 855 3555 Syllabas
879 3519 977 3548 babens.
1026 3520 1115 3547 Vtitur
1127 3521 1214 3548 Varro
1233 3521 1265 3548 de
1284 3523 1315 3550 L.
1425 3529 1441 3550 B
1458 3522 1468 3550 Ϊ
1483 3531 1505 3551 Τ
1520 3525 1543 3551 V
1557 3530 1582 3551 M
1595 3531 1613 3551 Ε
1629 3529 1670 3557 N,
1688 3522 1748 3550 i'nis.
1779 3533 1805 3550 n.
1842 3521 2013 3558 [ἄσφαλτος]
2049 3521 2130 3547 Genus
2141 3523 2346 3558 terraepinguss,
2359 3546 2363 3558 ,-

275 3553 304 3579 L·
318 3558 347 3584 8,
362 3561 401 3586 52.
1337 3569 1368 3596 95
1381 3556 1407 3592 fi
1418 3559 1514 3599 quando
1526 3559 1686 3592 accenditur,
1703 3557 1782 3592 exstiti
1803 3562 1829 3586 ui
1841 3559 1918 3593 facile
1929 3567 1978 3586 non
1986 3555 2076 3593 patell-
2121 3556 2186 3583 Plin.
2199 3565 2238 3590 33,
2252 3565 2277 3590 ις
2294 3557 2318 3583 s
2324 3561 2356 3590 51>
2392 3580 2394 3582 ,

311 3586 349 3614 ni
357 3595 377 3615 ν
388 3593 530 3619 ΕΒΤΒΧ,
549 3587 606 3614 i'cis.
646 3589 738 3616 Vertex
769 3593 872 3618 eminus.
908 3590 1070 3619 Stat.Theb.
1083 3599 1104 3623 ι,
1119 3594 1168 3622 628
1187 3606 1233 3612 -—
1253 3594 1320 3621 sum-
1387 3603 1461 3622 nnna
1474 3602 1500 3622 et
1509 3593 1621 3631 Yulgura
1658 3602 1747 3630 noque
1762 3596 1789 3622 su
1802 3590 1869 3622 sui-is
1888 3594 1998 3621 odorem
2018 3591 2133 3625 habent,
2153 3601 2181 3619 ac
2203 3593 2248 3620 lux
2268 3593 2323 3628 ipsa
2335 3595 2363 3618 e
2366 3604 2367 3607 ι
2400 3627 2403 3629 -

275 3630 371 3664 maque
384 3623 521 3651 biuerticis
535 3623 630 3650 vmbra
666 3625 745 3652 Parna
765 3636 773 3653 ι
789 3626 911 3654 residens.
953 3627 1028 3665 Conf.
1043 3626 1133 3663 Sidon,
1147 3627 1226 3662 Epist.
1241 3638 1267 3662 9,
1286 3638 1320 3663 ις,
1387 3630 1504 3658 sulfurea
1520 3630 1564 3658 est.
1601 3631 1633 3658 Et
1671 3630 1791 3665 ituminis
1804 3631 1893 3658 vicina
1905 3628 1942 3656 est
1951 3634 2062 3661 natura,
2080 3628 2149 3654 alibi
2162 3628 2255 3660 limus,
2269 3626 2335 3655 alibi
2351 3640 2366 3654 υ.
2391 3645 2393 3647 »

274 3667 303 3684 ”¹
316 3659 408 3686 Metro.
1388 3665 1467 3693 limus
1481 3675 1495 3693 e
1509 3666 1620 3694 Iudaeae
1634 3666 1708 3700 lacu,
1727 3673 1756 3694 vt
1769 3667 1900 3696 diximus,
1920 3667 1962 3698 (52
1977 3666 2005 3690 ¹⁶
2011 3666 2023 3695 )
2043 3671 2179 3699 emergens
2195 3674 2200 3691 ²
2227 3666 2298 3691 terri
2313 3663 2342 3690 5¹¹
2357 3665 2365 3691 ἶ
2390 3676 2400 3701 ‘5

313 3699 470 3727 mleA,
489 3702 528 3722 ae.
565 3693 711 3730 [G’a'yoeluoc]
747 3697 858 3724 Duorum
871 3702 986 3726 virorum
997 3707 1071 3732 vxor,
1083 3697 1319 3735 sedsiiccedeutium
1387 3702 1454 3729 circa
1469 3702 1594 3729 Sidonem
1610 3703 1739 3738 oppidum
1758 3701 1931 3731 maritimum.
1967 3699 2109 3734 Spiss‘antur
2127 3699 2192 3727 haec
2210 3706 2369 3734 vtraque,·
2387 3708 2406 3737 ἦ,

268 3725 328 3763 fibi.
365 3729 436 3756 Non.
451 3738 475 3760 2,
485 3734 513 3762 83
540 3730 666 3768 uonfiztis
678 3739 793 3758 accurate
806 3733 920 3767 Biuiras,
933 3743 997 3770 quas
1010 3735 1070 3761 vsus
1085 3734 1177 3761 viduas
1191 3735 1318 3769 appellat;
1329 3747 1376 3765 100
1385 3737 1537 3765 densitatem
1551 3740 1655 3766 coe'unt.
1691 3738 1734 3766 Est
1745 3745 1811 3765 vero
1823 3734 1957 3771 liquidum
1970 3733 2109 3766 bitumen,
2128 3735 2191 3762 sicut
2202 3734 2365 3772 Zacynthig
2379 3733 2401 3769 ’,ὲ
2416 3756 2425 3766 ,.

276 3763 374 3804 debebat
384 3765 487 3803 ‘quidem
507 3765 599 3806 adiici,
619 3769 710 3793 iterum
728 3773 827 3802 nuptas.
866 3770 912 3796 Sed
926 3770 1012 3798 laudat
1024 3771 1101 3798 Varr-
1114 3770 1184 3804 Lege
1197 3770 1319 3804 Maenia,
1386 3774 1458 3808 quod
1471 3783 1486 3800 a
1501 3773 1636 3807 Babylone
1650 3773 1796 3801 inuehitur.
1832 3769 1874 3798 Ibi
1888 3769 1997 3806 quidem
2016 3777 2042 3797 et
2061 3770 2202 3798 candidum
2222 3770 2350 3809 gignitur>
2367 3766 2425 3814 ᾖξ’

277 3798 316 3840 Ad
330 3800 448 3840 Biiuram
469 3809 567 3841 venio:
587 3811 647 3829 cum
661 3802 758 3829 vellem
773 3802 924 3839 ostendere,
944 3806 1010 3842 quid
1023 3806 1137 3839 vellem,
1157 3806 1318 3839 Menatem,
1385 3810 1497 3843 quidum
1511 3809 1547 3836 est
1560 3816 1585 3836 et
1598 3808 1838 3846 Apolloniaticum:
1857 3814 1925 3841 quae
1938 3807 2030 3833 omnia
2042 3807 2137 3834 Graeci
2149 3802 2403 3852 piffasphaltou‘a35
2414 3814 2425 3824 '²

277 3834 465 3875 mco'Jstamffle
479 3837 565 3868 “hu‘’
585 3845 628 3865 ¹¹¹⁶
642 3836 821 3873 reprehendit.
1102 3866 1105 3868 .
1385 3844 1456 3877 lant,
1476 3854 1508 3872 ex
1523 3851 1679 3880 argumento
1711 3843 1759 3871 icis
1771 3849 1797 3869 et
1811 3841 1959 3868 bituminis.
1995 3842 2122 3877 Gignitur
2136 3844 2216 3870 etiam
2230 3842 2327 3877 pingue
2454 3865 2458 3870 ,

314 3876 330 3897 Β
341 3878 349 3897 1
361 3877 382 3896 ν
393 3876 482 3901 ινΜ,
504 3872 521 3897 i.
557 3881 584 3899 n.
619 3871 767 3908 [οἶμφοδος]
804 3875 883 3901 Locus
900 3877 928 3901 in
944 3875 1006 3903 duas
1017 3880 1076 3904 vias
1087 3876 1179 3904 abiem.
1219 3876 1319 3912 Virgil.
1385 3881 1476 3915 risque
1489 3881 1590 3908 oleacei
1602 3881 1631 3908 in
1643 3880 1694 3907 Sici
1707 3881 1748 3911 ia,
1769 3877 1949 3912 Agragantino
1969 3877 2044 3904 fonte
2061 3879 2171 3906 ins-icens
2189 3878 2293 3905 riuum:
2321 3875 2333 3902 1
2350 3883 2400 3914 [nr-4,
2431 3890 2433 3894 .

275 3905 340 3934 Aen.
353 3914 381 3940 9,
392 3910 433 3936 218
467 3918 513 3926 —
547 3906 637 3936 locum
649 3908 751 3936 insidiis
763 3910 947 3957 conspeximus
960 3912 1023 3947 ipfi,
1047 3912 1103 3947 Qii
1116 3918 1187 3948 patet
1199 3913 1228 3940 in
1240 3912 1319 3940 biuio
1329 3925 1373 3950 ¹05
1384 3914 1412 3941 id
1423 3916 1585 3943 arundinum
1603 3914 1749 3950 panniculis
1767 3913 1912 3948 eolligunt,
1934 3913 2053 3941 eitiffime
2070 3915 2103 3952 sic
2116 3913 2307 3943 adhaerescens.
2382 3914 2401 3930 Η·
