2474 4182
14 665 24 685 Ἰ,
43 659 158 685 quaero,
179 651 250 685 quod
271 649 339 676 edim
361 648 468 675 Nonius
488 656 519 681 9,
542 653 574 678 ιε.

15 685 125 718 s'srin.
145 695 172 718 1,
194 695 222 719 2,
241 687 280 718 65.

16 943 24 961 .’
41 934 106 961 estus
113 942 146 960 an
160 935 276 961 comesus
291 934 399 961 dicatur.

18 1045 19 1066 ξ
37 1041 145 1103 Valigius
158 1048 256 1074 autem,
271 1041 302 1068 de
317 1042 517 1071 Translatione,
535 1041 645 1067 Comesa
660 1040 757 1074 patina.

36 1086 66 1103 ac

49 114 137 155 ¹037
437 99 472 138 C
549 99 584 138 O
653 97 703 138 M

47 189 144 218 dicitur
154 188 221 218 bomo
236 186 332 222 tristis,
352 190 451 221 iratus,
471 186 580 222 idemque
593 184 771 222 cogitabundus
784 185 866 211 Plaut.
881 184 966 212 Truc.
982 193 1002 216 ε,
1016 192 1041 219 7,
1059 185 1089 216 36

48 226 116 259 Quis
131 234 190 252 nam
204 224 259 251 illic
272 224 354 250 homo
369 224 420 256 est,
447 224 500 256 Qii
515 223 583 256 ipsus
601 222 624 247 se
638 220 749 251 comest,
769 220 865 252 tristis,
886 221 971 247 oculis
992 221 1088 247 malis}

49 261 146 288 Animo
159 260 244 286 hercle
262 260 309 286 suo
329 260 411 286 homo
431 259 466 285 est
480 258 572 289 miser,
593 255 712 291 quisquis
731 255 776 281 est.
833 256 880 283 Sal
893 257 989 284 Catull.
1003 264 1047 288 29,
1062 262 1087 287 ις

47 298 119 324 Eone
132 295 240 321 nomine
275 310 320 315 —
355 294 429 321 suisti
449 295 476 320 in
494 293 586 319 vltima
606 290 752 317 occidentis
773 292 871 325 insula,
889 294 923 319 Vt
938 292 986 319 ista
998 291 1087 318 vostra

22 350 23 367 ἢ
46 331 167 397 {iginum
188 337 304 357 mentuta
319 330 458 357 Ducenties
477 328 611 358 comesset,
626 333 670 352 aut
690 328 845 361 trecenties,
869 331 887 354 i.
901 335 948 363 per
961 329 1087 354 luxuriam

22 399 23 402 Ἰ
64 369 81 401 ι’,
93 373 179 402 tparet.

252 367 385 398 Comesse,
407 373 454 400 pro
474 363 596 390 Consedere
614 364 687 388 ctiam
707 363 762 389 Cic.
781 372 829 398 pro
850 361 933 390 Flficc.
955 371 983 396 91
1011 371 1032 388 c.
1055 363 1086 393 36

46 401 123 435 Qiali
139 402 207 429 bona
221 403 329 429 coniess‘c
343 403 441 428 Romae
454 407 506 425 non
520 398 619 424 liceret.
691 399 787 425 Catull.
797 407 835 431 23,
850 409 868 433 4
888 402 1011 432 (Qiorum
1025 397 1086 423 den-

45 442 99 469 tes,
118 437 160 463 vel
175 438 274 464 filicem
292 438 400 464 comeffe
418 435 526 470 possunt.
598 434 654 460 Cic.
669 433 701 460 de
716 435 812 461 Natur.
829 435 907 461 Deor.
923 443 936 460 2
955 443 977 460 c.
992 441 1021 465 25
1048 433 1084 458 Ex

43 472 69 498 se
82 473 154 499 enim
169 480 242 500 natos
254 473 362 499 coiness'e
377 471 485 505 fingitur
497 468 588 495 solitus
602 470 737 496 Saturnus.
812 470 991 504 Comest,pro
1005 469 1086 494 Come-

43 508 92 534 dit.
129 510 214 536 Varro
224 508 386 543 Marcopoli,
406 505 486 532 Pisces
514 510 544 530 vt
561 505 634 539 saepe
650 507 767 532 minutos
790 515 898 539 magnus
917 503 1013 530 comest
1029 504 1085 529 No-

43 544 104 570 nius
117 552 143 577 2,
157 550 197 577 98.
233 546 295 572 Sunt
307 544 342 570 ihi
348 544 424 578 plura
434 547 544 566 veterum
558 543 674 577 exempla.
731 541 873 568 Comedim
882 561 890 574 ,
902 548 950 577 pro
959 538 1085 565 Comedam

42 586 138 606 veteres
151 580 276 606 dixerunt.
312 579 366 605 Cic.
380 577 451 603 Fam.
466 584 491 608 9,
506 585 536 602 :0
564 578 650 609 Cura,
669 577 686 603 s1
708 586 750 603 me
770 586 855 610 amas,
876 584 905 603 vt
918 575 1004 602 valeas
1019 585 1024 600 :
1051 582 1085 599 ne

44 624 94 649 ego
107 620 132 641 te
145 615 260 647 iacente,
282 614 348 640 bona
367 619 412 638 tua
430 612 571 639 comedim.
620 613 780 647 Pomponius
801 614 828 639 iii
843 611 1008 643 Prostibulo‚
1030 610 1084 644 Ego

624 649 687 676 Sunt
706 649 742 675 ibi
758 650 843 685 plura.
906 647 980 684 Coris.
1003 645 1084 673 Plaut.

77 728 121 748 co
132 728 155 746 M
166 722 202 750 135
212 728 268 753 vs,
288 720 328 746 vel
348 724 365 746 c
379 725 397 745 o
407 725 431 745 M
441 726 456 745 E
466 727 478 745 s
488 727 509 745 'r
520 727 539 746 v
549 726 572 746 s.
607 719 700 747 Partic.
732 718 909 754 [βεέρωμὲνοε]
951 719 995 750 Vt,
1012 716 1085 750 Qid

41 755 143 783 faetum
157 757 193 783 est
206 757 254 783 eo?
273 754 326 791 (sc.
341 757 466 795 argento)
487 756 641 787 Comesum,
657 760 765 789 epotum
780 755 859 781 Plaut.
875 753 958 780 Trin.
973 762 997 785 2,
1016 762 1042 786 4,
1064 761 1085 784 ς.

42 792 178 818 Venenum
191 791 318 824 celerius,
336 797 424 825 potuit
444 791 603 823 comestum,
623 799 701 826 quam
719 796 827 824 epotum
847 791 874 816 iu
889 797 968 815 venas
986 797 1087 823 perma-

40 836 104 855 nare
118 828 173 854 Cic.
187 836 235 861 pro
255 826 360 853 Cluent.
377 835 418 861 173
439 836 460 854 c.
476 830 518 853 62.
576 827 617 854 Sic
633 826 719 853 laudat
738 826 859 852 Priscian.
882 834 914 850 10
943 834 967 859 p.
988 830 1036 857 892
1062 829 1086 849 ct

34 862 74 896 fic
87 863 160 889 edunt
173 864 290 889 meliores.
344 864 465 898 Alioquin
483 870 610 898 utramque
618 861 748 898 formam,
763 871 834 897 quam
844 860 985 896 posuimus,
1005 867 1084 893 agno-

22 902 24 917 ³
40 899 88 925 scit
99 897 242 925 Priscianus
256 900 272 925 l.
286 909 307 925 c.
353 898 476 925 Diomcd.
492 908 499 924 1
522 908 545 932 p.
556 904 601 930 382
624 896 724 931 ambigi
739 900 776 923 ait
790 896 821 922 de
835 896 992 930 praeterito:
1013 904 1084 921 com-

455 934 501 962 Sed
514 933 623 965 Didius,
644 936 734 968 inquit,
754 933 791 958 ait
806 932 837 958 dc
847 931 983 963 Sallustio,
1003 931 1084 957 Com-

21 968 93 997 fcsto
110 971 283 1004 patrimonio.
339 970 466 1006 Respicit,
482 977 559 1005 puto,
579 970 654 995 Iocum
675 972 703 994 in
725 967 834 994 declam.
855 966 1034 993 Pseudo-Cic.
1054 966 1083 992 in

37 1005 136 1032 Sallust.
151 1014 175 1038 31
196 1016 218 1032 c.
232 1014 248 1040 7
268 1006 352 1032 Modo
366 1006 528 1041 patrimonio
542 1014 596 1031 non
608 1005 723 1036 comeso,
738 1003 781 1030 sed
796 1003 934 1029 deuorato.
973 1004 1060 1038 Pergit
1074 1011 1081 1026 .·

804 1040 930 1065 Caeterum
942 1042 1082 1064 comedere

98 1086 208 1104 enotare
223 1078 301 1104 eodem
316 1078 383 1104 morio
400 1078 510 1114 oppcyuit
525 1077 578 1103 Cic.
595 1085 627 1108 ii,
643 1084 667 1102 ει
688 1075 825 1110 Segutium
837 1075 1014 1109 negligamus,
1035 1072 1083 1112 qui

37 1121 78 1139 res
92 1121 174 1140 nouas
190 1114 310 1148 quaerit,
328 1122 384 1139 non
400 1122 454 1147 quo
467 1119 582 1139 veterem
595 1111 753 1141 comederit,
775 1110 875 1137 nullam
888 1110 960 1136 enim
974 1108 1082 1139 habuit3

37 1148 82 1175 sed
95 1148 161 1176 hanc
179 1150 259 1184 ipsam
276 1155 407 1177 recentem
421 1148 571 1175 deuorauit.

77 1190 95 1212 c
108 1192 127 1212 o
136 1192 160 1211 M
172 1187 188 1211 E
198 1193 210 1212 s
221 1193 241 1211 v
251 1191 279 1216 s,
299 1184 339 1212 fis.
366 1194 402 1211 m.
439 1184 496 1211 Isid.
510 1193 552 1217 20,
566 1193 576 1210 1
595 1183 636 1210 Ab
651 1183 696 1209 esu
709 1188 734 1210 et
748 1183 852 1209 comesu
862 1181 964 1207 mensae
977 1179 1079 1207 fatituni

37 1219 136 1248 dicitur
154 1221 324 1248 vocabulum.

73 1263 91 1283 C
99 1263 151 1283 OM
161 1264 176 1283 Ε
186 1264 199 1283 s
209 1264 228 1283 v
239 1264 257 1284 R
267 1264 285 1283 v
296 1264 309 1284 s
318 1276 325 1288 ,
345 1265 374 1289 a,
394 1265 448 1283 um.
486 1255 578 1282 Partic.
617 1252 657 1288 Est
671 1254 755 1280 Plauti
768 1251 856 1280 Pseud.
869 1260 898 1285 4,
909 1260 936 1287 7,
950 1259 985 1285 25.

73 1299 91 1319 C
99 1299 118 1319 Ο
128 1299 151 1318 Μ
162 1299 178 1319 Ε
187 1299 205 1319 D
214 1298 231 1319 E
239 1299 261 1318 N
271 1299 288 1320 D
298 1300 318 1318 v
328 1298 351 1324 S,
365 1301 388 1324 a,
403 1301 456 1318 uin.
479 1292 571 1318 Partic.
593 1289 813 1326 [βρωθησόμενος]
834 1289 924 1314 Locum
937 1288 1007 1314 Ter.
1016 1287 1082 1327 Eun.

35 1334 93 1361 ς,9,
106 1335 137 1362 57
155 1328 224 1355 modo
236 1328 401 1354 laudauimm.
438 1328 531 1355 Horat.
544 1326 623 1362 Epist.
639 1335 658 1358 1,
671 1333 697 1360 7,
710 1334 738 1358 19
763 1325 798 1351 Vt
811 1323 893 1356 libet,
915 1323 979 1350 haec
993 1332 1082 1358 porcis

37 1362 119 1391 hodie
134 1362 293 1390 comedenda
306 1364 450 1398 relinques-

75 1400 334 1432 comrs‘rxssra,
354 1408 393 1426 ae.
430 1400 449 1426 f.
486 1396 594 1433 [ἐδωδὴ]
631 1397 697 1423 Cato
718 1394 750 1421 de
769 1395 800 1421 R.
819 1394 851 1421 R.
875 1401 919 1429 ¹57
944 1393 993 1421 Sed
1012 1402 1080 1435 quae

37 1441 149 1462 vocatur
160 1434 304 1468 σελινωὸἠς,
336 1435 399 1462 haec
412 1436 507 1470 septem
521 1433 598 1460 habet
609 1432 679 1459 bona
691 1431 720 1457 in
734 1430 887 1457 comestura.
923 1430 1081 1470 Denbraffica

36 1471 155 1507 quiiimr.
188 1472 230 1498 Sic
243 1471 373 1498 ediderunt
388 1472 488 1501 Invitae,
501 1469 549 1505 sed
564 1470 609 1495 alii
623 1466 811 1498 commistum,
828 1466 854 1502 s.
874 1472 1060 1492 commixtura.

73 1504 250 1540 εοΜιῖ-Βο,
270 1507 337 1533 onis.
375 1515 410 1532 m.
445 1506 558 1539 [φάγος]
595 1503 652 1537 Qii
672 1502 743 1529 bona
764 1503 808 1529 sua
830 1502 975 1533 consumit,
997 1504 1082 1537 inquit

35 1541 139 1575 Festus,
162 1543 248 1569 Varro
260 1542 326 1577 apud
339 1542 409 1568 Non.
422 1549 448 1573 2,
462 1546 505 1573 189
531 1540 606 1566 Putat
621 1540 680 1566 fore
695 1538 762 1570 hoc,
783 1537 856 1573 quod
870 1537 913 1564 hic
927 1536 1080 1564 comedoni-

0 2479 2 2483 ·
27 2468 95 2496 Belli
106 2477 192 2495 comes
211 2470 272 2496 Stat.
282 2468 373 2495 Theb.
387 2471 412 2499 6,
427 2473 479 2503 814.

34 1611 87 1639 det.
135 1612 220 1639 Lucil.
234 1612 263 1639 in
276 1612 389 1639 secundo
403 1612 471 1648 apud
483 1612 556 1639 Non.
571 1620 591 1643 1,
604 1619 637 1644 34
652 1609 745 1636 Viuite
760 1610 898 1643 lurcones,
914 1609 1081 1641 comedones,

32 1648 59 1674 v'
83 1648 118 1674 ite
133 1656 182 1674 ven
211 1657 246 1674 es.

51 1657 114 1712 u(¹20
124 1690 146 1709 M
157 1682 173 1710 ιῖ
182 1656 232 1711 ἓν
245 1690 259 1710 s
269 1704 276 1717 ,
297 1684 317 1710 i.
347 1692 383 1710 m.
419 1681 584 1713 Comedum,
603 1682 676 1708 Bona
689 1681 733 1708 sua
747 1681 960 1713 consumentem,
975 1679 1081 1716 antiqui

4 1723 9 1728 ”
31 1718 172 1752 dixerunt,
190 1719 287 1746 Festus.

66 1762 111 1783 CO
121 1762 144 1781 M
155 1757 264 1788 17:8011,
285 1755 349 1782 oris.
376 1764 412 1782 ιιι.
448 1753 568 1780 Tertull.
586 1752 645 1779 adu.
658 1752 740 1778 Marc.
756 1761 775 1784 1,
793 1760 812 1778 1.

67 1797 113 1817 co
122 1797 146 1817 M
155 1798 171 1818 E
180 1798 192 1817 s
203 1798 224 1817 'r
233 1797 252 1817 0
261 1798 279 1817 R
288 1811 296 1824 ,
323 1791 388 1818 oris.
422 1799 456 1816 m.
499 1789 577 1823 Vulg.
594 1789 704 1822 Interpr.
718 1788 776 1823 Sap.
790 1796 833 1820 12,
846 1795 868 1821 5.

32 1827 112 1853 Gloff.
134 1826 189 1853 Lat.
205 1827 252 1853 Gr.

68 1859 383 1894 c'oMEs'rmi'ms,
407 1871 430 1888 e.
467 1859 528 1887 Adi.

33 1899 91 1925 Vct.
104 1899 216 1933 Interpr.
238 1898 256 1924 l.
269 1905 318 1930 205
337 1897 363 1924 ff.
384 1897 416 1924 de
427 1898 460 1924 V.
473 1897 498 1922 S.

909 1786 1079 1822 Καταφαγοές,

571 1861 620 1891 Vt,
639 1860 715 1887 Vuae
734 1858 930 1892 comestibiles,
948 1858 1079 1895 τρώξιμοι,

65 1939 284 1966 COMESSOR,
307 1939 325 1960 C
336 1939 436 1960 OMES
447 1938 583 1964 SAT10‚
610 1937 656 1958 ‘'²0-
697 1930 758 1958 Vid·
774 1937 969 1958 comisSOR
994 1930 1078 1967 insuo
1095 1943 1128 1970 50
1144 1934 1196 1961 cile
1215 1934 1308 1962 ducem
1328 1936 1422 1972 Populi
1437 1937 1551 1964 Romani
1569 1946 1624 1964 non
1644 1937 1771 1964 comitem
1789 1937 1898 1965 diceres.

83 1989 89 1996 n
193 1979 206 1994 Π
223 1979 246 1995 171
261 1979 278 1994 n
776 1988 778 1991 ,

28 1970 83 2033 'aeg
93 2012 112 2033 Ο
122 1969 192 2032 Regis
201 1979 276 2032 8οΑῗῖ
285 2011 295 2031 1
304 2011 323 2031 0
331 2024 339 2036 ,
359 2004 426 2030 onis.
462 2005 489 2030 A
499 2001 640 2029 comedendo
649 2022 657 2035 ,
678 2004 696 2029 i.
713 2011 764 2029 vna
776 2001 866 2029 edendo
879 2009 944 2029 certe
952 2000 1077 2038 posterior

29 2041 231 2104 {ejemibarbara
248 2046 317 2067 aetas
330 2038 448 2073 deriuaJfi’
467 2039 586 2066 videtur:
613 2038 672 2065 adeo
691 2036 832 2071 constanter
850 2039 962 2065 elemento
983 2047 998 2065 e
1011 2039 1078 2075 scri-

47 2083 100 2103 unt.
138 2078 179 2104 Sic
199 2079 273 2102 etiam

67 2118 85 2138 C
95 2119 114 2138 Ο
123 2119 148 2139 Μ
156 2119 174 2139 F.
182 2119 194 2139 s
203 2119 216 2139 s
225 2119 247 2139 A
255 2119 270 2138 L
280 2119 289 2138 1
298 2118 320 2138 Α
339 2111 472 2147 summitur
487 2111 549 2138 Can.
563 2110 627 2137 Non
641 2115 747 2145 oportet
761 2118 777 2136 2
798 2110 857 2136 dist.
865 2119 903 2144 44
921 2111 984 2137 Non
997 2119 1075 2144 opor·
1093 2127 1123 2152 55

31 2153 69 2174 tet
82 2147 216 2175 ministros
227 2147 331 2179 altaris,
356 2148 399 2173 vel
412 2147 544 2182 quoslibet
558 2147 680 2176 clericos,
693 2151 738 2171 aut
750 2145 829 2171 etiam
843 2145 936 2170 Laicos
949 2145 1076 2170 Christia-

31 2192 80 2209 nos
93 2192 125 2210 ex
137 2183 262 2216 symbolis
277 2187 363 2216 (quac
378 2183 469 2216 vulgus
483 2181 628 2207 comessalia
642 2180 772 2214 appellat)
787 2180 914 2206 conuiuia
929 2179 1073 2206 celebrare.

28 2219 193 2254 Cuiuscunque
200 2217 331 2250 artatis-stt
338 2217 381 2243 iHa
388 2216 543 2252 parenthefis
551 2216 572 2243 C
575 2217 706 2242 ometlalia
711 2215 788 2252 gloffiz
795 2213 828 2248 est
836 2215 1028 2242 conuiuiorum
1041 2224 1073 2242 ex

29 2253 168 2292 symbolis.
206 2252 385 2294 Obserusuerat
399 2253 443 2279 hoc
456 2252 575 2288 Ramireffi
592 2253 732 2278 Penta-ont.
753 2261 774 2278 c.
787 2261 812 2278 11
832 2257 896 2285 extr.

381 2287 446 2322 [οἷκᾶ
453 2287 529 2314 λκὲσς
557 2287 735 2319 unianimam,
749 2285 903 2323 cursim-6905
910 2305 918 2319 ‚
935 2284 1071 2320 συνοπαδὸς,

323 2298 345 2315 c.
535 2310 544 2323 ‚

64 2292 207 2322 COMES,
232 2292 285 2316 i'tis.

0 2338 5 2343 ·
27 2324 140 2360 noun-0¹5]
175 2326 228 2361 Qss'
240 2335 294 2352 cum
306 2327 388 2361 aliquo
401 2323 511 2359 csiffimt
524 2327 561 2356 it,
575 2323 600 2360 s.
613 2323 750 2359 iterfacit.
786 2323 867 2350 Plaut.
882 2322 958 2358 Epid.
972 2330 994 2356 5,
1006 2332 1026 2355 1,
1041 2331 1072 2356 25

0 2379 2 2383 ψ
29 2362 98 2396 Age,
119 2369 180 2396 age,
198 2361 305 2388 absolue
319 2370 361 2387 me
395 2375 441 2381 —-
477 2369 510 2387 ne
524 2360 634 2387 comites
648 2368 746 2387 morer.

0 2414 6 2419 »
27 2407 82 2424 rum
97 2400 198 2423 comites
210 2404 374 2424 memorantur
382 2403 512 2432 praeterea
525 2407 532 2421 :
555 2396 621 2423 Plin.
637 2405 675 2429 12,
690 2404 699 2422 1
717 2396 735 2422 s.
748 2403 761 2428 5
789 2396 929 2422 Mucianus
943 2396 1071 2420 memoriae

792 2361 846 2386 Iam
855 2365 976 2394 ponamus
985 2379 993 2391 ‚
1012 2367 1070 2393 quo-

27 2433 137 2469 prodidit
149 2433 283 2467 epulatum
297 2434 322 2459 sc
335 2433 405 2460 intra
422 2433 519 2459 arboris
527 2431 625 2468 specum
645 2441 705 2458 cum
724 2427 939 2459 duodeuicesimo
961 2428 1069 2454 comite.

615 2502 730 2530 Mai-rial.
746 2510 783 2531 iz,
796 2509 827 2534 25
848 2499 929 2527 Exilii
942 2500 1069 2526 comitem

705 2546 748 2563 uos
764 2538 868 2563 Penates
886 2542 959 2563 vocat
970 2538 1068 2562 Aeneas

383 2575 492 2609 Frigida
505 2583 568 2602 aura
582 2582 669 2600 comes
682 2572 845 2599 Formidinis
860 2572 964 2599 Lucret.
976 2580 1001 2604 3,
1014 2580 1066 2605 29¹·

601 2609 659 2635 Liu.
675 2617 695 2641 1,
709 2617 722 2641 3
744 2607 823 2634 Haud
837 2607 907 2634 nihil
920 2607 1067 2642 ambigam,

27 2510 112 2532 trema
125 2504 226 2531 saltatio
241 2505 295 2532 Cic.
310 2514 360 2539 pro
373 2505 493 2531 Muraen.
509 2513 543 2536 13.

26 2540 145 2576 quaeris?
169 2541 266 2576 agellus
281 2547 331 2568 eat.
400 2541 526 2566 Fatorum
545 2539 655 2566 comites
665 2557 672 2569 ,

26 2576 123 2612 virgil.
133 2576 198 2603 Aen.
213 2586 238 2606 2,
251 2585 313 2610 294.

26 2612 158 2639 Fortunae
177 2611 260 2638 Ouid.
274 2619 306 2637 ex
320 2611 395 2636 Pont.
410 2618 419 2635 1
428 2629 436 2641 ,
452 2618 477 2642 9,
491 2613 529 2636 16.

27 2647 130 2674 hiccine
144 2646 227 2673 fuerit
240 2643 378 2677 Ascanius,
395 2653 428 2671 an
447 2645 547 2679 maior,
563 2654 640 2680 quam
654 2645 711 2677 hic,
725 2644 823 2671 Creusa
834 2649 918 2670 matre
930 2644 983 2670 Ilio
996 2644 1068 2670 inco-
1076 2663 1112 2691 70
1131 2647 1240 2684 publico
1255 2657 1412 2685 psfflamue,
1432 2651 1561 2678 abductus
1574 2652 1667 2679 fuerit·

828 2681 847 2707 F
850 2688 914 2714 ugae
929 2685 1067 2714 parentum

28 2682 201 2713 luminatus,
216 2689 354 2716 comesque
376 2680 437 2707 inde
458 2686 579 2715 paternae
598 2681 689 2716 fugae,
710 2687 756 2706 etc.

856 2717 942 2750 Fugae
956 2717 1067 2742 comites

23 2726 58 2754 ¹vs
77 2725 216 2752 nequaque
230 2725 315 2743 comes
328 2715 461 2742 Tiberius
481 2717 587 2743 Sueton.
596 2717 624 2743 in
636 2717 734 2743 Tiber.
745 2726 766 2742 c.
774 2717 799 2742 6.

23 2752 60 2782 lha
82 2761 126 2779 ere
138 2752 237 2779 liberos
250 2753 324 2780 liceat
336 2752 393 2778 Sen.
407 2751 478 2778 Med.
494 2761 549 2786 541.
591 2751 658 2783 Vell.
672 2761 699 2785 z,
715 2760 752 2785 53,
766 2760 790 2777 2.

69 2790 165 2819 Poetis,
189 2788 262 2816 Adde
274 2788 480 2815 Heliconiadum
493 2787 601 2815 comites
609 2808 618 2822 ‚
640 2797 756 2823 quorum
767 2796 834 2814 Vnus
846 2788 980 2814 Homerus
1009 2788 1066 2814 Sce-

848 2752 953 2778 Lucret.
967 2760 990 2784 3,
1005 2760 1067 2784 1050

464 2861 521 2887 Sen.
537 2859 645 2895 Hippol,
659 2865 715 2890 1108
736 2859 793 2893 Qi
807 2859 887 2886 modo
901 2861 1002 2895 paterni
1016 2860 1066 2886 cla-

1104 511 1133 530 10

1106 691 1132 718 ¹⁵

1100 869 1135 888 20
1151 860 1286 895 Abnegat,

1102 1045 1134 1071 25
1149 1039 1276 1065 comitem
1289 1040 1370 1066 Ouid.
1385 1041 1449 1067 Met.
1463 1046 1486 1073 8,
1502 1048 1546 1075 175
1574 1042 1607 1067 al.
1622 1042 1756 1068 Deserere.

1101 1226 1134 1251 30
1151 1226 1196 1253 pei·
1210 1218 1238 1244 in
1252 1227 1324 1245 arma
1338 1226 1412 1254 pater
1425 1220 1518 1254 primis
1527 1219 1581 1246 huc
1594 1220 1666 1246 Misit
1687 1219 1720 1246 ab
1734 1220 1817 1247 annis.

1100 1403 1129 1429 35
1148 1397 1292 1430 comitem,
1316 1398 1369 1424 vid.
1381 1399 1466 1434 paullo
1486 1405 1543 1425 ante
1562 1400 1646 1426 Exilii
1665 1408 1761 1426 comeS.

1555 101 1809 141 coM

1154 186 1214 211 Oet.
1230 189 1285 226 ⁵84:
1359 185 1475 214 Afliduus
1495 197 1582 216 comes
1614 190 1672 216 Sen.
1688 188 1797 224 Hippoi.
1815 197 1889 225 1077.
1961 195 2025 222 Atra
2037 206 2125 225 coines
2137 208 2201 227 cura

1155 221 1250 247 Horat.
1265 223 1345 261 bertin
1360 230 1391 254 2,
1409 230 1435 263 7,
1452 232 1496 255 115.
1569 225 1641 252 Idem
1656 227 1738 253 Sci-m.
1752 235 1777 258 2,
1792 235 1818 258 5,
1832 234 1861 260 17
1890 226 1947 252 Nec
1966 236 2053 257 tamen
2071 234 2112 260 illi
2149 236 2198 262 Tu

1155 264 1242 281 comes
1257 256 1394 296 Deterior,
1416 260 1433 284 li
1448 259 1577 292 postulet,
1597 261 1637 287 ire
1657 263 1775 294 recuses,
1815 264 1833 287 i.
1868 261 2034 297 Sinfflerior,
2055 268 2083 293 in
2097 269 2199 297 sinistra

1154 296 1227 326 parte
1243 294 1356 325 politus,
1378 299 1407 318 ut
1425 295 1532 328 explicat
1553 296 1678 330 Porphyr.
1700 299 1830 334 Eleganter
1848 299 1875 323 in
1893 297 1958 323 hunc
1976 301 2053 326 locum
2071 305 2200 332 Turnebus

1153 337 1193 359 ιλιι,
1208 334 1249 360 24.
1276 330 1379 368 itemque
1394 329 1461 364 Lips.
1477 328 1553 355 filebi.
1570 342 1592 361 ε,
1606 342 1628 358 2.
1666 332 1734 360 Illud
1751 332 1848 368 quidem
1861 333 1930 369 satis
1947 341 2066 369 apparet,
2084 341 2199 367 exterio-

1154 370 1210 388 rem
1224 361 1267 395 ‘ff'
1287 372 1368 388 minus
1385 364 1548 403 honoratum,
1568 369 1709 401 atripliorcm
1729 369 1907 395 interiorem:
1933 373 2007 396 etiam
2024 371 2101 403 illud,
2119 374 2200 402 Latus

1153 403 1241 430 tegere
1261 397 1303 431 ‘ff’
1317 405 1478 426 exteriorem
1492 400 1547 432 ire,
1564 402 1628 436 quoti
1645 406 1671 428 in
1682 406 1775 438 primis
1793 405 1860 430 Iocus
1876 405 1980 431 Horatii
1997 406 2067 432 modo
2081 409 2199 436 laudatus

1152 432 1272 473 dfi'clss‘las·
1308 436 1347 460 Dc
1361 435 1491 462 interiore
1507 437 1558 462 Ioco
1572 437 1654 463 Ouid.
1669 438 1733 464 Fast.
1746 447 1769 471 5,
1784 441 1818 473 67
1837 439 1931 475 desem
1944 441 2081 475 honorato,
2100 444 2131 469 Et
2146 454 2198 470 ine-

1153 468 1213 494 dms
1231 478 1375 503 iuuenum,
1396 480 1450 497 non
1471 471 1670 505 indignantibus
1691 474 1765 507 ipiis,
1798 474 1873 506 Ibat,
1890 482 1915 501 et
1931 476 2060 510 interior,
2079 478 2098 504 si
2111 488 2200 506 comes

1152 513 1220 530 vnus
1235 510 1298 530 erat.
1337 506 1438 541 Qudst
1448 513 1505 533 orta
1517 506 1550 540 est
1564 507 1623 533 haec
1635 511 1702 534 ratio
1715 510 1786 540 inde,
1801 510 1866 545 quod
1882 511 2038 539 honoratiori
2058 515 2201 542 conceditur

1152 539 1187 565 ad
1199 549 1294 566 murum
1307 543 1360 573 ire,
1379 543 1446 568 latus
1460 544 1577 575 alterum,
1594 543 1699 576 nudum,
1719 547 1782 580 tcgit
1795 549 1891 572 comcs?
1962 548 2096 576 Facundus
2112 559 2200 578 comcs

1151 575 1179 601 in
1195 575 1237 601 via
1250 584 1299 609 pro
1313 576 1439 604 vehiculo
1453 577 1488 603 cst
1501 579 1526 604 P.
1542 578 1628 610 Syrus.
1700 579 1778 605 Fidus
1797 580 1903 607 Tibull.
1918 592 1938 615 ι,
1952 591 1974 616 5,
1989 586 2028 616 63.
2099 587 2202 614 Gratis.

1152 611 1231 651 limus
1250 612 1380 637 comitum
1401 613 1483 639 Ouid.
1499 614 1564 641 Met.
1582 623 1627 647 14,
1649 623 1702 640 221.
1774 616 1890 650 Impiger
1908 619 1968 645 Stat.
1983 620 2047 646 Silu.
2061 629 2090 653 3,
2110 630 2125 648 2
2160 631 2199 656 91.

1152 646 1267 673 Martial.
1282 655 1321 686 12,
1333 652 1361 678 38
1382 648 1482 680 onri,
1504 650 1550 684 qui
1569 651 1643 684 saepe
1658 656 1718 676 tuae
1736 659 1822 676 comes
1841 653 1980 686 Improbus
1996 654 2101 689 haeret,
2121 643 2142 684 i.'
2154 661 2201 686 im-

1147 684 1259 718 pudens,
1277 682 1393 718 lasciuus.
1466 684 1541 718 Virg.
1555 686 1619 712 Aen.
1634 694 1665 718 2,
1679 687 1732 719 796
1760 687 1845 720 Atque
1860 687 1902 714 hic
1922 690 2055 724 ingentem
2068 694 2201 722 comitum

1154 718 1278 745 affluxisse
1292 719 1437 745 Nouoi-um
1471 720 1584 746 Inuenio
1593 741 1600 753 ‚
1618 721 1750 747 admirans
1763 730 1912 749 numerum.
1984 727 2064 753 Ouid.
2072 729 2151 763 Epist.
2163 736 2189 760 18

1154 756 1188 780 60
1210 754 1284 780 Luna
1299 754 1355 780 sere
1369 754 1515 782 tremulum
1534 756 1675 789 praebebat
1692 757 1782 783 lumen
1800 758 1889 790 eunti,
1907 765 1936 786 vt
1954 770 2040 788 comes
2058 764 2086 789 in
2099 751 2200 793 nostras

1152 788 1277 816 officiosa
1296 790 1362 816 vias.
1565 790 1586 827 fl
1614 800 1626 823 3
1669 793 1804 819 Verborum
1817 793 1944 829 formulae
1958 807 1965 820 :
2002 799 2096 826 Horat.
2109 802 2199 828 Carm-

1152 833 1171 854 1,
1184 833 1219 857 35,
1236 834 1263 851 22
1282 826 1328 853 Te
1341 827 1406 861 spes,
1421 832 1447 854 et
1460 826 1522 853 albo
1537 835 1596 853 rara
1610 826 1674 852 fides
1687 828 1751 853 colit
1783 829 1876 855 Velata
1888 839 1989 864 panno,
2008 842 2055 859 nec
2073 837 2200 864 comitem

1340 865 1358 888 i.
1392 872 1441 888 non
1459 861 1558 898 recusat
1575 869 1599 888 te
1616 865 1741 888 comitari.
1783 864 1841 890 Via.
1863 873 1918 891 mox
1938 867 2043 902 Negare
2063 873 2200 899 comitem.

1151 895 1256 922 Addere
1276 898 1327 924 sese
1347 899 1474 924 comitem
1493 898 1576 924 alicui
1596 898 1692 933 Virgil.
1709 898 1773 923 Aen.
1789 901 1821 930 6,
1834 907 1896 934 777.
1968 904 2024 930 Hos
2045 908 2153 934 comites
2173 910 2201 935 ei

1150 931 1259 958 fortuna
1274 933 1435 968 Aggregauit
1449 934 1517 960 Vell.
1529 942 1553 965 2,
1567 942 1604 967 53,
1619 943 1638 960 1.
1694 932 1844 967 Adiungere
1858 935 1882 960 se
1896 939 2020 965 comitem
2032 941 2124 976 fugae,
2145 944 2200 971 vid.

1150 973 1313 995 ADiVNGo.
1368 969 1541 996 Circumdare
1557 969 1633 996 lateri
1647 969 1775 996 comitem
1787 970 1924 996 Lucamad
1932 973 2015 1000 Pison.
2026 984 2074 1003 110.
2119 980 2201 1006 Com-

1150 1002 1232 1036 plecti
1245 1004 1362 1038 aliquem
1375 1006 1502 1031 comitem
1516 1006 1544 1031 in
1558 1006 1629 1032 casus
1641 1014 1733 1031 omnes
1745 1005 1819 1040 Virg.
1829 1005 1997 1042 Aen.9,277.
2051 1012 2201 1042 Destituere

1253 1075 1256 1079 .
1812 1041 1909 1068 Horat.
1917 1043 2006 1069 Carm.
2022 1053 2042 1077 3,
2059 1056 2091 1079 ιι,
2108 1058 2130 1080 13
2150 1051 2201 1077 Tu

1150 1080 1224 1109 potes
1238 1081 1334 1109 tigres,
1352 1076 1516 1110 comitesque
1529 1076 1605 1103 siluas
1630 1077 1741 1104 Ducere.
1777 1077 1931 1104 Mercurium
1942 1079 2083 1114 alloquitur.
2133 1085 2201 1111 Edu-

1149 1118 1209 1136 cere
1223 1111 1333 1137 comites
1350 1112 1442 1146 aliquo
1460 1111 1534 1138 Idem
1549 1112 1631 1138 Serui.
1649 1121 1671 1144 ε,
1685 1121 1708 1144 3,
1723 1121 1758 1139 12.
1835 1114 1935 1140 Haeret
1955 1123 2058 1148 comeS,
2079 1119 2131 1145 vid.
2144 1130 2170 1146 n.
2186 1131 2202 1147 2

1148 1146 1292 1181 linprobus
1313 1156 1409 1174 comes.
1479 1148 1577 1183 Virgil.
1592 1149 1656 1174 Aen.
1676 1150 1708 1180 6,
1727 1156 1784 1182 447
1810 1149 1860 1175 His
1880 1149 2025 1179 Laodamia
2060 1153 2084 1179 It
2104 1163 2200 1181 coines.

1149 1181 1224 1208 Ideni
1237 1183 1302 1209 Aen.
1314 1191 1338 1214 2,
1352 1186 1383 1213 86
1403 1183 1497 1210 Illime
1507 1184 1643 1215 comitem,
1652 1189 1677 1210 et
1687 1184 1914 1218 consanguinitate
1921 1187 2102 1222 propinquum
2139 1191 2203 1216 Pau-

1892 1221 1998 1256 Negare
2017 1225 2160 1258 comitem,
2182 1230 2203 1253 i.

1148 1253 1211 1280 nolle
1223 1258 1366 1282 comitatum
1380 1258 1432 1287 irc,
1453 1255 1573 1296 vtpaullo
1584 1262 1642 1282 ante
1656 1255 1803 1290 Abnegare.
1865 1257 1948 1284 Ouid.
1963 1259 1995 1284 de
2008 1259 2072 1287 Arte
2084 1261 2143 1288 Am.
2157 1270 2205 1297 127

1149 1290 1177 1316 Si
1190 1299 1242 1325 qua
1258 1297 1417 1326 repugnarat
1436 1292 1551 1318 nimium
1563 1312 1571 1324 ,
1591 1292 1771 1327 comitemque
1790 1298 1915 1327 negarat,
1950 1294 2085 1322 Sublatam
2104 1297 2204 1332 cupido

1148 1326 1193 1352 vir
1206 1325 1268 1352 tulit
1282 1327 1336 1362 ipse
1350 1327 1414 1353 sinu.
1489 1327 1637 1354 Mirificum
1660 1328 1685 1354 se
1704 1328 1831 1354 comitem
1845 1329 1971 1364 praebere
1986 1331 2041 1358 Cic.
2056 1333 2129 1359 Fam,
2143 1342 2164 1366 1,
2176 1342 2204 1367 9.

1149 1362 1279 1388 Praebere
1292 1363 1318 1389 se
1333 1363 1460 1390 comitem
1478 1363 1580 1390 furoris
1593 1364 1700 1390 alterius
1720 1364 1792 1390 Idem
1807 1364 1839 1391 de
1853 1365 1960 1392 Aniicit.
1975 1374 2012 1401 17.
2065 1369 2205 1403 Qiaerere

1198 1433 1202 1437 -
1834 1401 1976 1435 Sequentes
1997 1410 2070 1437 terga
2090 1405 2203 1432 comites

1150 1432 1231 1459 Ouid.
1247 1433 1311 1459 Met.
1328 1442 1349 1465 3,
1362 1442 1404 1460 22.
1475 1435 1563 1461 Secuti
1575 1436 1633 1462 sunt
1653 1436 1763 1461 comites
1775 1435 1909 1470 virginem
1923 1437 1990 1464 Ter.
2004 1439 2071 1465 Eun.
2085 1449 2107 1471 ε,
2121 1449 2145 1472 3,
2158 1449 2201 1474 54.

1148 1468 1223 1503 Virg.
1238 1470 1302 1495 Aen.
1317 1478 1345 1502 4,
1359 1472 1413 1504 677
1432 1471 1601 1497 Comitemne
1615 1473 1736 1498 sororem
1752 1471 1880 1505 Spreuisti
1894 1473 2026 1506 moriens,
2047 1474 2150 1508 noluisti
2157 1477 2202 1511 Jo-

1148 1513 1229 1531 rorem
1248 1511 1326 1531 tecum
1345 1508 1436 1531 mori?
1507 1508 1607 1533 Venire
1631 1507 1713 1533 alicui
1737 1506 1865 1533 comitem
1886 1508 1968 1534 Ouid.
1987 1509 2065 1543 Epist.
2089 1519 2129 1542 13,
2149 1515 2202 1544 ¹¹53·

1148 1538 1169 1578 fl
1190 1549 1208 1574 4
1251 1541 1315 1577 Vsus
1334 1540 1414 1567 adhuc
1434 1541 1547 1578 diuersus
1570 1545 1681 1568 nominis
1700 1542 1775 1569 huius
1794 1542 1920 1569 notandus
1940 1541 1982 1577 est.
2037 1546 2089 1572 Pro
2097 1546 2203 1582 dealss,

2119 119 2204 162 ¹038

34 1576 83 1603 bus
100 1577 174 1604 venit
187 1578 250 1610 vsu,
270 1576 367 1612 quibus
386 1582 448 1603 nota
464 1575 601 1610 voluptate
618 1584 678 1601 cum
691 1574 787 1606 edunt,
807 1573 933 1600 duntaxat
945 1573 1006 1608 gula
1019 1581 1081 1607 gau-
1096 1587 1132 1612 40
1147 1583 1191 1603 aut
1207 1579 1286 1604 amico
1299 1575 1407 1613 positum
1425 1579 1512 1604 volunt
1530 1581 1558 1604 in
1579 1578 1621 1604 ilio
1639 1578 1736 1604 Catuli.
1753 1586 1790 1611 55,
1807 1586 1832 1611 15

1380 1613 1475 1639 Tanto
1495 1620 1521 1640 te
1543 1614 1571 1640 in
1589 1614 1656 1640 fastu
1676 1623 1753 1648 negas
1772 1615 1882 1641 amice?

1380 1648 1429 1676 Dic
1447 1649 1543 1683 nobis,
1564 1649 1613 1676 vbi
1633 1650 1664 1676 fis
1688 1650 1810 1681 futurus,
1837 1650 1886 1676 ede

1381 1685 1532 1718 Audacter,
1555 1686 1649 1712 comiti
1668 1685 1780 1712 licenter
1797 1685 1854 1712 ede.
2053 1702 2059 1703 ff

1146 1718 1194 1746 Sed
1208 1719 1334 1753 meliores,
1355 1721 1486 1747 Auciaeker
1504 1721 1658 1753 committe,
1679 1721 1764 1748 crede.
1837 1723 1948 1757 Comes,
1968 1723 2075 1752 relatum
2092 1725 2128 1753 ad
2143 1726 2201 1754 Du·

1094 1765 1128 1792 45
1144 1763 1201 1781 cem
1215 1756 1271 1782 Cic.
1285 1765 1333 1790 pro
1349 1756 1467 1783 Marcell.
1483 1765 1506 1783 11
1531 1757 1574 1783 vbi
1587 1757 1616 1783 de
1630 1757 1702 1783 rebus
1717 1755 1793 1794 gestis
1806 1758 1935 1794 Caesaris,
1953 1760 2042 1787 Huius
2054 1767 2143 1788 autem
2157 1763 2202 1790 rei

1145 1790 1218 1817 idem
1231 1800 1257 1817 es
1270 1792 1323 1817 dux
1343 1798 1369 1818 et
1388 1801 1483 1819 comes.
1556 1792 1606 1828 Ipfi
1622 1793 1708 1826 casus,
1730 1799 1893 1829 euentusque
1907 1803 2014 1828 rerum,
2032 1806 2086 1823 non
2105 1798 2200 1831 duces,

1144 1826 1189 1853 sed
1207 1835 1316 1853 comites
1331 1828 1503 1855 consiliorum
1518 1830 1629 1864 Pompeii
1636 1829 1749 1865 suerunt
1768 1830 1824 1856 Cic.
1837 1839 1887 1865 pro
1899 1831 1981 1858 Corn.
1996 1832 2080 1859 Balbo
2092 1842 2110 1866 9
2131 1843 2154 1860 c.
2170 1843 2199 1868 4.

1143 1862 1212 1898 qnasi
1221 1862 1358 1899 fortunam
1372 1867 1399 1890 in
1408 1862 1531 1900 potestate
1550 1865 1673 1892 habuerit.
1727 1864 1803 1892 Idem
1816 1865 1849 1892 de
1862 1867 1947 1893 Amic.
1960 1870 1996 1899 96
2017 1878 2040 1895 c.
2053 1877 2085 1902 25
2104 1869 2133 1895 de
2145 1870 2200 1898 Sci—

1138 1902 1229 1934 pione,
1249 1900 1353 1932 Qianta
1366 1899 1412 1927 illa
1424 1900 1477 1927 fuit
1490 1901 1621 1935 grauitas?
1649 1902 1755 1934 Q1anra
1768 1902 1798 1928 in
1812 1903 1936 1929 oratione
1952 1903 2091 1931 maiestas?
2116 1910 2145 1932 vt
2157 1905 2198 1932 fa-

1971 1940 2103 1967 Laudatur
2121 1944 2199 1968 etiam

1144 1971 1200 1998 Cic.
1329 1993 1335 2000 .
1374 1973 1470 2008 Neque
1484 1974 1556 2000 enim
1569 1974 1690 2010 princeps
1703 1980 1765 2001 tunc
1780 1974 1813 2001 ad
1826 1974 1936 2001 salutem
1948 1976 1996 2001 esse
2008 1976 2164 2009 potuissem,
2176 1977 2196 2003 fi

1142 2008 1191 2033 effe
1205 2007 1252 2034 alii
1265 2009 1375 2035 comites
1389 2010 1539 2037 noluissent.
1613 2011 1748 2037 Comitem
1764 2011 1880 2037 Platonis
1901 2011 1927 2037 se
1944 2010 2086 2044 profitetur
2098 2011 2197 2038 Cicero

1142 2043 1171 2070 in
1188 2042 1266 2070 libris
1285 2045 1316 2071 de
1336 2046 1499 2080 Republica,
1532 2049 1550 2073 i.
1576 2044 1735 2082 seffatorcm.
1767 2046 1834 2072 Plin.
1855 2045 1894 2072 in*
1903 2046 2014 2079 praefat.
2033 2054 2058 2078 9.
2135 2048 2196 2074 Seri.

1142 2079 1240 2106 Phoen.
1255 2088 1281 2112 53
1309 2081 1399 2108 Nemo
1414 2091 1456 2108 nie
1476 2082 1602 2108 comitem
1622 2081 1675 2107 tibi
1692 2081 1789 2115 eripiet
1807 2089 1934 2116 vnquam.
2005 2081 2089 2109 Plaut.
2104 2083 2195 2110 Pseud.

1143 2124 1170 2145 1,
1191 2123 1218 2146 1,
1234 2123 1259 2146 15
1284 2116 1356 2141 Nam
1376 2122 1403 2142 tu
1423 2125 1466 2142 me
1487 2116 1610 2148 antehac,
1630 2116 1782 2150 supremum
1802 2115 1919 2143 habuisti
1939 2117 2066 2144 comitem
2079 2119 2197 2146 consiliis

1140 2149 1203 2174 tuis.
1463 2158 1475 2185 5
1511 2152 1631 2179 Comites
1651 2153 1777 2187 peculiari
1800 2155 1900 2179 notione
1919 2152 1985 2180 dicti
2004 2154 2147 2191 paedagogi
2169 2156 2200 2181 εξ

1139 2184 1307 2217 macomus,
1325 2186 1414 2221 quibus
1427 2187 1530 2224 scilicet
1548 2187 1670 2224 distendere
1688 2188 1719 2214 ab
1739 2189 1847 2214 alumnis
1864 2198 1914 2214 non
1932 2190 2032 2221 liceret,
2055 2199 2118 2225 quos
2137 2190 2194 2227 ipsa

1139 2224 1213 2247 etiam
1225 2221 1371 2257 praesentia
1382 2223 1432 2258 sua
1451 2221 1573 2256 custodire
1593 2222 1649 2257 iuſji
1665 2222 1746 2255 estem.
1804 2224 1847 2251 Sic
1862 2224 1938 2258 Virg.
1953 2224 2018 2250 Aen.
2033 2232 2057 2257 5,
2071 2232 2119 2259 545
2139 2228 2194 2253 Cu-

1139 2256 1241 2283 stodem
1257 2257 1439 2292 comitemque
1453 2258 1570 2292 impubis
1583 2258 1636 2284 Iuli
1647 2258 1782 2292 Epitidem
1801 2265 1884 2285 vocat.
1940 2259 2015 2295 Cous.
2029 2261 2093 2287 Aen.
2107 2270 2134 2294 2,
2149 2263 2192 2292 86.

1087 2300 1122 2326 60
1137 2292 1199 2318 Stat.
1213 2291 1278 2317 Silii.
1293 2299 1323 2324 5,
1336 2301 1358 2324 2,
1371 2295 1406 2318 60
1426 2294 1497 2319 Haec
1516 2294 1612 2319 iterent
1626 2293 1745 2319 Comites
1759 2300 1914 2334 praecepta,
1934 2295 2059 2330 senesque
2073 2298 2191 2331 paterni.

543 2468 706 2495 Deliciarum
720 2467 863 2493 multarum
877 2472 964 2490 comes
977 2463 1013 2489 est
1027 2472 1069 2489 ex·
1084 2474 1116 2507 65
1134 2469 1199 2501 riis,
1218 2469 1245 2495 Si
1262 2471 1406 2497 matronali
1425 2471 1519 2498 habitu
1535 2473 1636 2499 femina
1653 2473 1752 2506 fuerit,

1137 2327 1243 2353 Sueton.
1253 2327 1320 2360 Aug.
1328 2336 1350 2353 c.
1358 2332 1389 2360 98
1409 2327 1585 2360 Thrasyllum
1592 2328 1707 2355 Tiberii
1715 2335 1842 2363 comitem
1849 2337 1976 2357 memorat.
2012 2333 2045 2358 Et
2052 2332 2121 2359 Tib.
2130 2343 2152 2360 c.
2160 2342 2191 2361 12

1135 2362 1174 2388 M.
1190 2361 1273 2401 Lollii
1285 2362 1400 2389 Comitis
1419 2370 1445 2390 et
1461 2363 1574 2391 πᾶσι-ιε
1588 2365 1649 2391 Caii
1663 2365 1781 2392 Caesaris
1799 2369 1944 2392 mentionem
1955 2367 2037 2402 facit.
2101 2370 2134 2395 Et
2155 2369 2190 2396 de

1136 2396 1250 2423 Claudio
1256 2406 1277 2423 c.
1286 2406 1313 2431 35
1334 2399 1459 2432 Κειῃὶίίτ,
1479 2409 1512 2426 ne
1525 2400 1599 2427 cuius
1614 2401 1809 2434 (Praetextati)
1826 2402 1921 2429 comiti
1934 2409 1979 2429 aut
1993 2402 2108 2430 librario
2122 2404 2191 2432 cala-

1134 2434 1247 2464 mariae,
1268 2439 1313 2460 aut
1333 2434 1499 2470 graphiariae
1513 2436 1603 2462 thecae
1618 2436 1791 2464 admirentur.
1845 2438 1875 2464 L.
1889 2446 1914 2472 15
1934 2438 1961 2464 ff.
1984 2437 2008 2476 §.
2024 2446 2049 2472 15
2071 2440 2104 2466 de
2117 2441 2201 2467 iniu-·

1152 2505 1157 2509 -
1243 2505 1248 2510 .
1772 2478 1799 2500 et
1812 2474 1872 2508 quis
1888 2483 1947 2500 eam
1961 2475 2123 2509 appellauit,
2145 2477 2188 2504 vel

1133 2513 1160 2531 ei
1180 2511 1306 2532 comitem
1326 2506 1454 2540 abduxit,
1474 2508 1634 2535 iniuriarum
1647 2513 1761 2536 tenetur.
1817 2510 1953 2536 Comitem
1972 2511 2091 2546 accipere
2108 2512 2189 2539 debe-

1132 2550 1190 2567 mus
1205 2550 1265 2568 eum
1274 2563 1283 2577 ‚
1302 2543 1350 2577 qui
1362 2544 1505 2570 comitetur
1518 2550 1544 2570 et
1558 2545 1700 2579 sequatur,
1718 2551 1745 2571 et
1759 2548 1805 2577 (vt
1816 2546 1854 2572 ait
1868 2546 1977 2578 Labeo)
1991 2546 2045 2573 fiue
2058 2547 2188 2582 liberum,

1134 2576 1188 2603 siue
1201 2578 1323 2611 seruum,
1344 2579 1397 2605 siue
1416 2580 1576 2613 masculum,
1597 2580 1650 2606 flue
1663 2581 1801 2607 feminam.
1856 2582 1887 2608 Et
1902 2582 1940 2608 ita
1954 2583 2081 2610 comitem
2093 2584 2186 2611 Labeo

1133 2613 1243 2646 definit,
1263 2614 1310 2654 qui
1323 2614 1511 2650 frequentandi
1523 2616 1650 2651 cuiusque
1663 2618 1739 2643 causa
1747 2637 1757 2650 ,
1773 2623 1802 2644 vt
1814 2617 1969 2652 sequeretur
1981 2618 2121 2647 destinatus
2130 2641 2139 2654 ,
2156 2620 2186 2648 in

1187 2685 1192 2690 ·
1722 2654 1796 2680 Inter
1815 2654 1926 2680 comites
1944 2654 2039 2689 vtique
2060 2661 2087 2682 et
2105 2656 2186 2690 peda-

1132 2693 1195 2720 gogi
1214 2691 1300 2712 erunt.
1355 2689 1412 2714 Huc
1421 2690 1534 2724 pertinet
1547 2688 1615 2715 Ter.
1628 2689 1693 2715 Eun.
1707 2697 1730 2721 3,
1744 2697 1770 2722 2,
1783 2696 1817 2724 54
1843 2689 1963 2716 Comites
1981 2691 2064 2718 secuti
2082 2692 2184 2718 scilicet

1130 2722 1190 2748 sunt
1209 2722 1368 2757 virginem?
1397 2724 1428 2750 C.
1448 2725 1569 2751 Verum:
1596 2724 1720 2759 parasitus
1739 2734 1800 2751 cum
1820 2725 1923 2755 ancilla.
2116 2724 2139 2762 ff
2165 2729 2184 2753 6

1129 2757 1258 2784 Sollemnis
1277 2761 1351 2785 etiam
1371 2760 1417 2786 illa
1442 2762 1525 2793 ratio,
1549 2760 1615 2796 quoti
1625 2760 1745 2787 Comites
1758 2759 1958 2797 Magistratuum
1966 2762 2180 2795 Prouincialium,

1130 2794 1356 2830 Imperatorumque
1374 2795 1433 2822 adeo
1445 2803 1518 2822 erant
1531 2797 1629 2833 Legati,
1638 2795 1778 2833 Praefectis,
1798 2795 1958 2833 Qatstores,
1977 2797 2091 2830 Scribat,
2109 2807 2182 2833 quos—

1925 2868 1980 2894 lum
1997 2877 2109 2895 numum
2129 2869 2180 2896 else

1123 2865 1207 2901 ficum
1220 2865 1347 2893 ducebant.
1403 2868 1460 2894 Cic.
1474 2868 1551 2895 Verr.
1564 2876 1590 2901 2,
1604 2871 1639 2902 69
1659 2869 1738 2903 Nego
1757 2868 1810 2895 tibi
1826 2868 1875 2903 ipsi
1895 2877 1911 2894 v

27 2788 55 2815 de

22 2783 217 2924 ktracpotitus.S
237 2860 245 2886 ι
267 2824 361 2887 ἒὲεὶυς
369 2830 454 2893 ξῒςυέ
466 2833 553 2851 comes
567 2831 623 2852 tum
631 2824 824 2856 Honoris,tum
838 2823 918 2850 etiam
932 2824 1066 2850 <alamita-
1083 2840 1115 2868 75
1128 2837 1173 2865 que
1186 2831 1249 2856 alios
1262 2831 1313 2863 illi,
1331 2832 1372 2858 ve!
1376 2831 1521 2868 splendoris
1533 2838 1557 2858 et
1569 2830 1721 2867 maiestatis,
1740 2834 1781 2860 vel
1795 2836 1955 2894 cuiuscunque
1968 2834 2093 2858 utilitatis
2104 2831 2179 2869 causta

38 2869 254 2895 is¹c.prou.
319 2869 391 2887 c.2.

49 2905 68 2922 is
85 2895 194 2930 Imperii
208 2905 309 2929 comes,
328 2902 353 2922 et
368 2902 454 2923 certus
473 2896 548 2923 hei-es
570 2896 682 2923 tieletum
697 2895 768 2922 fulsit
781 2895 871 2922 inodo.
942 2895 1064 2922 Infelices

49 2931 114 2964 lyffis
127 2931 221 2966 Virgil.
235 2933 298 2958 Aen.
312 2940 340 2964 3,
353 2940 404 2965 913.
476 2933 621 2965 itinerum,
640 2932 859 2966 nauigatiouimi,
878 2930 1018 2964 laborum,
1038 2938 1066 2958 et

41 2967 203 2994 ericulorum
221 2967 343 2994 omnium
369 2976 491 2995 meorum
510 2974 629 3003 tempore
652 2967 804 2994 miserrimo
823 2976 910 2994 comes
932 2974 958 2994 et
979 2968 1064 2994 socius

9 3033 13 3038 ,
47 3002 79 3029 ic.
90 3004 162 3030 Fam.
181 3011 222 3036 13,
235 3011 278 3038 71.
350 3003 485 3031 Laborum
503 3005 612 3032 comites
631 3003 713 3034 Ouid.
728 3003 793 3029 Met.
807 3007 830 3035 8,
844 3005 900 3036 565.

46 3041 142 3066 aximae
154 3039 263 3066 comites
275 3039 392 3070 dicuntur
399 3040 496 3066 Lances
508 3041 573 3067 aliae
586 3043 693 3067 minores
705 3039 771 3065 Plin.
782 3047 818 3071 33,
831 3047 853 3066 ιι
871 3040 890 3065 s.
903 3046 940 3072 52.
974 3041 1064 3066 Locum

126 3076 130 3080 '
331 3075 428 3102 Laudis
440 3077 539 3110 patriae
552 3076 662 3103 comites
670 3095 677 3107 ‚
689 3074 759 3111 filii,
777 3074 811 3100 ad
823 3084 882 3110 quos
893 3075 976 3102 laudis
986 3074 1063 3102 'etiam

39 3119 84 3137 ars
94 3113 215 3145 peruenit.
237 3110 382 3137 Son-Herc.
395 3111 447 3138 fur.
465 3120 530 3138 1122.
601 3112 699 3138 Mortis
719 3110 830 3137 comites
848 3116 874 3137 et
892 3111 992 3138 funeris
1010 3112 1064 3138 atri

45 3151 127 3172 ucret.
142 3153 164 3177 2,
177 3150 223 3178 580
235 3144 278 3180 fic,
287 3153 360 3172 vocae
373 3147 489 3173 ploratus
502 3155 525 3174 et
531 3147 618 3184 fletus.
689 3146 786 3181 Operis
799 3146 880 3174 Ouid.
894 3147 958 3173 Met.
973 3156 996 3180 3,
1009 3156 1063 3180 129.

40 3218 93 3244 acis
111 3225 199 3243 comes
217 3216 322 3252 otiique
334 3217 404 3244 socia
423 3218 460 3247 est
471 3218 630 3254 Eloquentia
647 3218 721 3246 Idem
733 3218 807 3244 Brut.
817 3227 838 3244 c.
847 3227 884 3245 12.
953 3220 1063 3246 Pauoris

35 3262 109 3280 omes
122 3252 290 3279 Exanimatio
303 3253 450 3280 Cic.Tusc.
459 3262 487 3287 4,
500 3262 538 3288 ¹9·
607 3254 792 3282 Periculosum
804 3253 878 3280 Idem
892 3255 963 3281 Fam.
978 3263 1012 3288 13,
1022 3263 1061 3290 7¹·

67 3294 187 3315 retorum
195 3288 277 3315 dulcis
287 3296 374 3315 comes
381 3289 559 3317 Gramniatica
571 3290 682 3324 Quin&
698 3299 718 3322 1,
735 3298 763 3322 4.
829 3290 977 3323 Cic.Att.5‚
988 3299 1010 3317 11
1030 3293 1063 3318 le-

6 3333 15 3366 ’ἑ
53 3332 84 3351 nt
103 3323 202 3360 quidam
219 3323 361 3351 Marcellus
379 3324 487 3351 sedendi
505 3334 601 3353 comes.
637 3327 692 3353 Hoc
699 3325 792 3362 fitzfic,
810 3321 962 3360 Marcellus,
980 3330 1023 3363 qui
1036 3333 1061 3353 et

0 3368 3 3380 l
42 3359 71 3397 se
88 3360 165 3388 Vrbis
177 3363 253 3386 otium
267 3367 343 3386 amat.

7 3411 17 3440 ι
55 3398 213 3432 prouinciam
229 3398 266 3422 ire
280 3402 366 3422 neuter
382 3397 497 3422 voluerit.
532 3397 560 3424 Sc
865 3398 959 3425 Horat.
972 3399 1061 3425 Carm.

0 3461 3 3468 ,
41 3451 50 3464 ,
63 3439 98 3465 12,
113 3440 122 3459 1
142 3432 197 3458 Iam
211 3431 288 3458 Veris
302 3431 410 3458 comites
419 3451 428 3464 ,
445 3440 512 3466 quae
523 3441 595 3459 mare
605 3438 768 3468 temperant,
803 3433 945 3468 Impellunt
956 3434 1062 3461 animae

9 3484 13 3491 ·
33 3468 103 3498 intea
114 3466 265 3499 Thraciae,
291 3470 309 3493 i.
325 3469 395 3494 venti
407 3476 418 3493 e
435 3467 547 3494 Thracia
552 3468 690 3504 spirantes.
762 3467 829 3495 Viae
850 3477 938 3496 comes
956 3470 1062 3497 audacis

0 3503 3 3521 l
35 3511 108 3529 carus
118 3502 230 3538 &affectu
244 3502 352 3530 Daedali
367 3502 590 3537 Sen.0edip.908.
626 3504 794 3540 Virginitatis
801 3505 922 3538 comites,
931 3506 1004 3542 Ignis
1016 3507 1060 3532 Ve-

586 3397 697 3434 flut‘hiat
710 3395 793 3424 lcffio.

0 3575 16 3602 ll.
53 3580 82 3600 nt
93 3575 166 3600 etiam
179 3572 240 3607 ista:
262 3577 354 3609 Angor
366 3574 460 3601 affidue
476 3583 564 3600 comes
576 3575 653 3601 malis
666 3576 771 3602 Lucret.
786 3578 813 3608 6,
829 3583 892 3610 1157.
955 3577 1059 3604 Discor-

0 3608 14 3638 ί,
39 3609 66 3635 ia
77 3617 165 3636 comcs
176 3610 252 3644 regni
265 3611 342 3637 sociis
355 3611 417 3637 Stat.
425 3611 455 3636 T
458 3609 516 3636 heb.
531 3618 551 3642 1,
565 3618 616 3642 130.
686 3611 754 3637 Hor.
769 3611 849 3645 Epist.
860 3619 885 3642 2,
897 3619 923 3644 2,
935 3617 979 3647 187
1005 3613 1058 3640 Scit

15 3659 18 3662 Δ
61 3644 136 3677 nius,
155 3645 240 3672 natale
255 3655 350 3678 comes,
370 3646 418 3681 qui
432 3651 560 3680 temperat
573 3645 679 3672 astrum.
752 3646 852 3672 Libido
865 3646 923 3674 dira
934 3648 1058 3675 fortunae

7 3685 16 3697 *¹
29 3688 107 3707 ·omes
124 3680 183 3706 Sen.
202 3680 313 3716 Hippol.
331 3685 392 3709 206.
466 3681 584 3708 Ploratus
603 3680 697 3707 mortis
716 3681 826 3708 comites
843 3688 869 3708 et
885 3682 986 3710 funeris
1005 3683 1058 3711 atri

2 3720 11 3745 ¹.
28 3721 124 3743 ..uei-et.
137 3724 164 3749 2,
175 3720 230 3748 580.
300 3718 386 3745 Poena
399 3726 486 3744 comes
500 3717 597 3752 premit
615 3717 734 3751 culpam,
761 3719 779 3742 i.
796 3724 876 3752 poena
892 3720 987 3754 culpam
1006 3727 1057 3746 tam

41 3749 106 3780 rifle
117 3751 250 3787 sequitur,
273 3759 304 3779 vt
320 3756 393 3780 etiam
408 3760 505 3789 premas
518 3753 720 3789 praecedentem,
739 3754 818 3787 eique,
836 3759 866 3779 vt
883 3757 954 3780 canis
966 3755 1057 3790 ferae,

0 3788 14 3818 *ij
30 3788 144 3812 mmineac
157 3787 251 3813 Horat.
264 3788 351 3815 Carm.
363 3798 391 3822 4,
405 3797 428 3822 5,
439 3798 483 3824 24.
556 3789 686 3816 cateruae
701 3788 829 3814 comitum
841 3788 944 3816 Lucret.
957 3798 984 3822 2,
997 3793 1055 3821 628.

0 3819 17 3840 ’ἱ
29 3821 113 3848 vianus
125 3821 270 3856 comitum,
291 3825 311 3850 i.
328 3823 414 3851 cohors
431 3828 546 3852 comitum
564 3825 626 3851 Stat.
639 3824 704 3851 Silu.
718 3832 746 3856 5,
761 3832 788 3855 3,
802 3825 860 3850 262.
932 3825 990 3851 Pars
1004 3835 1056 3853 vna

25 3856 147 3897 “omitum
159 3857 240 3898 Ouid.
255 3858 320 3886 Met.
333 3867 360 3891 2,
371 3861 433 3892 426.
502 3861 624 3897 Princeps
641 3859 769 3886 comitum
787 3858 860 3885 Idem
872 3860 938 3886 Met.
953 3869 984 3893 2,
1001 3864 1054 3889 160.

25 3893 145 3929 iti-epita·
161 3898 289 3923 comitum
305 3895 380 3931 Virg.
393 3895 457 3924 Aen.
470 3899 497 3931 6,
513 3899 572 3930 866.

384 3361 488 3396 Vtrique
499 3365 672 3423 ertimdgratius
685 3368 740 3388 erat
751 3364 779 3387 in
798 3361 862 3388 Vrbe
869 3361 968 3397 fidere,
988 3372 1062 3398 quum
1072 3381 1109 3405 90
1123 3366 1145 3404 Ἴ

1096 3557 1106 3564 .-

0 3542 15 3561 fJ
42 3546 70 3565 ae
76 3536 270 3571 vestaleshabet.
285 3538 367 3566 Ouid.
377 3538 474 3571 Fast.6,
483 3547 545 3572 294.
585 3537 630 3577 52
640 3540 691 3575 Qui
698 3539 808 3567 comites
816 3539 943 3573 dicamur,
951 3541 1060 3568 declara·
1073 3557 1104 3583 9>
1117 3551 1148 3580 pe

1129 2907 1317 2928 numeratum:
1352 2902 1396 2929 sed
1415 2912 1499 2939 quum
1519 2903 1556 2930 ob
1577 2910 1622 2931 tua
1640 2904 1761 2936 decreta,
1787 2903 1824 2930 ob
1844 2904 1988 2938 imperata,
2007 2903 2043 2930 ob
2062 2904 2179 2932 iudicata

1127 2937 1256 2971 pecuniae
1269 2937 1415 2972 dabantur,
1434 2948 1488 2966 non
1502 2945 1558 2967 erat
1572 2939 1766 2976 quaerendum,
1780 2939 1854 2965 cuius
1868 2948 1948 2965 manu
1962 2946 2178 2973 numerarentur,

1127 2972 1171 2999 sed
1185 2974 1259 3000 cuius
1272 2974 1373 3001 iniuria
1385 2981 1552 3010 cogerentur.
1606 2976 1724 3002 Comites
1741 2975 1783 3000 illi
1804 2975 1845 3001 tui
1864 2974 1972 3006 dilecti,
1990 2983 2081 3002 manus
2100 2982 2178 3003 erant

970 3004 1064 3031 LaUCiS
1079 3015 1111 3041 80
1128 3015 1208 3035 tuae:
1243 3010 1391 3045 praesceti,
1418 3012 1534 3044 scribae,
1560 3011 1677 3043 medici,
1701 3009 1818 3044 accenfi,
1844 3010 1990 3044 aruspices,
2016 3019 2176 3045 praecones¹

1127 3054 1219 3072 manus
1233 3052 1293 3073 tuae
1308 3055 1390 3075 erant.
1442 3046 1562 3075 Comites
1576 3047 1632 3072 illos
1647 3049 1675 3072 in
1689 3046 1753 3072 duas
1768 3048 1836 3073 velut
1861 3044 1945 3079 claffis
1966 3043 2096 3078 distribuit
2115 3047 2175 3074 Cic.

1127 3082 1260 3115 QFratr.
1276 3091 1295 3116 1,
1311 3091 1330 3114 1,
1344 3092 1356 3115 3
1376 3090 1441 3110 extr.
1467 3084 1554 3117 Atque
1566 3082 1635 3108 inter
1649 3081 1712 3113 hos,
1731 3090 1791 3113 σος,
1809 3090 1875 3116 quos
1890 3081 1942 3108 tibi
1959 3082 2071 3109 comites
2085 3088 2111 3109 et
2130 3083 2176 3110 ad-

1127 3117 1227 3144 iutores
1241 3119 1412 3153 negotiorum
1425 3118 1593 3153 publicorum
1608 3117 1681 3144 dedit
1695 3117 1750 3152 ipsa
1757 3116 1926 3151 Respublica,
1935 3116 2060 3144 duntaxat
2073 3118 2174 3146 finibus

1126 3152 1168 3179 his
1184 3154 1342 3188 praestabis,
1361 3163 1427 3190 quos
1443 3162 1502 3181 ante
1514 3153 1674 3188 praescripsi.
1748 3154 1823 3186 Qios
1835 3161 1901 3179 vero
1915 3158 1960 3179 aut
1974 3162 2006 3179 ex
2022 3153 2174 3182 domesticis

63 3181 144 3208 ³t⁰fi⁵
163 3184 254 3207 omnes
273 3187 358 3214 'ries’
375 3182 485 3209 comites
507 3192 536 3210 at
552 3183 684 3210 ministras
705 3182 753 3208 effe
774 3182 831 3209 Cic·
846 3182 878 3209 de
893 3183 967 3210 Orat·
984 3192 1008 3214 1,
1022 3191 1062 3224 75·
1078 3198 1109 3227 85
1126 3189 1358 3223 conuifflonibus,
1378 3197 1422 3217 aut
1436 3199 1467 3216 ex
1487 3189 1631 3216 necessariis
1645 3187 1857 3223 apparitionibus
1877 3194 1964 3215 tecum
1983 3189 2034 3216 effe
2050 3190 2175 3224 voluisti,

1126 3224 1174 3258 qui
1187 3226 1257 3260 quasi
1273 3235 1305 3252 ex
1318 3226 1428 3253 cohorte
1437 3225 1567 3252 Praetoris
1580 3224 1707 3259 appellari
1721 3224 1814 3256 solent,
1823 3223 1919 3251 horum
1933 3233 1988 3251 non
1999 3225 2081 3253 modo
2093 3226 2173 3257 faeta,

1125 3260 1169 3286 sed
1187 3262 1267 3289 etiam
1284 3261 1355 3288 dicta
1373 3262 1464 3288 omnia
1480 3260 1631 3296 praestanda
1648 3259 1726 3286 nobis
1747 3260 1814 3286 sunt.
1882 3259 1928 3286 Ad
1939 3259 2064 3296 posterius
2082 3272 2172 3298 genus,

1120 3299 1404 3333 priuatorum,psrtinet
1418 3296 1490 3331 illud,
1499 3296 1576 3323 Celso
1603 3311 1648 3315 ——-
1675 3295 1768 3322 comiti
1776 3294 1930 3330 scribaeque
1939 3296 2057 3323 Neronis
2073 3299 2168 3323 Horat.

1125 3332 1170 3366 Ep.
1179 3341 1199 3365 1,
1206 3338 1230 3366 8,
1238 3341 1248 3360 1
1261 3334 1304 3360 vbi
1309 3333 1362 3360 vid.
1375 3334 1492 3359 Torrent.
1511 3331 1630 3359 Comites
1638 3338 1661 3357 et
1669 3332 1763 3358 Seruus
1770 3329 1905 3368 distinguit
1913 3331 2018 3358 Sueton.
2027 3333 2100 3359 Caes.
2110 3341 2132 3359 c.
2139 3340 2168 3365 4.

1165 3375 1182 3403 7
1217 3368 1258 3395 Ab
1272 3370 1312 3395 his
1324 3369 1519 3404 prouincialium
1537 3366 1726 3404 magfflratuum
1743 3367 1872 3394 comitibus
1897 3374 1978 3394 ortum
2003 3367 2117 3400 videtur,
2137 3373 2168 3392 vt

1117 3403 1264 3438 procedente
1275 3411 1396 3439 tempore,
1416 3410 1440 3429 et
1451 3403 1482 3429 ab
1494 3410 1574 3430 astate
1588 3403 1645 3429 inde
1657 3400 1872 3435 Constantinorum
1886 3404 1982 3430 Comes
1995 3405 2106 3439 generale
2125 3412 2168 3428 no-

1122 3448 1175 3464 men
1186 3443 1292 3466 omnium
1297 3441 1357 3476 sere
1370 3448 1510 3472 munerum,
1524 3437 1760 3474 praefeflurarum,
1780 3441 1935 3465 curationum
1947 3438 2032 3474 fieret.
2081 3439 2168 3472 Appa-

1121 3481 1161 3500 ret
1172 3474 1233 3508 hoc,
1246 3475 1273 3510 fi
1286 3478 1341 3512 quis
1355 3476 1395 3501 vel
1406 3474 1543 3509 antiquam
1557 3475 1626 3500 illam
1640 3473 1776 3501 Notitiam
1789 3474 1949 3509 dignitatum
1963 3473 2072 3508 Imperii
2086 3473 2165 3500 Rom.

1121 3510 1161 3536 vel
1175 3511 1259 3545 illam,
1278 3520 1326 3547 qua
1341 3512 1391 3537 Iac.
1406 3510 1574 3545 Gothofi·etlus
1592 3509 1783 3543 Theodostanum
1804 3510 1914 3537 Codicem
1932 3508 2083 3541 illifirauit,
2102 3509 2166 3534 velit

1149 3555 1269 3573 rcurrere.
1307 3548 1345 3573 De
1352 3548 1497 3581 praecipuis
1501 3546 1565 3580 fiant
1571 3546 1710 3580 peculiares
1722 3547 1793 3572 tituli
1805 3548 1833 3572 in
1850 3552 1952 3580 veroque
1972 3543 2071 3575 Codice,
2089 3550 2118 3569 ut
2132 3543 2166 3570 de

1121 3581 1274 3609 Comitibus
1292 3581 1510 3612 Confistorianis,
1531 3580 1562 3606 de
1583 3581 1735 3608 Comitibus
1753 3586 1779 3608 et
1798 3581 1933 3608 Tribunis
1947 3579 2111 3611 scholarum,
2130 3579 2164 3606 de

1121 3617 1275 3644 Comitibus
1288 3618 1329 3644 rei
1342 3616 1485 3646 militaris,
1503 3615 1535 3642 de
1553 3616 1705 3644 Comitibus
1723 3622 1749 3644 et
1762 3616 1908 3644 Archiatris
1923 3614 1988 3641 sacri
1999 3613 2109 3646 Palatii,
2129 3614 2164 3641 de

1121 3653 1272 3680 Comitibus
1292 3654 1339 3688 qui
1358 3651 1508 3687 prouincias
1525 3658 1636 3687 regunt,
1656 3653 1688 3679 de
1707 3652 1860 3679 Comitibus
1879 3650 1976 3678 artium
1989 3649 2162 3677 diuersarum.

1120 3689 1292 3716 Memoramur
1300 3695 1431 3724 praeterea
1443 3686 1562 3727 Comites
1575 3689 1703 3724 Aegypti,
1722 3688 1816 3714 limitis
1829 3685 1968 3720 Aegyptii,
1985 3684 2026 3710 rei
2037 3685 2163 3712 militaris

1065 3738 1112 3758 100
1120 3732 1165 3758 per
1179 3727 1342 3759 Aegyptum,
1369 3723 1475 3749 Aci-arii
1494 3723 1648 3759 Vtriusque,
1667 3724 1791 3755 Africae,
1810 3729 1834 3748 et
1851 3724 1958 3747 aliarum
1994 3724 2164 3747 rouinciarum

1118 3766 1191 3795 atque
1211 3761 1324 3790 urbium,
1338 3765 1418 3794 porro
1437 3758 1594 3792 Arcadiam,
1621 3759 1837 3789 Arctum-orum,
1857 3755 1924 3782 Auri
1945 3763 1960 3781 a
1999 3757 2163 3790 responsum,

1119 3794 1345 3830 Catapmafiarii,
1371 3792 1537 3826 clibanarii,
1559 3795 1807 3824 Commerciorum,
1828 3791 1898 3830 Sacri
1912 3790 2061 3830 ⁸Cubiculi,
2080 3792 2162 3818 Dioc-

1119 3831 1205 3858 ceseos
1221 3831 1344 3861 Afianae,
1363 3829 1588 3864 Dispofitionurn,
1608 3830 1834 3859 Domesticorum,
1856 3827 1968 3866 Diuinae
1981 3827 2092 3859 Domus,
2105 3828 2159 3853 Do-

1117 3875 1236 3897 morum,
1263 3866 1404 3900 Equitum,
1430 3866 1604 3899 Formarum,
1628 3863 1794 3894 Honoriani,
1818 3863 1954 3893 Iuniores,
1974 3862 2159 3896 Largitionum

641 3895 739 3926 Tui-ba
756 3895 885 3924 comitum
901 3895 960 3924 Sen.
974 3897 1053 3927 Herc.
1065 3917 1109 3945 ,οἱ
1116 3911 1162 3938 per
1174 3910 1266 3933 omnes
1280 3901 1410 3928 dioeceses
1419 3920 1428 3933 ‚
1446 3902 1631 3937 Largitionum
1646 3900 1858 3930 Italicianaium,
1875 3897 2060 3933 Largitionum
2072 3896 2158 3930 priua-

1417 3938 1435 3964 6
1453 3937 1472 3967 P
1508 3946 1526 3966 2
2060 3937 2158 3962 tarum,
