2474 4182
0 1719 24 1916 zama-*²2²¹
0 1662 7 1706 ’·“
0 1619 4 1636 ’·

45 103 131 167 465

78 202 319 229 ART1F1CIA1.
331 193 437 223 i'TER.
474 191 559 222 Mu(
577 192 728 232 [τεχνιζιῦἱς]
775 191 911 232 ,(ᾎΙὺῖξῖῑέ-
930 200 961 232 a,
984 200 1029 227 17>
1047 201 1085 233 42

44 236 92 264 Sed
110 244 155 262 nec
173 234 220 260 illa
232 232 378 260 omittenda
393 233 469 265 sunt,
486 240 538 267 qua
555 230 584 256 in
597 237 627 256 re
640 227 707 254 alius
728 227 754 253 se
773 229 997 261 inartificialiter,
1018 229 1086 256 alius

30 298 31 302 ,
43 269 215 300 artificialiter
234 274 317 303 gerat.

79 312 168 334 ARTI
179 311 200 330 Τ
211 311 231 330 ν
241 312 253 330 s
262 324 270 336 ‚
290 313 304 330 a
313 323 321 336 ,
342 312 397 330 um.
433 302 512 330 Bonis
529 298 628 327 artibus
650 297 792 324 instructus
800 318 808 330 ‚
826 297 890 325 Fcst.
930 299 1085 332 Ποέντεχνος,

30 379 146 407 ‚retinuit
159 378 230 402 etiam
244 376 398 405 GronouIm,
416 372 578 406 Artitos,1eg.
594 369 674 405 cen-[bt
687 370 795 396 Turneb.
808 370 877 397 Adu.
893 380 932 406 24,
947 381 983 406 25.
1025 370 1085 397 ls'id.

444 103 665 147 ΛΚΤ

30 412 32 419 “
48 410 111 448 Vqffi
125 412 229 446 Etymol.
243 417 271 447 p.
285 414 328 446 46.
365 410 437 446 Cous.
448 408 496 444 βψ
509 411 643 439 ARTio.

31 472 33 478 Ι
77 454 156 476 ART
166 454 194 473 is
204 454 271 479 TA,
292 455 330 473 fle.
364 447 413 473 Pro
423 442 536 479 artfice,
556 441 695 468 barbarum.
733 441 802 468 Voss.
819 441 850 468 de
859 441 912 469 Vit.
926 450 948 474 3,
962 450 971 468 1
990 450 1013 475 p.
1023 447 1082 475 374·

41 482 159 513 Boi-rich.
173 483 262 517 Cogit.
281 491 305 518 p.
319 488 358 514 25.

41 563 58 617 ἕ

59 564 87 582 uo
107 563 188 581 omnes
208 552 314 587 Persidi}
336 558 404 586 reges
419 547 504 584 pallea
525 547 665 574 Arsacidae
685 546 750 574 ιλιέὶί
763 548 836 584 fimt.
934 583 938 587 .

59 590 147 618 eruius
169 590 196 616 in
209 591 272 616 Aen.
285 590 314 618 6,
329 587 398 620 760)
422 592 514 610 omnes
534 592 607 618 reges
624 583 721 610 Albani
742 584 774 610 ab
792 583 884 616 Syluio
902 583 960 608 silio
979 583 1082 623 Aeneae

43 632 68 653 et
85 625 227 657 Lauiniae,
247 622 323 651 Siluii
346 621 404 646 sunt
425 619 513 646 dieti:
545 619 609 646 sicut
626 620 741 646 Romani
760 621 951 654 imperatores,
971 618 1083 653 Augusti

26 667 190 690 ,vocantur:
222 656 359 692 Aegyptii,
382 655 545 682 Ptolemaei:
571 656 678 688 Persae,
704 656 851 682 Arsacidae.

26 706 64 738 y1,
83 702 125 727 108
148 693 298 725 Arsacidae,
318 690 418 718 bellum
438 691 517 717 viciis
536 691 617 717 ciuile
636 691 752 718 dedistis.
794 689 1046 723 12⁷1·.1'.1usti11.41‚5.

79 735 282 759 AnsAcivs.
318 727 379 754 Adi.

26 763 106 795 ''flcia
119 767 228 793 Pacorus
240 761 369 790 deliberet
383 764 451 789 aula.

416 726 582 763 ['pr'n105]
620 728 736 754 Martial.
752 735 784 760 9,
798 733 825 758 35
845 725 898 751 Scis
912 726 977 760 quid
993 727 1021 752 in
1034 727 1083 753 Ar-

26 801 129 829 Claud.
149 800 224 828 Cons.
239 799 310 827 Hon.
329 807 364 832 4,
384 801 430 825 216
455 799 584 826 Barbarus
596 799 704 825 Arsacio
722 797 888 830 consurgeret
909 806 957 824 ore
973 798 1061 825 tiaras.

73 842 218 864 ARSELL
229 841 249 861 A
259 855 266 866 ,
290 843 329 861 ac.
366 834 467 867 Herba,
486 836 520 862 al.
535 838 697 871 Argemonia.
733 831 810 866 Apul.
825 832 857 858 de
871 833 955 860 Hcrb.
976 843 998 860 c.
1013 843 1047 866 31.

27 896 29 903 ,
73 868 318 900 aasrnicvm.

41 981 108 1025 aaz&

19 1560 28 1578 a
43 1569 56 1584 .·
67 1557 132 1583 2412
150 1550 252 1576 Putsch.

65 1983 116 2005 AR
126 1983 148 2004 T
159 1985 176 2005 Ε
187 1984 212 2006 Μ
222 1985 239 2006 E
252 1985 271 2006 Ι)
283 1987 293 2006 1
303 1986 358 2007 νΜ
368 1999 376 2012 ,
402 1979 422 2006 i.
464 1979 509 2006 AI.
525 1977 694 2011 Dit'zamvzus,
715 1977 798 2006 herba.
845 1978 924 2014 Apul.
945 1977 977 2004 de
997 1977 1082 2005 Herb.

18 2039 21 2042 .
42 2021 83 2049 ap.
103 2015 146 2040 62.

17 2049 19 2055 '
65 2047 265 2077 ARTllfMis.
301 2048 464 2085 [”Αρτεμις]

73 1009 92 1043 ,Α
101 1020 121 1042 R
130 1020 168 1041 SE
179 1019 229 1040 ΝΟ
238 1020 259 1040 G
269 1011 318 1040 (3N
328 1020 347 1040 O
356 1021 387 1040 N.
426 1013 607 1049 [οἶμνενᾶγονον]

85 1051 118 1084 Ἰε,
138 1052 176 1075 ita
196 1047 275 1081 dieta,
295 1049 360 1085 quod
377 1052 446 1081 vino,
465 1052 492 1075 in
508 1058 554 1085 quo
570 1053 694 1074 „mcci-ata
710 1044 752 1079 est,
771 1053 850 1086 epoto,
867 1056 948 1074 mares
964 1051 1084 1084 generari
1092 1051 1123 1077 25

2 1112 6 1114 ,
38 1085 183 1117 caedantur,
203 1085 400 1121 quemadmodum
418 1086 574 1121 ‘I'hcgygono‚
587 1083 709 1123 feminae.
747 1081 813 1108 Plin.
827 1083 871 1115 26,
886 1090 910 1116 13
930 1084 1007 1123 ¹39¹&

30 1131 31 1134 ¹
67 1129 93 1153 A
101 1127 119 1149 R
128 1127 165 1148 SE
174 1127 195 1147 V
205 1128 222 1147 E
232 1128 251 1147 R
259 1129 271 1148 s
281 1128 306 1147 E.
341 1122 438 1148 Auerte
450 1121 538 1154 ignem
551 1118 685 1153 significat.
721 1118 877 1145 Tuscorum
898 1128 970 1145 enim
989 1119 1081 1154 lingua

22 1153 38 1186 [5
68 1157 113 1193 se,
133 1157 253 1183 Auerte:
286 1157 375 1193 Verfi,
395 1158 484 1191 Ignem
503 1155 602 1182 constat
622 1153 758 1189 appellari.
794 1154 870 1181 Vnde
884 1155 1010 1182 Afranius
1028 1157 1082 1188 ait,

66 1191 159 1220 scribat
174 1192 271 1227 aliquis
285 1193 314 1219 in
327 1193 410 1224 ostio,
427 1192 478 1218 AR
488 1192 559 1217 SEV
569 1192 587 1217 Ε
597 1191 619 1217 R
628 1191 642 1217 S
652 1191 680 1217 E.
700 1225 704 1230 ⁵
718 1189 815 1230 Fesius.

62 1235 116 1256 <AR
125 1235 137 1256 s
147 1235 157 1254 1
165 1235 188 1254 N
197 1235 213 1254 E
224 1235 244 1255 v
255 1235 289 1255 M.
327 1230 517 1255 Ornamentum
532 1227 625 1262 capitis
638 1225 780 1252 muliebris
789 1246 797 1259 ,
818 1225 913 1252 Festus.
951 1227 1081 1254 Laudatur
1091 1232 1123 1256 30
1134 1233 1244 1256 arteria?
1257 1233 1324 1257 vitia
1331 1231 1404 1267 fame

18 1289 21 1293 ,
39 1267 45 1272 “
57 1266 68 1291 i
79 1273 108 1291 ex
122 1264 231 1291 Catonis
244 1264 347 1299 Orig.7
362 1263 488 1291 Mulieres
503 1270 607 1297 opertas
621 1271 687 1289 auro
701 1270 880 1296 purpuraque,
895 1261 1001 1295 arsinia,
1017 1271 1082 1296 rete,

0 1293 11 1329 2¹
52 1299 170 1333 iadema,
185 1309 296 1326 coronat
314 1308 418 1331 aureas,
437 1299 530 1325 russeus
544 1299 652 1331 fascias,
674 1298 796 1332 galbeos,
817 1298 915 1329 lineas,
934 1298 1028 1332 pelles,
1042 1308 1083 1325 re-

0 1366 1 1369 ,
51 1336 167 1363 'miculm
203 1336 313 1363 Gloss'ilr.
347 1334 471 1362 Arfinum
492 1332 618 1371 διάκριμοι.
655 1334 697 1361 Al.
717 1333 797 1360 GlOffi
818 1331 935 1369 ὣοὶκριμα
956 1334 1083 1362 discerni—

0 1378 1 1381 ’
47 1371 129 1399 ulum.

9 1427 15 1438 ,-
69 1414 199 1440 ARSIS,
217 1407 248 1434 is.
277 1407 296 1433 f.
333 1405 437 1443 [ἄρσις]
479 1407 570 1433 Latine
591 1405 686 1432 dicitur
706 1405 826 1431 Eleuatio.
872 1404 996 1432 Diomed.
1016 1415 1028 1438 3

0 1439 26 1476 'ln
52 1450 82 1478 71
101 1442 201 1470 Putsch.
223 1443 268 1469 Pes
281 1442 317 1469 est
329 1443 449 1477 po‘c'ticae
468 1441 596 1469 dictionis
615 1442 727 1468 duarum
741 1440 1081 1482 ampliusue-syllabarum,

0 1474 2 1478 ’
47 1487 92 1505 um
105 1485 176 1505 certa
190 1484 340 1513 temporum
353 1478 543 1505 obseruatione
558 1477 652 1504 modus
667 1487 673 1503 :
704 1477 835 1511 recipiens
855 1480 924 1503 arim
945 1484 970 1503 et
989 1478 1082 1511 thesin,

43 1513 59 1539 d
72 1514 109 1540 est
124 1514 171 1549 qui
183 1514 278 1550 incipit
291 1514 439 1541 sublatione
455 1514 547 1541 finitur
559 1513 699 1548 positione.
730 1514 799 1539 Haec
812 1512 860 1539 ille.
896 1513 1083 1542 Terentianus

142 1609 148 1612 .
186 1586 243 1611 Vna
262 1585 341 1619 longa
363 1593 417 1611 non
436 1584 537 1620 valebit
556 1583 635 1611 edere
655 1592 686 1610 ex
706 1585 759 1612 sese
779 1583 888 1619 pedem,

183 1619 285 1647 letibus
306 1620 369 1655 quia
388 1620 419 1646 fit
438 1619 560 1653 duobus,
581 1629 636 1646 non
655 1620 771 1655 gemello
791 1626 922 1654 tempore.

184 1656 277 1683 Breuis
295 1656 423 1691 vtrinque
440 1655 486 1688 fit,
510 1655 621 1682 licebit:
651 1656 692 1682 bis
710 1656 790 1683 feriri
807 1657 943 1684 conuenit.

185 1692 261 1719 Parte
281 1700 342 1718 nam
361 1692 461 1719 attollit
481 1693 620 1724 sonorem,
638 1698 713 1726 parte
732 1692 836 1726 reliqua
857 1692 993 1727 deprimit.

184 1727 261 1755 Arsin
282 1727 348 1758 hanc
360 1728 456 1755 Graeci
473 1734 620 1761 vocarunt,
637 1730 747 1755 aiteram
766 1734 858 1754 contra
870 1728 900 1754 T
902 1728 973 1756 hesin
990 1735 1036 1755 etc.

86 1768 127 1789 tus
141 1765 223 1798 igitur
237 1764 315 1800 sonus
333 1762 366 1797 est
384 1762 464 1799 bigam,
491 1766 510 1790 i.
527 1766 608 1791 Elatio
628 1767 712 1791 vocis:
739 1765 832 1790 Grauis
846 1772 934 1792 contra
953 1763 986 1797 est
1004 1764 1118 1799 θέσις-,45
1135 1768 1208 1795 Fam.
1222 1777 1248 1802 9,
1266 1777 1295 1801 23
1317 1768 1383 1795 Non
1408 1778 1481 1795 enim
1506 1769 1625 1797 arbitror
1645 1779 1739 1798 cocum
1759 1772 1841 1800 niam
1861 1778 1887 1799 te
1901 1774 2072 1803 arthriticum
2084 1776 2193 1806 habere.

42 1817 48 1824 .
63 1798 190 1834 ι[ἰώννιιᾙῗο
203 1810 212 1825 .-
242 1799 370 1836 Inflexus,
389 1809 419 1826 ex
436 1807 508 1827 acuto
525 1807 550 1826 et
567 1802 643 1837 graui
659 1810 710 1826 com
729 1803 823 1826 onitur.

58 1833 346 1863 orin.Art.Grammat.
358 1844 369 1862 1
389 1845 414 1871 p.
428 1841 504 1870 ²482·
539 1837 622 1864 Mart.
631 1836 712 1872 Capel
725 1856 730 1862 .
745 1845 762 1869 9
782 1845 807 1872 p.
829 1841 882 1868 328.

445 1910 684 1942 ART

40 2082 170 2120 ἰροτ-ομῖς,
191 2085 219 2112 id
234 2086 277 2115 est,
284 2083 372 2112 aerem
386 2087 488 2118 secans,
506 2085 625 2113 Macrob.
640 2087 742 2112 Saturn.
759 2093 792 2119 7,
811 2093 865 2117 cap.
879 2084 927 2109 vlt.
966 2084 1037 2108 Hinc

24 2135 25 2138 ¹
66 2126 309 2149 ARTEMISIA.

127 2376 143 2395 Θ

2 2402 6 2421 ='
20 2391 27 2424 {³
64 2387 275 2436 ἷκτῖἐΜόΝ,
297 2403 365 2430 bnis.
392 2413 428 2430 m.
465 2403 615 2440 [ἐρήμων]
658 2404 742 2430 Velnm
757 2410 883 2439 paruum,
903 2403 931 2429 de
950 2411 996 2438 quo
1015 2402 1075 2430 Isid.

18 2441 22 2443 ’
89 2450 102 2466 ,·
113 2437 263 2474 ·'''igendae
281 2439 369 2474 potius
383 2439 465 2466 nauis
482 2441 557 2467 causa
573 2439 802 2472 commendatum,
825 2448 905 2474 quam
924 2439 1075 2465 celeritatis.

347 2121 495 2157 [α’ρτεμισιά
503 2124 514 2155 ]

892 548 962 574 Nam
982 551 1027 578 (vt
1047 547 1085 573 ait

911 653 968 680 Vid.
985 655 1082 681 Lucan.

499 765 591 798 Nempe
611 764 736 794 Pacorus,
751 761 900 788 Parthorum
917 771 970 788 rex.
1007 762 1082 799 Conf.

865 1800 934 1828 Add.
951 1802 1020 1828 Mar.
1034 1801 1082 1828 Vi-

502 2050 586 2076 Diana
607 2050 678 2083 (fine
691 2050 766 2077 Luna
780 2049 833 2082 est)
855 2049 888 2075 sic
903 2048 989 2078 dicia,
1009 2047 1080 2082 quasi

550 2121 650 2153 Herba,
672 2121 700 2146 de
718 2129 766 2155 qua
775 2118 816 2152 fic
834 2119 900 2144 Plin.
914 2125 959 2148 25,
972 2118 993 2151 ’7
1017 2117 1035 2142 s.
1050 2118 1083 2148 36

43 2164 82 2181 um
101 2155 226 2189 narraffit
245 2157 276 2183 ab
290 2156 430 2184 Artemisia
451 2164 535 2182 vxore
555 2155 669 2181 Mausoli
693 2155 843 2187 adoptatam
865 2151 991 2192 herbam,
1012 2160 1081 2187 quae

42 2190 163 2217 'arthenis
183 2185 344 2223 'voc-abatur,
370 2190 465 2217 addit:
501 2190 565 2215 Sunt
594 2190 642 2223 qui
669 2188 702 2215 ab
724 2188 861 2214 Artemide
879 2187 990 2220 Ilithyia
1014 2194 1081 2215 arte-

32 2225 130 2258 'e'fiam
143 2227 356 2260 cognominatam
374 2230 481 2260 putent,
507 2224 636 2259 quoniam
657 2225 786 2259 priuatim
810 2223 950 2251 medeatur
968 2224 1081 2251 femina-

26 2250 37 2270 ”’
63 2270 90 2288 ιιι
102 2260 186 2288 malis.
223 2261 292 2287 Add.
307 2260 426 2287 Scribon.
442 2261 497 2287 106.
533 2260 620 2288 Diosc.
636 2269 660 2294 3,
675 2265 712 2290 118
731 2267 755 2286 et
769 2269 820 2293 119.
858 2260 937 2295 Apul.
952 2259 984 2286 de
992 2260 1077 2287 Herb.

29 2295 34 2317 ἕ
66 2305 102 2325 ιθ.
135 2295 225 2324 Barth.
238 2296 272 2323 ad
284 2297 379 2332 Script:
392 2297 479 2323 Venat.

1135 200 1212 228 genus
1219 211 1227 223 ‚
1248 197 1332 226 nempe

1128 227 1268 266 spenſsvzr:
1289 226 1338 262 fid

1551 109 1677 149 AR
1740 111 1785 151 T
2108 124 2187 170 466

1352 193 1482 232 vasawilla
1501 200 1601 229 conica,
1623 208 1683 234 quae
1699 199 1852 237 sanguinem
1870 209 1886 227 a
1905 201 1978 228 corde
1998 206 2025 229 in
2045 212 2133 242 corpus
2150 208 2187 235 di-

1350 231 1459 261 nonjme
1473 236 1550 267 graui
1563 244 1645 260 errore
1659 245 1673 261 α
1688 239 1852 263 communione
1864 240 1971 263 nomt'nzr
1984 246 2054 272 orto,
2070 243 2135 276 quod
2142 251 2189 278 pu-

1137 270 1203 290 taret
1209 299 1212 302 Α
1213 264 1334 302 spiritur
1334 263 1359 298 fi
1368 268 1435 290 acris
1445 270 1518 292 ettam
1530 268 1574 294 hos
1586 273 1683 296 canales
1697 270 1747 304 effi.
1781 272 1882 299 Plinius
1895 281 1926 306 11,
1935 281 1976 308 37,
1986 275 2003 300 s.
2015 280 2043 305 88
2064 277 2116 303 Vbi
2130 280 2188 306 sum

1097 333 1100 338 .
1138 306 1233 330 nerui,
1256 303 1400 339 interiores
1410 301 1560 329 conducunt
1573 306 1706 339 membra,
1722 308 1870 343 superiores
1883 317 2018 337 reuocant.
2056 312 2128 339 Inter
2142 314 2189 342 1102

14 333 31 377 i}
43 340 168 373 «tussam,
185 339 264 367 Gloss’.
281 340 337 367 Lat.
352 340 399 366 Gr.
433 339 482 373 Ap.
497 336 576 363 Plaut.
591 333 661 360 Asin.
676 342 706 365 3,
719 342 750 366 2,
766 343 793 366 19
815 341 863 370 pro
880 335 1000 368 Astutos,
1021 335 1114 370 quod5
1137 334 1218 359 latent
1237 340 1368 367 arteriae,
1393 335 1421 360 id
1442 336 1476 361 est
1496 337 1602 371 spiritus
1625 342 1740 369 semitae.
1783 344 1832 370 His
1853 344 1973 372 innatant
1992 355 2090 380 venae,
2110 349 2138 375 id
2154 351 2189 376 est

1138 369 1271 403 sanguinis
1284 370 1348 395 riui.

1384 371 1551 398 Arteriarum
1564 375 1650 408 pulsus
1659 397 1666 408 ,
1682 378 1710 403 in
1725 380 1861 406 cacumine
1876 381 1992 408 maxime
2005 383 2187 411 membrorum

1138 404 1264 437 euidens,
1283 405 1362 431 index
1380 406 1436 433 fere
1452 408 1626 442 morborum,
1643 412 1671 437 in
1685 414 1806 441 modulos
1821 422 1905 443 certos
1920 417 2043 453 legesque
2056 421 2188 454 metricas,

1137 446 1313 502 Ρει-ἀξιερῑιῐεε,
1328 441 1444 483 stabilis,
1465 450 1510 506 adt
1525 444 1618 472 citatus
1626 466 1636 486 ,ι
1651 454 1694 486 ant
1708 449 1796 476 tardus
1806 471 1813 483 ,
1828 451 1970 486 descriptus
1985 454 2018 481 ab
2033 456 2187 490 Herophilo

1137 485 1179 503 me
1201 485 1285 502 iciuae
1300 483 1359 504 vate
1392 487 1477 505 niiran
1498 489 1512 506 a
1525 486 1581 507 arte
1611 491 1721 509 nimiam
1752 494 1800 510 ro)
1837 496 1842 501 ·
1919 489 1923 493 ’
1959 490 1963 494 ’

76 525 147 547 ARS
157 516 203 545 AC
213 525 227 544 Ε
238 526 260 545 s-
295 513 455 552 [mengum]
503 509 642 544 Postremus
661 511 793 548 Persarum
813 522 842 538 ex
863 512 967 539 Parthis
986 520 1046 543 rex,
1068 521 1083 537 a
1095 519 1124 537 10
1138 511 1333 539 Obseruatione
1348 498 1434 540 ta³men
1448 515 1535 542 crebri
1550 501 1596 542 aus
1610 493 1838 553 languidipic‘Iiis‘}1
1849 487 2189 556 gl'llllffllrlll:;{ffiea¹1;g{ge{gpg-

1137 554 1218 583 perat.
1257 549 1378 575 Arteriae
1400 557 1489 577 carent
1509 552 1603 578 sensu:
1629 562 1690 580 nam
1707 560 1733 581 et
1752 556 1794 581 san

1136 587 1250 619 imperite
1263 585 1362 620 quidam
1368 583 1530 620 statuebant,

1136 620 1273 646 continent
1297 620 1437 655 spiritum,
1465 623 1585 657 praecisis

1136 656 1180 683 Ad
1198 656 1308 682 arterias
1327 666 1419 693 quoque
1433 661 1561 693 pertinet,

1096 695 1121 721 15
1136 691 1269 727 postremo
1283 691 1362 719 fibras
1374 693 1463 720 subter
1472 700 1556 721 totam
1570 704 1582 721 c

1136 734 1216 754 tatem
1230 734 1348 755 tenuanti

1137 764 1169 790 lis
1188 763 1285 790 humor
1304 763 1337 791 ab

1797 557 1884 589 guine.
1906 562 2012 590 (Nimis
2029 563 2074 589 hoc
2091 565 2189 600 quidem

1550 597 1565 614 a
1581 589 1672 615 Caleno
1687 593 1736 616 iam
1750 591 1875 627 refutati)
1909 604 1955 621 nec
1974 606 2065 625 omnes
2079 600 2189 628 vitalem

1587 633 1639 659 que
1659 626 1784 660 torpescit
1805 633 1908 655 tantum
1929 640 1987 665 pars
2008 642 2038 660 ea
2059 637 2188 671 corporis.

1586 660 1654 696 quod
1674 661 1765 687 adiicit
1787 663 1804 688 s.
1826 668 1856 695 89
1881 666 1968 692 Venae
1989 668 2016 695 in
2035 678 2190 704 praetenues

1585 702 1657 722 utem
1671 696 1811 732 dispersae,
1820 699 1885 725 adeo
1898 700 1926 726 in
1941 704 2073 737 angustam
2086 708 2189 736 subtili-

1351 737 1388 761 1r‚
1408 736 1436 755 vt
1449 737 1588 764 penetrare
1607 732 1710 766 sanguis
1723 742 1777 759 non
1790 734 1879 769 potiit,
1900 736 2023 771 aliudue,
2042 751 2121 775 quam
2135 746 2190 771 exi·

1353 765 1402 791 illo
1420 767 1558 802 (sanguine
1571 775 1683 794 excretus
1695 769 1772 806 scil.)
1795 770 1842 805 qui
1856 773 2037 800 cacuminibus
2058 781 2190 808 (extremis

1136 803 1238 831 exiens)
1259 800 1405 828 innumeris
1421 801 1511 834 sudor,
1525 803 1671 838 appellatur.
1707 805 1825 840 Clafficus
1838 812 1917 841 porro
1936 810 2003 836 locus
2018 810 2050 844 cst
2070 814 2137 841 Gell.
2154 822 2190 849 18,

1137 845 1175 868 10,
1193 836 1236 862 vbi
1246 839 1331 871 primo
1344 838 1532 872 reprehenditur
1546 839 1670 872 Medicus,

356 869 514 906 [οἷρσενικδν]
551 872 633 897 Genus
653 868 686 903 qli
700 870 827 904 pigmenti
843 869 918 901 lutei,
941 869 968 895 de
985 880 1030 906 quo
1048 871 1081 896 Io·
1092 879 1127 897 20
1136 871 1186 905 (de
1202 882 1247 907 quo
1260 872 1313 899 vid.
1329 876 1355 898 in
1370 875 1482 908 VENA)
1496 883 1590 901 venam
1604 876 1670 901 attin

41 905 207 941 mclafficus
224 906 290 932 Plin.
307 914 349 938 34,
365 911 389 936 18
411 906 428 932 si
443 909 482 938 36.
519 906 588 933 Add.
602 907 710 933 Vitruu.
725 911 751 938 7,
768 910 794 937 7.
817 904 900 943 *C-ell’.
913 912 934 937 ς,
948 912 969 938 ς.

42 939 198 984 BospConip.
208 949 250 975 114
273 942 364 968 Pondo
377 942 478 969 XXIIII
492 942 617 978 οἶρσεηκέ,
631 940 702 976 quod
716 939 752 965 est
765 947 1001 974 auripigmentum.

90 972 93 982 ²
120 978 191 1005 Cael.
207 978 270 1004 Aur.
286 977 387 1004 Chron.
402 987 430 1011 4,
445 986 495 1013 117.
533 977 606 1014 Conf.
624 980 852 1004 ARRHENJCVM.

659 1010 743 1037 Herba
762 1010 854 1046 ferens
871 1011 956 1047 fimen
979 1009 1083 1045 testibus

1138 943 1263 977 sanguine
1271 963 1278 975 ‚
1308 945 1336 970 in

1135 979 1232 1005 Natur.
1247 979 1326 1006 Deor.
1342 989 1365 1013 2,
1379 990 1414 1015 24
1428 991 1449 1008 c.
1464 991 1481 1015 9
1501 983 1590 1009 Venae
1606 989 1632 1010 et
1645 984 1759 1011 arteriae
1774 985 1874 1011 micare
1888 994 1943 1013 non
1958 987 2077 1017 desinunt

1137 1014 1253 1049 quodam
1269 1016 1348 1049 igneo

1173 1057 1452 1086 ARTERIACVS,
1473 1062 1497 1086 a,
1517 1063 1571 1080 um.

1685 844 1728 875 qui
1739 845 1860 868 communi
1874 849 1924 883 tum
1938 854 2021 872 errore
2039 848 2189 884 loquentium

1674 885 1735 910 gere
1750 883 1799 911 pro
1814 883 1938 905 arteriam
1952 881 2052 908 dixerat
2065 894 2073 909 :
2092 887 2191 913 tandem

1014 906 1081 970 chi-
1127 907 1224 943 finitur
1234 908 1339 934 Arteria
1348 930 1356 941 ,
1371 910 1596 944 Conceptaculum
1610 912 1717 946 spiritus
1731 913 1868 945 naturalis,
1881 915 1953 942 misti
1965 918 2119 954 confufique
2131 931 2191 949 cum

1059 951 1083 968 ic

1358 954 1412 980 quo
1437 947 1494 981 plus
1522 947 1629 981 spiritus
1659 947 1711 980 est,
1742 949 1831 975 minus
1859 950 2002 984 sanguinis.
2074 957 2130 983 Ciu,
2159 958 2190 986 de

1362 1024 1446 1044 monl-
2083 1012 2092 1025 ²
2119 994 2191 1028 quast

1616 1055 1752 1082 Arteriaca
1785 1055 1961 1085 medicamina
1999 1060 2071 1088 Cael.
2101 1063 2191 1091 Aurei.

1137 1085 1226 1126 Tard.
1239 1095 1264 1118 2,
1280 1089 1304 1113 6.
1326 1097 1386 1123 quae
1395 1089 1503 1125 prosunt
1517 1092 1629 1116 arteriis.
1674 1091 1732 1117 Vid.
1747 1101 1803 1117 mox
1815 1099 2011 1123 ARTERIACE.
2133 1097 2154 1137 ff
2175 1109 2191 1128 2

1137 1123 1307 1154 Arteriacus,
1326 1124 1461 1150 Rhcumate
1477 1125 1561 1157 fauces
1574 1124 1692 1160 affe-flas.
1729 1127 1836 1154 Cathol.

1168 1159 1369 1192 ARTERIA‘CE,
1383 1170 1417 1186 es.
1439 1160 1459 1186 f.
1469 1155 1641 1197 ’[οἰρτηριακὴ]
1678 1162 1905 1191 Medicamentum
1921 1166 1992 1200 quod
2007 1173 2032 1194 et
2040 1167 2190 1198 Diacodion

1135 1200 1247 1221 vocatur
1266 1195 1332 1221 Plin.
1348 1204 1393 1229 20,

1136 1266 1201 1292 facit
1215 1266 1247 1293 ad
1255 1267 1347 1293 omnia

1408 1204 1436 1229 19
1451 1197 1469 1223 s.
1479 1205 1513 1231 79
1532 1196 1575 1231 Est
1588 1206 1668 1224 autem
1681 1199 1816 1226 Arteriace
1825 1220 1832 1232 ,
1855 1210 1923 1228 omne
1936 1202 2145 1239 medicamentum,
2160 1207 2195 1234 ad

1407 1242 1444 1258 ns.
1480 1233 1600 1260 Scribon.
1615 1234 1690 1268 Larg,
1708 1242 1739 1269 7,·
1759 1236 1895 1263 Arteriace
1911 1246 1962 1272 qua
1969 1240 2067 1267 melior
2081 1243 2192 1276 nonest,

1361 1268 1480 1303 superius
1494 1269 1565 1296 dieta
1580 1268 1721 1303 efficacius,
1736 1277 1761 1297 et
1777 1271 1910 1306 quidquid
1923 1274 1951 1299 in
1965 1276 2062 1302 arteria
2075 1277 2139 1305 vitii
2147 1279 2192 1306 est.

1136 1302 1203 1328 Plin.
1219 1311 1257 1334 23,
1272 1311 1288 1337 7
1310 1304 1352 1329 Fit
1365 1312 1397 1330 ex
1411 1313 1492 1339 pomo
1506 1305 1673 1339 panchrestos
1687 1306 1838 1340 stomatice,
1858 1308 1949 1336 eadem
1963 1312 2091 1339 arteriace
2105 1315 2193 1349 appel-

1138 1338 1204 1370 lata,
1224 1338 1274 1364 hoc
1288 1339 1379 1366 modo.
1415 1340 1484 1367 ΛΕΜ.
1501 1341 1567 1367 Cels.
1584 1349 1606 1375 ς,
1622 1350 1659 1374 25,
1674 1350 1713 1377 17,
1734 1343 1778 1369 vbi
1791 1344 1823 1376 est
1837 1344 1985 1373 Arteriaces
2000 1349 2166 1383 compositio.

1173 1380 1193 1400 Α
1204 1381 1223 1399 R
1235 1380 1258 1400 ‘r
1268 1381 1284 1400 E
1292 1381 1311 1400 R
1322 1383 1331 1400 1
1341 1382 1360 1402 o
1369 1382 1391 1402 T
1399 1383 1418 1402 o
1427 1383 1452 1402 M
1462 1384 1470 1402 1
1480 1384 1501 1403 A
1513 1397 1521 1409 ‚
1541 1386 1579 1403 ae.
1617 1378 1689 1405 Cael.
1703 1379 1794 1405 Aurel.
1809 1379 1896 1406 Tard.
1906 1390 1925 1413 1,
1941 1390 1975 1416 45
2012 1385 2043 1410 In
2057 1385 2193 1420 Cephalaea

1056 1416 1081 1441 p.
1096 1410 1124 1436 35
1136 1409 1258 1442 curanda,
1272 1410 1339 1436 Item
1352 1412 1557 1438 arteriotomian
1572 1414 1697 1447 probant,
1717 1420 1742 1441 et
1756 1415 1872 1441 vsturam
1896 1425 1928 1443 ex
1947 1419 2072 1446 cauteriis
2085 1421 2193 1450 serratis

1137 1444 1253 1472 duorum
1266 1445 1414 1480 digitorum
1428 1447 1513 1482 spatio
1526 1449 1602 1483 snper
1615 1450 1682 1484 ipsas
1697 1450 1805 1477 venulas
1819 1451 1949 1480 effectam.

1172 1488 1425 1516 ARTHRicvs‚
1463 1483 1837 1512 vid.AR'rHR1T1cvs.

1174 1524 1196 1543 A
1205 1524 1224 1543 R
1234 1524 1255 1543 T
1264 1524 1284 1543 1-1
1293 1524 1312 1544 R
1321 1525 1330 1544 1
1340 1525 1353 1545 s
1362 1526 1372 1544 1
1383 1525 1396 1545 s
1405 1538 1414 1551 ,
1431 1518 1461 1545 is.
1499 1519 1567 1545 Idem
1580 1520 1645 1555 quod
1655 1521 1785 1547 Arthritis
1807 1521 1930 1549 Prudent,
1946 1523 2024 1550 Rom.
2037 1533 2098 1559 495.

1172 1560 1195 1580 A
1205 1560 1224 1579 R
1234 1560 1255 1580 T
1264 1560 1284 1579 H
1294 1560 1313 1579 R
1322 1555 1336 1580 1'
1345 1560 1367 1580 T
1375 1561 1385 1580 1
1394 1562 1407 1581 s
1415 1574 1423 1587 ,
1445 1553 1505 1581 i'dis.
1525 1555 1545 1581 f.
1566 1555 1714 1591 [αἰρθρῖτις]
1752 1557 1911 1585 Articularis
1924 1560 2033 1587 morbus
2041 1581 2049 1593 ,
2069 1569 2099 1588 vt
2116 1564 2194 1599 expli-

1135 1661 1177 1687 vis
1192 1662 1295 1688 cessans.

1134 1703 1269 1723 curantur.

1085 1593 1123 1618 40
1135 1595 1178 1614 cat
1198 1588 1319 1616 Scribon.
1335 1598 1386 1616 101.
1421 1592 1527 1617 Dicitur
1540 1590 1588 1617 οἷπό
1601 1602 1632 1617 τε
1645 1590 1734 1627 ἄρθρα.
1758 1595 1776 1618 i.
1791 1601 1810 1619 e.
1832 1593 1862 1619 ab
1875 1597 1991 1626 articulo,
1995 1596 2050 1630 fiue
2063 1597 2193 1626 iunc‘l’ura.

1136 1625 1193 1651 Cic.
1207 1625 1261 1651 Att.
1279 1633 1298 1656 1,
1311 1633 1325 1660 5
1344 1626 1431 1653 Dolor
1449 1627 1642 1654 Articulorum.

1697 1628 1766 1655 Hor.
1789 1629 1868 1663 Epist.
1883 1639 1902 1660 1,
1916 1638 1951 1664 15,
1965 1634 1983 1657 6
2001 1633 2114 1660 Morbus
2133 1644 2194 1662 ner-

1369 1662 1478 1689 Vitruu.
1495 1671 1521 1696 1,
1540 1665 1557 1690 6
1592 1663 1724 1691 Arthritis
1753 1664 1825 1693 inter
1850 1665 1936 1699 vitia,
1957 1676 2025 1704 quae
2051 1668 2195 1702 difficulter

1172 1739 1195 1758 A
1203 1740 1223 1759 R
1232 1740 1253 1759 T
1262 1740 1282 1759 H
1292 1738 1311 1759 R
1320 1739 1330 1760 1
1340 1739 1361 1759 T
1370 1740 1380 1759 1
1389 1739 1405 1760 C
1414 1740 1436 1759 v
1444 1741 1467 1774 s.
1488 1733 1502 1767 [
1508 1732 1667 1769 ἐρᾶριτικδς]
1685 1736 1738 1771 ,Qui
1749 1736 1848 1763 laborat
1861 1738 1943 1765 morbo
1957 1741 2099 1768 articulari.
2136 1743 2193 1770 Cic.

1135 1805 1198 1831 Alia
1212 1805 1364 1839 exemplaria
1376 1804 1466 1831 habent
1480 1804 1644 1831 Arthricum.

1174 1845 1432 1872 Aarxcvtvs,
1454 1846 1774 1874 AuricvrATmri,
1792 1848 1837 1868 etc.
1872 1843 1927 1869 vid.
1949 1852 2096 1875 ARTvs.

1171 1880 1370 1906 ARTirEx‚
1390 1879 1670 1908 ART1F1C1VM,
1690 1883 1735 1904 etc.
1773 1878 1827 1903 vid.
1849 1885 1931 1906 Ans.

1204 1917 1224 1936 R
1234 1917 1254 1936 T
1264 1916 1273 1935 I
1284 1916 1303 1936 Ο
1342 1919 1349 1935 l

1092 1952 1124 1978 50
1138 1917 1195 1977 10}K
1204 1954 1232 1972 10
1254 1930 1357 1971 Arti’uit
1369 1955 1419 1980 pro
1426 1946 1541 1972 Artauit.
1581 1947 1689 1972 Nouius
1701 1949 1814 1980 Dotata,
1832 1950 1934 1975 Artiuit
1944 1949 2066 1985 linguam
2082 1955 2110 1980 in
2125 1956 2193 1989 pala-

1136 1987 1209 2013 tum,
1226 1981 1315 2015 coepit
1330 1981 1400 2006 labia
1415 1982 1514 2014 sugere.
1551 1981 1625 2006 Idem
1640 1983 1771 2014 Hetacra,

1353 1909 1398 1942 ui,
1415 1912 1464 1936 ire.
1485 1918 1535 1945 pro
1556 1910 1655 1944 Arcto,
1675 1920 1719 1944 as,
1737 1917 1797 1945 are,
1831 1913 1916 1940 dixere
1949 1922 2059 1950 veteres,
2082 1919 2192 1947 Nonius

1789 1985 1881 2016 Qum
1899 1991 1976 2011 natus
1995 1990 2089 2015 artiuit
2112 1992 2194 2019 matri

1137 2016 1321 2043 interfeminia
1336 2016 1453 2041 fortiter.
1471 2050 1475 2054 .
1491 2016 1559 2041 Cato
1573 2015 1691 2055 deR-R.
1705 2026 1751 2050 40,
1766 2027 1778 2050 3
1796 2019 1935 2047 Surculum
1949 2022 2054 2050 aridum
2068 2034 2192 2059 praeacu-

1135 2057 1193 2077 tum
1206 2051 1277 2076 inter
1291 2050 1393 2075 librum
1405 2057 1432 2076 et
1445 2050 1554 2085 stirpem
1568 2057 1650 2077 artito
1686 2067 1733 2073 —
1769 2054 1908 2082 Surculum
1922 2057 2038 2092 aridum,
2058 2070 2138 2095 quem
2151 2072 2192 2090 ar.

1135 2086 1234 2111 tineras
1249 2085 1380 2118 eximito,
1396 2094 1428 2112 eo
1444 2087 1526 2112 artito
1539 2087 1690 2120 surculum,
1713 2098 1793 2124 quem
1807 2090 1924 2119 inserere
1937 2093 2019 2121 voles.

1094 2127 1123 2154 ς)-
1135 2120 1168 2147 ad
1180 2120 1283 2147 librum
1297 2122 1406 2148 vorsum
1419 2122 1512 2156 facito,
1531 2123 1613 2149 artito
1627 2133 1712 2159 vsque
1725 2124 1801 2158 adeo,
1810 2135 1864 2161 quo
1872 2131 2045 2162 praeacueris.
2083 2135 2142 2161 Etc.
2150 2144 2192 2169 41,

1135 2165 1152 2184 2
1172 2157 1211 2183 Eo
1223 2157 1343 2184 surculos

1135 2194 1167 2220 In
1181 2193 1294 2219 omnibus
1307 2193 1348 2219 his

2076 2097 2192 2126 Librum

1356 2163 1509 2192 praeacutos
1524 2159 1607 2185 artito
1643 2174 1689 2181 ——
1724 2160 1851 2197 obliquos
1875 2165 1957 2192 artito
1983 2166 2016 2193 ad
2038 2169 2191 2198 medullam.

1361 2194 1472 2220 Catonis
1485 2195 1547 2221 Iocis
1559 2195 1685 2232 legebatur
1698 2197 1792 2224 arcito.
1867 2200 1915 2227 Sed
1929 2200 2061 2236 ls'iHort'us
2074 2214 2104 2231 ex
2117 2207 2193 2233 libris

1132 2228 1256 2256 Mediceis
1270 2229 1352 2256 artito
1365 2229 1490 2292 νσξέίβιίί,
1511 2234 1553 2257 cui
1567 2234 1641 2258 etiam
1655 2233 1707 2259 loca
1724 2235 1805 2260 Nomi
1816 2235 1968 2263 vehementer
1981 2244 2191 2273 patrocinantur.

1130 2262 1173 2298 Est
1186 2267 1250 2291 enim
1264 2265 1308 2292 vbi
1327 2275 1353 2292 ue·
1366 2276 1396 2293 ar
1424 2276 1436 2292 e
1449 2269 1582 2293 immittere
1591 2287 1599 2299 ‚
1619 2269 1742 2304 inserere,
1763 2270 1873 2306 adigere.
1935 2273 2018 2300 Tanto
2032 2279 2115 2302 minus
2133 2287 2191 2304 con-

494 2302 523 2331 p.
537 2303 586 2328 138.
621 2296 666 2324 Ad
682 2296 781 2322 verbum
794 2298 887 2322 Latine
900 2303 1005 2323 uocatur
1016 2296 1117 2330 Dia-60
1130 2301 1260 2327 temnenda
1276 2275 1350 2328 legio

6 2342 26 2373 ’ἱ
66 2341 97 2374 «4¹7
126 2338 132 2342 ‘
145 2333 184 2360 De
202 2332 342 2359 Artemisia
358 2332 471 2369 Mazcfhli
487 2335 605 2369 coniuge,
629 2333 684 2359 vid.
699 2332 767 2359 Gell.
781 2340 824 2364 ιο,
841 2337 866 2362 18
886 2338 910 2358 et
922 2331 1031 2358 Vitruu.
1045 2341 1077 2366 2,
1132 2336 1204 2363 boiis
1219 2336 1287 2363 colla
1299 2337 1369 2364 liber
1382 2337 1474 2371 erigit,
1487 2344 1538 2373 pro
1552 2348 1598 2374 quo
1613 2338 1733 2366 Cellarius
1745 2341 1815 2367 dedit
1830 2342 1935 2370 Adtrita
1948 2343 2033 2372 baccis
2046 2354 2091 2374 etc.

1364 2305 1513 2337 optimorum
1527 2303 1649 2330 librorum
1670 2304 1792 2331 Prudent.
1807 2306 1942 2339 Psychom.
1957 2311 2040 2343 praef.
2055 2320 2082 2344 33
2101 2313 2190 2341 Artita

2149 2351 2191 2377 sic

1129 2379 1153 2398 et
1167 2372 1257 2398 Perist.
1276 2381 1302 2406 1,
1323 2380 1358 2408 72
1379 2373 1446 2400 reste
1468 2374 1561 2410 legitur
1581 2374 1613 2400 Et
1633 2374 1741 2408 chalybs
1763 2377 1844 2405 artita
1864 2379 1933 2406 colla
1956 2382 2083 2415 grauibus
2104 2385 2190 2414 ambit

1126 2407 1244 2435 circulis.

1163 2450 1186 2470 A
1196 2450 1215 2470 R
1224 2451 1245 2470 T
1255 2450 1265 2469 1
1275 2450 1296 2470 T
1306 2450 1326 2469 v
1334 2450 1356 2470 s.
1392 2444 1474 2471 Bonis
1489 2444 1631 2472 instrufihw
1645 2446 1758 2480 artibus,
1776 2449 1874 2477 Festm.

16 2458 19 2463 .
43 2480 99 2521 ᾡῇ
119 2474 205 2513 sllign
218 2475 337 2509 Schtffir.
357 2475 386 2502 de
403 2477 456 2502 mil.
468 2486 525 2503 nau.
541 2483 570 2511 p.
582 2486 625 2509 33⁰
645 2475 688 2509 effi
705 2475 774 2502 modo
793 2475 826 2501 ad
846 2475 907 2507 hoc,
926 2481 956 2500 vt
977 2484 1005 2501 ex
1026 2477 1077 2501 eius
1085 2477 1116 2510 65
1129 2489 1182 2505 mus
1190 2479 1235 2515 sub
1255 2485 1337 2506 ARS.

23 2531 26 2536 .
42 2515 43 2518 ’
72 2521 74 2526 ’
96 2517 185 2538 --ηῐιιηι
205 2512 348 2548 intelligant
366 2518 463 2538 nautae.
501 2513 591 2539 Fauere
609 2512 712 2538 videtur
727 2511 869 2538 Iauolenus
887 2511 904 2537 l.
918 2518 972 2542 242
997 2511 1028 2536 D.
1044 2509 1076 2537 de

23 2550 31 2574 ᾖ
56 2543 101 2574 [8.
119 2547 164 2574 vbi
181 2547 257 2573 nauis
276 2548 325 2574 esse
346 2553 448 2581 partem
468 2557 528 2574 cum
548 2547 672 2575 Labeone
691 2554 774 2583 negat.
985 2554 1002 2572 2
1035 2544 1077 2580 Est

28 2580 34 2604 ἓ
119 2583 250 2609 Artemon
266 2582 400 2609 trochleae
422 2592 520 2610 nornen
543 2587 571 2609 in
589 2585 704 2610 machina
720 2581 862 2618 poIJffpasto
884 2592 898 2607 a
918 2592 931 2607 u

31 2630 76 2655 f,
91 2624 107 2651 ς
130 2619 162 2644 111
179 2617 285 2650 radice,
305 2620 406 2653 inquit,
425 2617 562 2645 machinae
580 2619 725 2646 collocatur
746 2621 825 2645 tertia
845 2625 900 2644 troc
922 2617 971 2644 lca.

969 2582 1077 2609 Vitruu.

1013 2619 1078 2644 Eam

1130 2514 1231 2542 dixeris
1243 2514 1358 2550 pendens
1372 2516 1494 2543 aduersus
1510 2517 1573 2544 ocio
1586 2518 1688 2545 Artitos
1701 2520 1791 2554 viros,
1810 2522 1928 2550 valentes
1942 2525 2099 2560 vitgatores.

1931 2452 2020 2488 Itaque
2040 2454 2069 2481 de
2082 2464 2107 2482 eo
2122 2456 2190 2484 dixi-

1395 2481 1495 2507 Fundus
1507 2481 1609 2508 videtur
1622 2482 1704 2510 Plaut.
1721 2484 1791 2511 Asin.
1806 2493 1828 2517 3,
1843 2495 1865 2519 ε,
1879 2495 1908 2519 19
1929 2488 1983 2515 Vbi
1997 2490 2072 2525 saepe
2086 2494 2190 2520 causam

2147 2530 2190 2557 Sic

1130 2554 1194 2577 enim
1208 2554 1235 2577 in
1252 2554 1343 2586 optimo
1357 2553 1422 2579 libro
1433 2552 1547 2588 reperrffi
1554 2554 1584 2589 se
1590 2554 1687 2589 scribit
1703 2556 1837 2583 Turnebus
1847 2568 1896 2593 24,
1915 2569 1951 2599 35.
1971 2562 2036 2596 quod
2044 2562 2084 2596 fic
2097 2565 2190 2592 intelli-

1130 2596 1187 2624 gere
1203 2587 1293 2619 liceat,
1314 2587 1416 2624 quasise
1429 2591 1455 2614 in
1472 2589 1566 2616 iudicio
1586 2590 1728 2626 defenderit
1741 2592 1861 2629 aduersus
1880 2594 1918 2630 dij

1131 2626 1211 2650 viros.
1249 2622 1297 2650 Sed
1307 2624 1378 2650 hodie
1392 2626 1476 2661 legunt
1491 2624 1614 2658 Astutos,
1635 2627 1701 2662 quod
1714 2627 1785 2654 dedit
1801 2632 1876 2656 etiam
1888 2632 1908 2657 G

1921 2603 1987 2622 artos
2012 2604 2034 2623 rt
2053 2600 2190 2635 eloquentes

1909 2636 2055 2660 ronouiana.
2097 2636 2189 2670 Sifint

47 2659 120 2679 utem
131 2652 228 2679 Graeci
247 2652 384 2685 ἐπείγοντα,
402 2653 487 2680 nostri
501 2660 665 2681 artemonem
682 2655 825 2690 appellant.
861 2654 888 2681 Si
899 2663 959 2680 vcra
972 2652 1005 2688 est
1019 2654 1117 2687 Phi-70
1132 2658 1207 2686 artiti
1215 2658 1337 2694 seruandi
1349 2680 1358 2692 ,
1380 2663 1463 2686 malim
1477 2671 1529 2687 cum
1551 2662 1629 2697 Vqffio
1643 2665 1670 2688 in
1685 2664 1789 2698 Etymol.
1803 2674 1828 2699 p.
1843 2668 1880 2699 46
1898 2666 2012 2695 deducere
2029 2670 2059 2696 ab
2079 2672 2189 2700 artubus

44 2703 50 2709 ι
75 2685 117 2715 dri
135 2687 164 2714 de
179 2690 301 2720 ormatio,
321 2687 423 2715 videtur
437 2699 523 2716 nomen
541 2690 628 2717 habere
647 2700 662 2717 a
679 2691 752 2717 verbo
772 2691 859 2726 οἷρτᾷν.
895 2690 965 2716 Certe
983 2689 1013 2716 ab
1032 2690 1079 2717 bac

47 2722 86 2787 {a
102 2729 158 2750 troc
175 2723 212 2750 lea
227 2723 372 2751 Artemone
386 2724 486 2760 pondus
505 2726 664 2753 attollendum
683 2728 723 2754 vel
741 2724 917 2753 demittendam
933 2725 1079 2763 fi‘sPfflsum

14 2786 18 2795 ι
43 2784 44 2787 ,
71 2777 79 2790 ,
98 2758 227 2794 ᾖρτζημὲνοὶι
241 2761 297 2786 {51¹⁹-

42 3078 137 3115 spera,
154 3088 186 3107 ex
199 3081 343 3115 interiore,
362 3083 489 3111 stomachi
508 3085 591 3112 modo
609 3085 676 3113 leuis
694 3086 740 3118 sit,
759 3094 842 3120 eaque
864 3084 1018 3112 descendens
1040 3086 1073 3113 ad

46 3127 50 3142 ν
62 3115 186 3143 aecordia
198 3125 258 3142 cum
269 3117 396 3152 pulmone
406 3121 593 3148 committitur.
628 3123 652 3148 Is
666 3123 681 3148 s
695 3122 819 3156 ongiosus
838 3120 951 3155 ideoque
965 3121 1073 3156 spiritus

47 3161 110 3187 pax
129 3158 175 3179 etc.
211 3152 308 3186 Aspera
327 3155 423 3182 arteria
435 3156 496 3192 sere
511 3156 620 3188 dicitur,
632 3160 678 3194 po]
691 3167 763 3194 quam
778 3159 827 3183 alio
847 3156 916 3183 modo
935 3160 1024 3191 etiam,
1043 3165 1073 3185 vt

52 3191 114 3215 atim
127 3187 264 3214 videbimus
275 3189 373 3216 arteria
379 3191 447 3227 sumi
459 3195 546 3228 coepit.
580 3193 638 3220 Cic.
653 3193 684 3220 de
698 3194 794 3221 Natur.
809 3193 888 3219 Deor.
901 3201 928 3226 z,
941 3196 984 3226 136
1004 3203 1025 3220 c.
1039 3202 1072 3229 54
1085 3201 1114 3230 ες

63 3223 80 3251 d
92 3232 155 3251 cuni
168 3224 258 3258 aspera
270 3225 368 3251 arteria
377 3245 384 3257 ‚
404 3226 436 3253 fic
449 3227 520 3254 enim
535 3237 550 3255 a
564 3229 674 3257 medicis
687 3228 848 3265 appellatur,
867 3228 963 3255 ostium
978 3229 1074 3257 habeat

3 3266 6 3272 “
37 3290 39 3294 .
52 3259 184 3287 'mieium
198 3259 304 3294 linguae
319 3260 468 3296 radicibus,
487 3263 578 3298 paullo
591 3264 682 3300 supra,
702 3274 780 3301 quam
801 3264 834 3291 ad
847 3264 963 3298 linguam
977 3266 1072 3293 stoma-

38 3309 78 3330 21:
80 3307 81 3310 ¹
105 3295 270 3329 adnectitur,
290 3305 374 3331 eaque
387 3297 420 3323 ad
433 3298 569 3332 pulmones
581 3309 664 3336 vsque
679 3302 824 3337 pertineat,
838 3300 1004 3337 excipiatque
1017 3303 1073 3330 ani-

73 3345 93 3355 ιι
113 3340 187 3364 eam,
207 3340 275 3367 quae
295 3332 373 3359 dueta
392 3332 423 3359 fit
437 3334 547 3368 spiritu,
566 3337 729 3373 eandemque
743 3347 757 3364 a
770 3335 942 3371 pulmonibus
960 3339 1073 3374 respiret

8 3386 10 3397 .
37 3368 61 3397 ¹1*
94 3367 178 3395 ·dat:
202 3368 302 3402 tegitur
315 3368 432 3403 quodam
446 3369 517 3404 quasi
530 3372 670 3406 operculo,
688 3373 761 3408 quod
778 3372 814 3399 ob
830 3381 888 3399 cam
909 3374 1010 3401 causam
1028 3374 1072 3402 da-

90 3403 151 3445 spst,
168 3403 313 3438 ne,fiquid
327 3405 355 3431 in
369 3413 427 3431 eam
441 3405 497 3432 cibi
514 3406 585 3433 forte
597 3407 742 3442 incidisset,
762 3408 869 3443 spiritus
888 3408 1071 3443 impediretur.

49 3467 52 3478 ,
72 3441 74 3475 J
91 3454 102 3458 ψ’
118 3459 125 3466 .
140 3441 171 3466 A.
190 3439 224 3466 ad
236 3440 353 3467 Herenn.
369 3449 399 3473 3,
416 3449 444 3467 21
470 3451 492 3468 c.
512 3450 538 3468 12
568 3443 720 3471 Laeduntur
741 3445 871 3476 arteriae,
895 3440 913 3470 si
932 3451 1072 3481 antequam

20 3466 29 3481 ‘
41 3487 56 3517 4
78 3477 163 3509 ,νοτε
179 3475 325 3511 permulsae
338 3476 403 3509 sint,
422 3477 477 3504 acri
490 3477 606 3505 clamore
621 3479 812 3516 compleantur.
849 3479 935 3506 Etiam
949 3481 1073 3513 interual-

86 3512 95 3545 [
502 3514 646 3542 Recreatur
663 3517 736 3543 enim
755 3525 810 3543 vox
829 3515 941 3551 spiritu,
961 3523 988 3544 et
1004 3525 1073 3546 arte.

39 3550 108 3591 'bv'
126 3547 240 3575 ticendo
258 3549 429 3583 acquiescunt
464 3564 517 3570 ——
552 3550 732 3579 Vulnerantur
755 3552 868 3579 arteriae
894 3557 968 3579 acuta
994 3560 1073 3590 atque
1081 3567 1113 3594 95

69 3590 128 3607 ·‘-·-=v
146 3583 252 3611 animis
265 3585 454 3611 acclamatione
488 3600 534 3605 —
571 3586 666 3613 Fauces
684 3589 757 3614 enim
773 3588 897 3614 calefiunt
916 3593 942 3614 et
960 3592 1072 3618 arteriae

52 3650 53 3654 Ἰ
112 3648 115 3655 Ἰ,
151 3624 201 3646 tur.
234 3619 341 3648 Siieton.
356 3621 422 3648 Ner.
439 3628 470 3654 25
495 3620 592 3656 Neque
613 3622 760 3658 quidquam
780 3624 849 3650 serio
868 3623 981 3659 iocoque
1000 3626 1072 3664 &yffi

8 3677 10 3685 ,
80 3666 90 3672 ’“
136 3654 207 3688 ὲηὶίῐ
220 3655 336 3683 adstante
349 3656 495 3692 phonasco,
513 3658 561 3692 qui
581 3664 703 3685 moneret

140 3689 264 3726 ’,εει-ἰδοη.
279 3699 314 3727 72
340 3693 380 3719 Ad
393 3693 518 3720 arteriam
541 3694 717 3728 exasperatam
737 3694 866 3729 simplicia
885 3695 992 3729 quidem
1007 3697 1070 3726 haec

134 3725 282 3761 *aromatis
297 3727 476 3756 Alexandrina
493 3728 536 3756 vel
551 3730 750 3764 tragacanthum

143 3758 211 3790 &Et
229 3771 252 3790 c.
266 3770 298 3798 73
317 3764 359 3791 Ad
378 3770 512 3792 tumorem
530 3767 651 3793 arteriae.
700 3768 732 3793 Et
750 3776 771 3793 c.
786 3774 823 3801 74
854 3766 897 3793 Ad
913 3767 1023 3796 fluorem
1044 3777 1070 3798 et

359 3800 412 3828 ,Sic
419 3800 510 3836 paffim
522 3801 595 3829 Cael.
609 3801 700 3829 Ain-el.
723 3812 743 3828 e.
756 3811 781 3839 g.
805 3801 904 3829 Chron.
919 3811 945 3836 1,
960 3812 1000 3832 101
1020 3807 1069 3834 Ar-

94 3524 97 3532 ›
126 3511 241 3543 §oribus
256 3512 297 3538 vti
311 3512 460 3539 conueniet.

120 3824 126 3827 .
138 3811 144 3824 ι.
163 3811 167 3821 ι
194 3799 315 3826 arteriae.

0 2814 4 2822 .
16 2799 21 2803 ”
67 2800 201 2822 ARTER
210 2801 265 2828 1A,
287 2803 326 2821 ae.
357 2794 377 2822 f.
415 2795 554 2833 [οἷρτηρῖοι]
597 2798 668 2830 Iter,
689 2807 737 2834 qua
750 2797 862 2834 spiritus
883 2799 911 2822 in
929 2796 1077 2823 animalibus

49 2836 162 2864 mmeat,
182 2839 253 2866 quam
270 2828 364 2858 dietam
383 2830 431 2858 οἷπδ
451 2833 484 2858 τΞ
504 2836 580 2869 τηρεῖν
598 2832 640 2859 vir
655 2833 731 2869 ἐὲρα,
753 2843 768 2860 a
783 2832 911 2860 seruando
925 2834 1014 2859 a‘e'rem
1034 2841 1118 2869 zio-75
1130 2839 1200 2873 ἄρτος
1215 2842 1310 2874 Panis,
1328 2841 1399 2866 κόπος

58 2872 95 2893 nt.
133 2867 254 2893 Ponamus
268 2866 454 2903 defi-rrptionem
467 2868 533 2895 Celsi
548 2877 577 2902 4,
590 2878 600 2896 1
620 2870 720 2904 Exigua
735 2869 764 2896 in
777 2869 873 2896 arteria
888 2867 934 2894 sub
947 2868 1006 2903 ipsis
1019 2868 1076 2895 fau-

33 2904 35 2935 j
47 2902 104 2929 ‘bus
118 2901 219 2938 lingula
225 2902 270 2935 est,
279 2903 430 2938 (Epiglottis
443 2911 548 2932 vocatur
561 2915 576 2931 a
585 2905 698 2938 medicis)
713 2915 780 2940 quae
792 2914 853 2932 cum
863 2905 990 2939 spiramus
997 2905 1075 2932 attol-

0 2947 12 2974 ,ι
51 2944 104 2971 tur,
111 2946 170 2965 cum
177 2937 267 2965 cibum
275 2939 466 2975 potionemque
473 2941 765 2974 assumimus,arteriam
779 2941 884 2968 claudit.
921 2941 977 2975 [psa
985 2947 1074 2968 autem

31 2972 33 2979 '
45 2987 48 2997 ·
71 2975 128 3002 cria
143 2973 209 3008 dura
223 2980 249 3001 et
262 2975 447 3010 cartilaginosa
463 2976 492 3003 in
505 2983 611 3012 gutture
622 2978 739 3012 ass'urgit,
759 2977 867 3004 caeteris
884 2975 1002 3011 partibus
1014 2977 1075 3004 resi-

4 3026 6 3035 .
51 3009 85 3036 it}
115 3009 222 3036 Constat
235 3019 267 3037 ex
280 3011 385 3038 circulis
406 3012 582 3047 quibusdam,

5 3818 8 3825 .
27 3838 36 3844 ”
50 3772 109 3852 «ξ’
124 3831 216 3861 '²1:st
233 3835 414 3869 gutturis-via
431 3837 574 3871 asperatur.
637 3839 736 3865 Neutro
751 3841 820 3874 plur.
857 3839 962 3866 Lucret.
976 3849 1009 3874 4,
1025 3849 1070 3875 532

25 3880 27 3883 v
50 3877 119 3889 rm<
145 3868 200 3896 adit
217 3870 290 3896 enim
308 3879 363 3898 vox
379 3871 470 3899 fauces
489 3873 581 3907 saepe,
600 3873 717 3909 facitque
759 3874 901 3909 Asperiora
921 3874 993 3902 foras
1011 3886 1069 3912 gra.

0 3906 4 3921 ²
60 3908 104 3930 en·
118 3905 215 3932 arteria
232 3906 342 3933 clamor.

111 3943 118 3950 '
161 3945 246 3968 V01..
281 3942 304 3968 I.

1132 2695 1150 2722 s.
1166 2695 1278 2727 artibus,
1292 2698 1310 2721 i.
1319 2704 1337 2721 e.

1353 2697 1485 2729 membris,
1506 2696 1619 2741 brachiis
1627 2697 1778 2735 praesertim
1792 2700 1908 2735 robustis.

1169 2738 1191 2757 A
1199 2738 1219 2757 R
1228 2737 1250 2756 T
1259 2737 1278 2757 Ο
1287 2737 1304 2758 C
1313 2728 1334 2758 ὅ
1344 2738 1359 2758 1>
1370 2739 1390 2758 V
1400 2739 1430 2765 S,
1453 2732 1472 2758 i.
1506 2732 1671 2768 [dfe-anonas,
1690 2734 1708 2760 οἷ
1739 2735 1833 2772 οποιός]
1869 2739 1961 2766 Latine
1978 2741 2065 2769 Pistor
2084 2743 2188 2771 dicitur.

1130 2767 1223 2793 quen.
1234 2767 1286 2793 Sat.
1304 2774 1317 2800 ς
1324 2787 1333 2799 ,

1129 2803 1190 2837 copi
1204 2803 1364 2830 reuerentia.

1355 2775 1390 2803 7²
1426 2783 1472 2788 -
1508 2769 1628 2796 dextram
1647 2770 1709 2797 cohi
1731 2780 1776 2798 ere
1793 2781 1945 2806 memento,
1980 2777 2056 2805 Salua
2070 2778 2100 2805 fit
2118 2786 2188 2806 arto-

1403 2804 1527 2831 Nonnulli
1539 2805 1697 2841 Artocopon
1710 2810 1912 2844 interpretantur
1921 2813 2012 2839 Panem
2027 2814 2186 2848 elaboratum,

1417 2840 1495 2867 labor.
1534 2841 1582 2868 Sed
1595 2844 1691 2868 malunt
1702 2843 1764 2879 sere
1783 2845 1820 2871 ibi
1837 2847 1917 2883 legere
1929 2848 2074 2884 Artoptae,
2092 2850 2120 2876 de
2140 2860 2186 2886 quo

1130 2884 1195 2901 mox.
1232 2875 1332 2902 Certius
1345 2874 1378 2908 est
1392 2875 1456 2902 illud
1470 2876 1579 2903 Firmic.
1595 2883 1625 2910 8,
1644 2887 1679 2904 20
1699 2879 1808 2907 Decima
1822 2881 1918 2909 oftaua
1938 2892 1997 2918 pars
2011 2885 2103 2912 Tauri
2122 2886 2141 2912 fi
2156 2887 2186 2913 in

1130 2910 1281 2946 horoscopo
1295 2911 1378 2939 fuerit
1392 2912 1516 2945 inuenta,
1535 2913 1616 2940 faciet
1631 2920 1773 2950 artocopos
1786 2916 1829 2943 vel
1841 2918 1966 2953 pistores,
1985 2923 2029 2956 qui
2047 2921 2098 2957 ipse
2118 2923 2186 2949 locus

1122 2946 1213 2983 facere
1226 2946 1326 2974 debebat
1337 2947 1372 2974 ad
1383 2948 1548 2983 Artocopum
1562 2950 1695 2977 quenalis
1706 2951 1830 2978 tuendum.

1165 2990 1188 3010 A
1196 2989 1216 3009 R
1225 2990 1247 3010 T
1256 2990 1275 3010 Ο
1285 2990 1301 3011 C
1310 2990 1330 3010 R
1339 2990 1357 3010 E
1365 2991 1388 3010 A
1397 2991 1410 3010 s
1420 3004 1428 3016 ,
1448 2984 1506 3010 atis.
1544 2984 1714 3021 [u'pro'xqzoes]
1751 2988 1825 3014 Cibus
1837 2994 1904 3024 pane
1925 2995 1949 3016 et
1965 2999 2040 3018 carne
2059 2990 2183 3025 constans.

603 3014 754 3049 compositis
773 3013 806 3040 ad
821 3013 964 3046 imaginem
983 3022 1073 3041 earum
1082 3020 1115 3046 80
1128 3018 1278 3045 Visceratio
1297 3019 1377 3046 Gloff.
1391 3019 1479 3055 Steph.
1494 3021 1608 3057 quorsum
1621 3025 1737 3049 conuenit
1749 3023 1816 3050 Pers.
1826 3024 1876 3051 Sat.
1891 3026 1909 3052 6

51 3043 231 3078 ertebrarum,
246 3055 316 3080 quae
331 3047 359 3074 in
374 3048 447 3082 spina
462 3049 540 3080 sunt3
567 3050 605 3076 ita
624 3056 729 3082 tamen,
748 3056 777 3076 vt
796 3058 827 3075 ex
848 3053 921 3083 parte
940 3050 1074 3077 exteriore

1910 3045 1918 3058 ‚
1933 3033 1965 3059 ,Ὃ
2000 3041 2047 3048 —
2081 3029 2184 3063 oleum,

1127 3061 1313 3090 artocreasque
1327 3055 1435 3096 popello
1469 3056 1598 3096 Largior:
1618 3066 1650 3084 an
1664 3058 1809 3093 prohibes?

1164 3097 1493 3125 ARTOLAGANVS,
1512 3102 1532 3119 1.
1553 3102 1589 3119 m.
1608 3093 1815 3130 [οἷρτολοίγανος]

1126 3125 1213 3162 ἄρτος,
1229 3130 1309 3162 panis
1321 3137 1330 3153 .-

1851 3096 1934 3123 Genus
1940 3100 2019 3132 panis
2031 3097 2142 3133 delicati,
2151 3101 2184 3127 ab

1363 3134 1387 3153 et
1397 3126 1518 3160 λάγανον,
1533 3130 1660 3164 placenta.
1704 3131 1811 3158 Viliores
1829 3138 1910 3158 tamen
1922 3132 2017 3169 susse,
2036 3133 2133 3168 confiat
2152 3146 2183 3163 ex

1126 3162 1168 3189 illo
1181 3163 1239 3189 Cic.
1252 3163 1324 3191 Fam.
1339 3171 1366 3196 9,
1374 3172 1410 3190 20
1429 3164 1607 3191 Dediscendae
1621 3164 1673 3192 tibi
1686 3166 1745 3193 sunt
1757 3167 1912 3202 sportellae,
1931 3174 1958 3195 et
1972 3170 2119 3205 artolagani
2132 3173 2181 3200 tui..

1126 3198 1193 3225 Plin.
1209 3204 1252 3232 18,
1275 3207 1298 3226 11
1318 3199 1395 3226 Panis
1408 3199 1488 3234 ipsius
1498 3201 1573 3228 varia
1592 3209 1688 3236 genera
1705 3204 1828 3238 persequi
1848 3204 2039 3238 superuacuum
2055 3207 2181 3235 videtur:

1127 3234 1192 3261 alias
1205 3235 1238 3261 ab
1252 3234 1349 3261 obsoni

1351 3235 1372 3261 is
1391 3235 1531 3270 appellati,
1549 3241 1580 3263 vt
1599 3237 1742 3265 ostrearii:
1778 3239 1842 3265 alias
1861 3248 1877 3266 a
1896 3239 2016 3275 deliciis,
2032 3248 2064 3269 vt
2082 3244 2182 3272 artola-

1125 3270 1196 3305 gani.
1250 3271 1395 3298 Athenaeus
1413 3280 1425 3304 3
1434 3291 1442 3304 ,
1461 3280 1495 3306 29
1515 3272 1611 3308 scribit
1626 3276 1655 3299 in
1668 3273 1822 3309 artolagano
1828 3278 1992 3312 poniparum
2006 3281 2063 3305 vini
2076 3289 2129 3306 cum
2136 3284 2181 3317 pi·

1120 3313 1196 3342 pere,
1216 3305 1296 3339 laete,
1319 3313 1342 3333 et
1354 3307 1447 3334 modico
1462 3309 1529 3340 oleo,
1548 3315 1592 3335 aut
1608 3309 1689 3346 adipe.

1163 3349 1377 3376 ARTOPTA,
1410 3352 1448 3370 ae.
1485 3345 1498 3376 [
1512 3343 1642 3379 dfro'nrn]
1685 3344 1813 3378 Clibanus,

1076 3388 1112 3413 90
1126 3378 1156 3405 ab
1167 3375 1368 3423 §proi-,partin
1388 3382 1413 3405 'et
1431 3379 1529 3411 δπτοὲω,
1551 3389 1641 3416 coquo,
1659 3379 1725 3414 affl,
1748 3387 1838 3408 torreo.
1887 3384 2018 3419 Apron-tn,
2038 3396 2066 3411 το
2085 3387 2179 3418 σκεῦος,

1823 3344 1887 3391 sub²
1894 3356 1941 3383 quo
1947 3352 2036 3391 'panis
2055 3354 2178 3393 coquitur.

1126 3415 1149 3440 ἓν
1164 3414 1180 3447 ᾧ
1196 3413 1241 3440 riis
1256 3414 1331 3450 ἂρτες
1343 3414 1452 3441 amam
1470 3415 1565 3442 Pollux
1582 3424 1621 3449 10,
1633 3423 1675 3450 25.
1710 3417 1766 3450 Ego
1780 3416 1843 3444 hinc
1856 3424 1989 3455 artoptam
2000 3429 2035 3447 cx
2050 3422 2178 3455 proximo

1126 3450 1251 3477 vtendam
1264 3456 1328 3486 peto
1341 3451 1423 3478 Plaut.
1436 3451 1495 3477 Aul.
1510 3460 1534 3483 2,
1548 3460 1575 3485 9,
1591 3461 1617 3485 4.

1658 3450 1716 3478 Vid.
1735 3453 1843 3480 Turneb.
1855 3454 1925 3483 Adu.
1937 3466 1985 3490 14,
1997 3467 2021 3491 5.
2060 3458 2091 3483 Et
2108 3457 2178 3483 dubi-

1125 3488 1245 3512 tationem
1258 3486 1326 3513 tollit
1338 3487 1414 3514 Panis
1420 3487 1584 3522 Artopticius
1596 3487 1687 3520 Plinii,
1700 3487 1731 3513 de
1743 3487 1895 3524 quostatim.
1929 3493 2017 3518 Multa
2030 3491 2058 3518 de
2065 3493 2178 3527 Artopta

1125 3521 1288 3558 disputantur
1304 3522 1339 3549 'ad

1127 3560 1177 3590 (al.
1192 3559 1338 3593 Artocopi,

1356 3523 1448 3550 quen.
1465 3531 1495 3556 ς,
1514 3531 1542 3558 7,
1573 3523 1617 3549 vbi
1632 3529 1716 3558 nempe
1734 3525 1784 3561 legi
1801 3527 1890 3553 volunt
1907 3527 1986 3554 Salua
2005 3527 2035 3554 sit
2050 3529 2178 3562 Artoptae

1350 3559 1396 3585 vbi
1406 3558 1477 3591 vid.)
1493 3558 1658 3586 reuerentia:
1669 3558 1720 3595 sed
1731 3569 1780 3587 non
1791 3561 1871 3588 eodem
1885 3564 1954 3590 modo
1967 3566 2177 3599 interpretantur,

1124 3603 1180 3620 cum
1194 3595 1236 3620 vel
1247 3594 1422 3630 ipsumpanem
1436 3596 1611 3629 arreptitium,
1628 3595 1670 3621 vel
1681 3594 1841 3632 inspefforem
1853 3598 1878 3635 s.
1894 3598 2084 3636 dispevffatorem
2097 3602 2178 3635 panis

1125 3629 1208 3656 intelli
1225 3637 1285 3663 ant,
1306 3633 1349 3666 qui
1361 3630 1484 3666 ἀρτόπτης
1496 3629 1605 3662 dicatur,
1622 3637 1652 3656 vt
1663 3631 1785 3665 λινόπτηε,
1806 3636 1849 3669 qui
1862 3638 1928 3661 retia
1935 3634 2039 3670 seruat,
2056 3638 2101 3671 qui
2114 3638 2176 3662 vino

710 3678 719 3691 ,
736 3664 855 3693 parceret
875 3660 987 3687 arteriis.
1024 3663 1073 3690 Sed
1118 3639 1353 3701 praecfiffisvo'mns.
1389 3667 1497 3701 Propria
1511 3672 1592 3698 certe,
1610 3675 1684 3702 quam
1697 3667 1819 3701 dedimus,
1839 3673 1908 3696 notio
1925 3671 2037 3697 quenali
2056 3680 2105 3697 nvn
2116 3681 2174 3698 con·

1125 3704 1204 3728 venit.
1241 3701 1309 3728 Plin.
1322 3707 1359 3735 18,
1371 3710 1394 3728 11
1414 3702 1433 3727 s.
1448 3706 1478 3730 28
1498 3700 1610 3728 Pistores
1624 3702 1725 3730 Romae
1744 3713 1799 3730 non
1812 3705 1920 3731 fuerunt
1940 3705 1971 3731 ad
1985 3705 2115 3733 Persicum
2133 3717 2175 3734 vs-

1125 3772 1189 3814 bant
1200 3773 1324 3814 Quirites
1331 3794 1340 3807 ,

1122 3817 1175 3836 mis
1188 3816 1317 3844 gentium.

769 3739 816 3765 per
830 3732 854 3756 se
868 3730 915 3757 sub
929 3731 1016 3768 lingua
1030 3741 1178 3772 re-100que
1191 3737 1310 3770 bellurn,
1329 3738 1404 3764 annis
1416 3736 1449 3763 ab
1462 3735 1530 3763 vrbe
1543 3737 1649 3765 condita
1664 3739 1741 3774 super
1752 3740 1879 3767 DLXXX.
1917 3740 1965 3775 Ipsi
1986 3750 2081 3775 panem
2094 3743 2173 3769 facie-

1361 3773 1560 3807 mulierumque
1573 3773 1602 3800 id
1615 3783 1680 3809 opus
1694 3782 1766 3808 erat,
1780 3775 1847 3802 ficut
1860 3776 1940 3802 etiam
1959 3785 2029 3803 nunc
2047 3778 2075 3804 in
2091 3778 2173 3813 pluri-

1354 3809 1493 3842 Artoptam
1506 3808 1611 3836 Plautus
1626 3811 1757 3846 appellat,
1769 3811 1797 3837 in
1810 3810 1902 3838 fabula
1912 3821 1994 3846 quam
2006 3813 2173 3842 Aululariam

1123 3845 1241 3880 scripsit,
1261 3847 1359 3886 (Iocum
1377 3844 1447 3870 modo
1468 3843 1596 3878 dedimus)
1621 3855 1717 3881 magna
1736 3846 1772 3873 ob
1790 3846 1818 3873 id
1835 3848 2032 3875 concertatione
2052 3849 2171 3876 erudito-

1088 3903 1095 3912 ,
1123 3890 1202 3914 rum,
1223 3890 1256 3908 an
1275 3891 1299 3907 is
1315 3889 1349 3908 ve

516 3907 538 3947 q
563 3917 581 3936 2
610 3910 730 3938 Arterias
749 3913 824 3937 etiam
844 3910 929 3937 dixere
951 3917 1166 3953 venarum105nis
1180 3917 1327 3950 sententia,

1350 3881 1406 3907 rsus
1426 3880 1521 3906 Poetae
1538 3880 1570 3907 sit
1589 3881 1679 3909 illius:
1703 3889 1859 3917 certumque
1876 3882 1908 3909 fit
1918 3884 1951 3911 A.
1963 3885 2048 3911 Atteii
2064 3886 2171 3920 Capito-

1348 3924 1448 3951 coqnos
1469 3921 1526 3942 tum
1545 3926 1639 3952 panem
1654 3918 1816 3947 lautioribus
1829 3927 1946 3954 coquere
1963 3920 2070 3948 solitos:
2092 3920 2171 3955 pisto-

1423 3951 1452 3978 N
1470 3960 1489 3979 n
1504 3960 1524 3978 n
2072 3963 2169 3989 resque
