2474 4182
289 162 345 203 ¹35
706 130 977 184 ADV⁷
1796 134 2026 176 ADV
2372 141 2435 195 136

294 245 364 266 sams
377 252 421 258 ....
436 238 498 264 dum
512 236 647 263 aduiueret
665 231 816 265 (Lazaro).
854 227 1060 263 Dzffimidandum
1073 238 1121 254 nori
1136 226 1179 262 est,
1193 228 1233 254 hic
1247 226 1334 261 dcdffl}
1426 231 1446 250 A
1457 230 1503 250 nv
1513 232 1528 250 1.
1538 232 1558 251 A
1569 233 1589 252 T
1599 233 1617 252 ο
1627 233 1646 252 R
1657 233 1689 252 11³.
1699 247 1708 258 ,
1729 225 1796 252 Adu.
1818 225 1925 259 August.
1940 223 2018 259 Epist.
2035 228 2078 256 148
2097 232 2136 258 pr.
2163 225 2189 251 Si
2204 223 2388 260 perfuneiorie
2399 230 2436 252 at.

299 276 449 304 frobenium,
473 272 569 299 dumad
583 272 692 296 viueret.
747 266 775 290 Et
799 265 854 290 vult
873 265 987 296 Cxuucius
1008 264 1078 290 Obis.
1099 269 1122 295 8,
1136 268 1174 295 36.
1196 275 1223 289 m
1243 265 1336 301 legibus
1393 269 1442 295 que
1455 259 1606 286 adulatorie
1620 270 1661 287 res
1676 269 1777 296 agatur.
1799 262 1872 296 (son—f.
1902 261 2025 287 Nonium
2041 268 2060 291 1,
2074 268 2129 291 203.
2425 272 2430 275 ⁴

296 311 405 337 laudatis
419 316 442 334 et
457 310 539 334 multis
553 308 612 332 aliis
627 311 684 337 quac
698 300 782 336 adfer!
796 308 902 326 veterum
923 301 998 331 Iocis,
1018 299 1219 334 praepnjiti'oncm
1242 307 1283 326 AD
1306 298 1339 324 ati
1431 303 1451 322 A
1462 302 1479 321 Ι)
1489 303 1507 320 V
1518 302 1533 320 Ι,
1545 302 1564 320 A
1574 303 1594 321 N
1604 304 1624 322 T
1635 297 1677 323 ΕΚ
1687 317 1695 329 ,
1714 297 1787 323 aliud
1809 297 1876 323 Adu.
1912 297 2032 331 Fulgcnt.
2045 295 2235 330 Contin.Virg.
2250 305 2276 330 p.
2291 303 2330 328 153
2349 295 2437 324 Vanae
2464 319 2465 323 ,

291 345 440 382 praecedens
456 344 551 369 uerbum
561 340 639 369 tiuhi,
660 335 783 362 Donecad
797 337 881 369 viuet,
899 335 1068 370 Qiamdiuad
1083 336 1195 361 vixerit:
1216 335 1286 371 idque
1301 334 1338 360 ili-
1395 331 1479 358 laudis
1494 331 1624 364 appetitus
1637 332 1701 359 falsa
1715 333 1854 359 adulanter
1868 333 1975 366 ingesta,
1995 332 2069 357 velut
2083 331 2192 366 propria
2203 337 2316 365 reputat.

295 392 333 411 ,γ’
353 388 380 406 ut
393 379 488 414 quoad,
505 385 550 402 sss,
603 372 649 399 Sed
669 379 696 397 ut
715 382 742 398 m
757 382 805 398 vno
823 373 946 408 alteroque
965 371 1027 397 illud
1046 381 1093 396 non
1109 370 1145 405 Jit
1164 371 1320 406 improbabile
1331 381 1339 398 ,·
1359 372 1372 399 5
1435 375 1455 394 A
1468 374 1484 393 D
1495 374 1512 392 V
1525 374 1539 392 1.
1551 368 1569 391 :5
1580 373 1594 392 Β
1605 365 1615 391 i
1626 374 1681 394 LlS
1709 375 1733 394 et
1747 378 1769 394 e.
1798 368 1855 402 Qui
1874 368 2013 394 blanditiis
2028 367 2134 394 moueri
2150 367 2241 400 potest.
2261 367 2360 392 Ennius
2371 367 2438 401 apud

297 425 376 443 mmm
390 417 441 441 104,
455 407 713 442 t=x1nsti·iptionibus
725 415 748 434 ct
761 408 880 435 Tertull.
895 408 955 434 adu.
971 408 1052 433 Marc.
1066 416 1086 433 c.
1104 415 1131 439 19
1146 406 1272 442 produHa
1293 409 1341 433 cri·
1398 403 1520 431 Nonium
1537 411 1558 431 ε,
1573 404 1624 433 659
1645 403 1714 429 Huic
1723 404 1758 430 est
1773 405 1877 430 animus
1891 403 2084 439 propitiabilis,
2106 402 2143 428 ita
2157 407 2182 427 et
2201 401 2353 428 adulabilis.
2387 402 2438 436 Sit,

292 461 322 489 Pl
338 461 384 477 non
399 448 503 484 postium.
1398 438 1548 466 Adulabilis
1566 438 1661 479 sermo,
1675 439 1810 478 sententia.
1830 441 1962 466 Ammian.
1983 449 2022 473 14,
2042 448 2072 465 11.
2094 444 2120 464 et
2134 446 2167 470 31.
2183 445 2217 463 12.
2406 454 2414 466 2

337 494 357 513 A
368 494 384 512 D
395 492 412 509 x·
425 492 438 509 ι.
448 489 467 507 A
477 500 484 512 ,
506 481 584 505 Mons
600 480 758 506 Germaniae
768 499 775 512 ,
798 479 863 506 vnde
876 479 975 505 Rhe-nus
988 480 1070 503 oritur
1090 484 1136 503 erc.
1434 482 1454 501 A
1465 482 1481 500 D
1492 482 1510 500 v
1520 482 1535 500 L
1546 481 1566 500 Τ
1576 481 1590 499 Ε
1602 480 1619 499 R
1629 493 1636 503 ,
1653 475 1702 500 ἐτι,
1722 475 1837 509 [μοιχός]
1864 476 2106 512 Vntlesocmininum
2128 481 2149 500 A
2159 480 2177 500 D
2187 481 2206 499 v
2216 480 2232 498 L
2242 479 2317 499 TER
2328 480 2359 499 A.
2392 473 2438 500 Pe.

336 529 356 547 Λ
369 528 384 546 D
396 523 557 548 x'LC13R‹)‚
578 519 629 541 are.
651 516 788 550 [ἔλκηποιῶ]
817 515 896 541 611)Πῖ
916 515 963 540 Gr.
981 515 1038 539 Lat.
1399 511 1461 542 stus,
1480 509 1590 536 Adulter
1606 515 1630 534 et
1645 507 1772 536 Adultera
1788 511 1923 543 dicuntur,
1946 512 2009 547 quia
2025 511 2105 537 etille
2120 509 2152 535 ad
2166 509 2286 537 alteram,
2301 513 2327 534 et
2339 508 2439 537 haecad

335 563 355 581 Α
366 562 383 580 r>
394 560 411 577 v
423 560 438 578 1,
448 559 463 578 13
474 571 481 583 ‚
502 558 551 578 AD
563 559 581 577 v
594 559 608 577 1,
619 559 626 577 1
636 560 658 577 s.
677 549 809 585 [Ἄδκλις]
824 559 843 577 A
854 558 871 577 n
883 558 901 576 v
912 558 927 576 1,
937 557 1004 576 ιΤυ
1014 556 1051 580 N,
1073 547 1207 582 Oppidum
1221 548 1255 574 est
1264 548 1343 574 mari·
1357 555 1386 573 10
1401 548 1512 573 alterum
1534 547 1558 572 se
1575 544 1724 571 conferunt.
1761 547 1923 579 Quaeritur,
1942 547 2081 582 Aegisthus
2095 544 2215 580 quareiit
2228 543 2314 570 fabius
2325 543 2441 572 adulter:

298 592 391 618 timum
408 588 435 613 in
448 587 678 621 Troglodytarum
694 588 814 621 regione,
831 586 944 617 aseruis,
954 585 1023 619 quia
1037 584 1153 609 dominis
1163 585 1345 618 profugerant,
1401 584 1430 609 ln
1446 588 1552 616 promtu
1567 581 1640 607 causa
1653 580 1697 609 est,
1711 580 1853 608 desidiosus
1871 590 1925 609 erat
1940 583 2022 609 Ouid.
2042 583 2114 608 Rem.
2130 582 2188 607 Am.
2203 583 2253 606 161.
2289 579 2399 606 Adulter
2410 581 2438 607 in
2465 603 2468 608 .

297 624 443 653 conditum,
465 623 556 649 emicet
575 633 658 649 nomen
672 623 753 654 hahet,
772 623 840 648 Plin.
862 625 887 653 6,
903 630 944 653 29.
991 622 1058 646 Hinc
1072 619 1244 646 Adulitanum
1264 629 1346 645 monu-
1400 619 1490 652 aliqua
1505 618 1597 643 Tacit.
1614 618 1677 641 Anu.
1694 624 1714 647 3,
1731 618 1953 649 24.Pseudo-Cic,
1968 619 1994 645 jn
2008 618 2109 645 Sallust.
2122 626 2146 643 21
2165 617 2215 643 Tu
2229 615 2352 642 omnium
2370 624 2439 643 men.

296 667 402 686 mmtum
429 668 512 685 nomen
530 659 618 691 habes,
656 659 721 694 quoti
749 656 803 694 post
823 659 886 684 alios
904 656 989 683 edidit
1016 654 1119 682 Fabric.
1158 655 1216 682 Bib.
1237 656 1283 681 Gr.
1305 656 1344 681 Τ.
1400 655 1486 680 sarum
1503 653 1600 679 assi-cla.
1618 652 1739 678 omnium
1760 652 1946 681 cubiculorum
1966 655 1994 681 in
2013 660 2097 680 aetate
2118 653 2214 688 pellex,
2234 658 2259 678 et
2272 651 2344 677 idem
2355 651 2439 685 postea

295 705 311 724 2
327 706 350 731 p.
367 698 428 729 604.
1402 689 1514 715 adulter.
1558 688 1678 715 Callidus
1693 687 1797 714 adulter
1817 689 1897 715 Ouid.
1918 692 2010 717 Amor.
2023 699 2042 722 1,
2064 699 2101 721 10,
2116 698 2142 722 4.
2178 687 2327 714 Dardanius
2339 690 2358 713 i.
2371 687 2438 715 Parit

334 740 354 759 Λ
365 739 382 758 D
393 739 411 757 V
424 737 466 757 Lo
476 737 493 757 R
503 751 512 762 ‚
533 730 580 755 :iri-
608 731 711 763 [σαι’νω,
731 727 863 762 κολακεύω,
883 725 992 760 θωπεᾶω,
1007 725 1161 760 ὖποθωπεύω,
1173 727 1345 759 μειλίσσομαι]
1362 728 1386 753 15
1402 726 1476 758 Virg.
1485 726 1549 750 Aen.
1562 733 1596 761 10,
1606 733 1644 755 92.
1669 725 1808 750 Fratermis
1826 727 1843 750 i.
1859 724 1985 760 Thyeste-1,
1997 730 2039 762 qm·
2054 735 2107 752 cum
2116 723 2440 760 Astropefratrissuim
2451 726 2461 737 ‘¹

297 767 434 798 Adulatio,
455 769 535 801 inquit
552 766 657 792 Nonius
672 774 690 797 ι,
704 774 734 799 57
756 767 791 790 est
802 763 1015 790 Blandimentum
1028 763 1136 796 proprie
1146 771 1254 788 canum:
1274 760 1346 795 quod
1401 770 1477 786 vxor.-
1485 762 1603 792 conmujit
1611 759 1772 786 adulterium
1781 760 1842 785 Stat.
1850 760 1946 794 Silu.5,
1959 767 1995 795 58.
2029 761 2141 788 Nitidus
2162 763 2179 785 i.
2193 760 2291 786 Connus
2298 760 2440 794 Hor.3,a4¹,
2450 773 2456 788 ,ι

296 810 323 830 et
336 803 368 830 ad
381 802 502 829 homines
517 801 630 827 tracium
645 800 834 827 consuetudine
847 799 892 825 est.
931 800 997 824 Hinc
1010 801 1080 833 Junt,
1100 801 1142 833 qui
1155 798 1184 822 ab
1199 797 1254 830 ἐρᾷ,
1268 796 1346 822 cauda
1403 804 1445 821 23.
1468 795 1626 821 Nocturnus
1640 795 1763 822 Hor.Od.
1775 804 1796 827 3,
1807 797 1842 828 16,
1857 805 1883 829 4.
1912 797 2006 824 Claud.
2018 797 2049 824 de
2063 795 2212 824 Bell.Gild.
2227 798 2271 829 167
2292 794 2372 820 Instat
2384 794 2440 822 Vir.

297 839 419 871 derint-nt,
439 836 547 874 quastflt
562 836 684 863 adurari:
706 838 751 863 alii
765 846 779 862 α
799 834 863 867 δέλῳ
872 834 954 870 [ε’-110.
993 835 1055 860 Sunt
1069 843 1109 869 qiu
1125 833 1245 858 adollam
1259 831 1346 867 confu-
1403 830 1510 864 ginibus
1526 837 1632 865 raptor,
1651 831 1773 858 thalamis
1788 831 1941 858 obscoenus
1954 833 2067 860 adulter.
2104 834 2197 859 quen.
2213 831 2264 857 Sat.
2277 832 2304 863 6,
2317 832 2366 863 236
2392 829 2441 858 Ab.

315 878 379 905 iant,
400 882 422 900 et
438 872 563 909 parastum
576 872 658 899 „imos
672 871 713 905 ‹sti-
726 871 839 898 adollari
852 877 897 896 etc.
941 870 1011 895 Certe
1033 870 1142 904 Scaliger
1159 874 1238 894 monet
1252 867 1286 892 ati
1306 868 1347 892 Pe·
1405 867 1476 892 ditus
1497 866 1598 892 interea
1620 867 1697 900 latet,
1717 875 1742 893 et
1764 868 1876 893 secretus
1903 867 2015 895 adulter.
2077 868 2183 896 Sororis
2208 865 2457 894 aduirerCiodiim

289 885 371 945 Jgiimn
392 913 418 936 in
435 910 508 937 MSS.
522 918 567 934 mx
580 910 655 935 aliter
670 907 712 941 est}
722 929 729 939 ,
769 917 822 933 uam
836 906 945 932 adolari.
982 905 1048 930 Aula
1058 906 1140 938 placet
1155 905 1231 933 aliis,
1250 902 1346 938 quodni
1357 911 1391 929 20
1403 903 1459 928 Cic.
1475 911 1523 936 pro
1536 902 1605 928 Sext.
1620 911 1659 935 39.
1711 904 1889 929 Temerarius
1905 904 1988 930 Ouid.
2007 904 2073 931 Fast.
2086 913 2113 937 2,
2128 911 2178 937 335.
2233 901 2347 928 Adulter
2359 910 2392 928 an
2402 901 2454 936 figi

298 945 428 980 Aulafint
440 945 597 971 adulatores.
643 944 689 971 Sol
702 917 790 979 quidni
809 942 838 968 ab
851 941 917 967 Aula
935 943 991 966 anti
1010 949 1102 969 norum,
1121 948 1180 974 quae
1200 938 1280 964 cadem
1294 937 1347 978 olla
1403 938 1451 972 qui
1466 937 1642 972 deprehensus
1658 938 1693 964 est
1713 939 1741 965 in
1761 939 1899 974 lupanari?
1918 939 2027 973 Quin&
2042 948 2069 976 7,
2084 949 2107 972 3,
2123 942 2148 966 6.
2204 938 2363 964 Adulterum
2377 937 2442 973 occis

296 981 350 1016 est?
371 981 418 1009 St‘ts
431 981 489 1007 haec
504 990 578 1006 vana.
616 979 832 1005 Potiusvi'dcamns
845 977 920 1012 vfiim.
958 977 1015 1002 Co.
1029 983 1056 1009 7,
1077 983 1113 1006 12,
1128 982 1139 1007 5
1161 975 1238 1000 Canes
1252 974 1348 1008 minffi-
1402 974 1465 1000 dere
1481 974 1543 1000 licet
1562 973 1672 1007 Qiinet.
1688 982 1710 1007 5,
1731 984 1773 1007 ιο,
1793 984 1824 1008 39
1837 982 1882 1001 ert.
1934 975 1983 1001 Sed
2003 984 2057 1001 non
2074 975 2123 1002 nisi
2145 984 2205 1002 cum
2232 973 2352 1002 adultera
2375 973 2441 1002 Μ
2455 984 2460 999 r

296 1022 331 1045 mi
346 1018 432 1044 furem
446 1025 553 1051 qnoque
566 1015 713 1041 adulantur.
750 1012 831 1039 Ouid.
846 1013 910 1051 Met.
929 1020 970 1050 14,
985 1012 1021 1043 46
1040 1009 1067 1036 de
1082 1010 1176 1050 Circe,⁸
1189 1011 1289 1050 Perque
1310 1010 1348 1035 fe·
1404 1019 1461 1043 104.
1619 1008 1638 1047 ἢ
1662 1018 1677 1036 2.
1700 1011 1828 1038 feminini
1842 1011 1971 1038 Adultera
1983 1011 2041 1037 haec
2053 1012 2160 1046 exempla
2167 1011 2251 1046 sunto.
2272 1008 2457 1039 Catonullffli

297 1063 386 1081 rarum
412 1054 511 1087 Agmen
525 1051 678 1077 adulantum
691 1048 778 1075 media
794 1047 912 1082 procedit
928 1056 956 1072 in
969 1046 1035 1072 aula.
1074 1047 1129 1072 Cic.
1145 1047 1236 1072 Diuin.
1259 1054 1273 1072 2
1295 1055 1316 1071 c.
1332 1054 1348 1071 z
1403 1045 1552 1072 adulteram
1567 1054 1621 1072 non
1635 1045 1744 1072 eandem
1758 1047 1805 1072 esse
1822 1047 1967 1073 veneficam
1982 1046 2050 1073 dixit
2078 1047 2187 1080 Qiineh
2202 1054 2224 1079 5,
2241 1055 2273 1078 11,
2289 1054 2328 1079 39.
2362 1044 2458 1073 0111ιῖ1

298 1091 394 1124 Neque
413 1097 494 1123 porro
516 1087 551 1112 ita
570 1093 614 1112 aut
633 1085 752 1112 adulatus
772 1090 815 1109 aut
830 1083 975 1109 admiratus
996 1082 1132 1108 fortunam
1152 1082 1209 1108 suin
1223 1081 1347 1113 alterius,
1362 1089 1392 1115 25
1403 1083 1468 1108 Met.
1485 1090 1529 1114 io,
1549 1083 1599 1114 346
1636 1081 1719 1107 Tune
1735 1083 1787 1108 eris
1801 1088 1826 1108 et
1847 1084 1939 1109 matris
1959 1083 2064 1118 pellex,
2086 1089 2112 1109 et
2131 1082 2251 1109 adultera
2278 1081 2377 1116 patris?
2420 1085 2460 1114 [t

297 1132 327 1152 vt
342 1134 383 1151 ine
398 1132 470 1150 meae
485 1122 641 1157 poeniteret.
680 1121 736 1147 Cic.
750 1119 802 1146 Off.
819 1128 839 1151 1,
853 1128 880 1152 91
896 1128 917 1144 c.
932 1121 964 1144 26
976 1117 1130 1145 Cauendum
1144 1117 1196 1150 est,
1216 1126 1248 1143 ne
1270 1118 1348 1143 ass‘en-
1404 1118 1524 1152 Myrrha.
1561 1116 1686 1145 Coniunx
1710 1117 1793 1144 Ouid.
1808 1119 1900 1145 Amor.
1917 1127 1938 1152 3,
1956 1129 1985 1153 4,
2006 1127 2046 1153 37.
2100 1119 2233 1144 Lacaenae
2253 1118 2390 1144 adulterae
2429 1146 2435 1152 ,
2452 1126 2459 1145 ι’

297 1160 428 1187 tatoribus
444 1159 630 1193 patefaciamus
645 1165 729 1188 aures,
750 1164 797 1181 nec
810 1155 914 1181 adulari
929 1163 976 1180 nos
991 1153 1118 1180 sinamus:
1137 1153 1202 1190 quod
1215 1155 1254 1180 uel
1272 1153 1348 1189 pasti-
1403 1154 1492 1179 mosus
1507 1152 1599 1187 hospes
1619 1154 1686 1178 Hor.
1701 1153 1753 1179 Od.
1763 1162 1790 1185 ⁷3,
1805 1162 1827 1186 3,
1842 1162 1872 1187 25
1899 1157 1916 1180 i.
1932 1157 2006 1181 Paris
2022 1155 2137 1181 Helenae.
2155 1153 2259 1188 Turpis
2273 1152 2356 1180 Ouid.
2370 1151 2458 1188 Epa?

296 1206 326 1222 ve
345 1198 426 1230 accipi
436 1192 526 1230 potest,
542 1191 677 1219 celafliue.
714 1191 822 1218 Plcbem
837 1190 940 1217 adulari
956 1190 1016 1216 Liu.
1032 1198 1072 1222 23,
1088 1199 1113 1222 4.
1150 1189 1219 1216 Add.
1233 1190 1301 1215 Tac.
1317 1189 1348 1214 A.
1406 1198 1439 1221 13,
1454 1197 1500 1220 133.
1555 1188 1638 1215 Ouid.
1658 1188 1735 1223 Epist.
1750 1191 1775 1221 6,
1791 1198 1829 1221 133
1864 1190 1999 1225 Turpiter
2018 1191 2065 1217 illa
2078 1190 2169 1217 virum
2189 1189 2316 1224 cognouit
2329 1186 2458 1222 adultssssan

296 1235 335 1263 16,
351 1240 388 1264 19,
403 1241 420 1264 4
433 1237 455 1256 et
471 1229 538 1255 Hil't.
553 1238 573 1260 1,
588 1237 626 1260 32,
643 1236 667 1254 2.
722 1226 833 1254 Eiusdcm
854 1226 921 1252 Hist.
937 1235 971 1259 4,
991 1234 1028 1259 49
1040 1224 1074 1258 est
1095 1224 1227 1251 Adulandi
1251 1225 1347 1251 libido.
1404 1225 1491 1259 virgo.
1590 1225 1691 1259 Virgo,
1718 1224 1752 1250 ad
1763 1232 1866 1251 aetatem
1884 1226 2006 1262 refertur.
2185 1222 2206 1261 ff
2224 1234 2237 1257 3
2254 1225 2386 1258 Adulter,
2397 1224 2458 1261 [ἓν

296 1267 408 1294 Adulari
423 1265 512 1291 alicui.
550 1263 682 1297 Qinftii.
696 1271 722 1295 9,
737 1272 757 1295 3.
778 1272 816 1297 pr.
833 1261 985 1288 Verborum
999 1269 1065 1287 vero
1079 1261 1178 1295 figurae
1192 1267 1218 1287 et
1232 1267 1347 1286 mutatae
1360 1270 1393 1295 3ο
1404 1262 1523 1286 Amatorc
1541 1262 1615 1286 etiam
1635 1267 1707 1286 extra
1725 1263 1866 1297 coniugium
1879 1281 1887 1294 ‚
1924 1269 1953 1288 vt
1974 1272 2014 1297 ap.
2035 1261 2118 1288 Ouid.
2140 1260 2255 1287 Heroid.
2291 1261 2338 1296 Ep,
2355 1260 2460 1294 Ἆρ’-’ξύν

296 1304 355 1329 sunt
370 1303 478 1336 semper,
499 1306 524 1326 et
538 1306 670 1334 vtcunque
685 1299 771 1325 valuit
784 1297 956 1329 consuetudo,
976 1303 1121 1323 mutantur.
1159 1298 1250 1332 Itaque
1265 1296 1282 1322 si
1303 1306 1347 1322 an·
1404 1297 1472 1322 Hor.
1503 1295 1553 1322 Od.
1576 1305 1601 1329 1,
1636 1303 1662 1328 33
1700 1305 1718 1329 9
1754 1298 1843 1330 Quam
1875 1298 1948 1332 turpi
1968 1298 2067 1325 Pholo'e'
2094 1302 2182 1332 peccet
2202 1296 2335 1324 adultero.
2405 1296 2453 1324 sic·

294 1339 402 1373 tiquum
417 1338 565 1364 sermonem
578 1334 668 1361 nostro
682 1342 879 1369 comparemus,
899 1341 980 1367 paene
993 1333 1047 1358 iam
1060 1332 1189 1368 quicquid
1208 1332 1348 1367 loquimur
1402 1331 1553 1368 alibisacpe.
1606 1317 1688 1358 Ouid.
1704 1331 1736 1358 de
1753 1333 1817 1358 Arte
1832 1333 1891 1359 Am.
1907 1341 1933 1366 2,
1947 1335 1997 1369 637
2014 1348 2060 1353 --
2077 1342 2137 1359 cum
2149 1332 2268 1359 nominis
2287 1337 2358 1360 extat
2393 1360 2395 1362 ,
2433 1345 2454 1357 -n

296 1374 380 1408 figura
395 1374 446 1399 est:
465 1378 503 1404 vt,
529 1373 584 1398 Hac
597 1380 625 1398 re
641 1370 774 1402 inuidere,
794 1379 849 1396 non
862 1375 891 1395 vt
902 1377 994 1395 omnes
1006 1375 1117 1401 veteres,
1131 1375 1157 1395 et
1165 1369 1260 1396 Cicero
1275 1377 1348 1403 prae·
1402 1374 1453 1400 ter,
1489 1370 1507 1393 i.
1538 1369 1640 1403 Qiipcr
1661 1367 1812 1394 mendacium
1825 1370 1952 1405 gloriatur
1965 1370 1994 1395 de
2006 1369 2130 1396 amoribus
2136 1369 2258 1406 feminae.
2424 1375 2452 1403 41
2471 1374 2474 1382 “

296 1411 373 1446 cipue
388 1409 452 1436 hanc
466 1417 536 1436 rem:
567 1414 609 1440 et,
631 1406 786 1433 incumbere
801 1406 860 1437 illi,
879 1414 934 1431 non
948 1406 975 1431 in
988 1404 1079 1430 illum:
1108 1410 1134 1430 et
1146 1405 1255 1431 Plenum
1270 1405 1346 1437 vino,
1403 1403 1533 1436 Adulter,
1551 1407 1610 1429 item
1629 1413 1656 1429 ue
1669 1403 1814 1436 Adultera,
1832 1405 1861 1430 de
1875 1405 1966 1431 brutis.
2012 1404 2089 1431 Pardi
2097 1405 2197 1431 semine
2211 1403 2338 1439 permisto
2355 1403 2453 1439 gentis

295 1455 351 1473 non
366 1445 439 1472 vini:
469 1450 511 1476 et,
532 1443 620 1475 Huic,
638 1450 692 1468 non
707 1442 775 1468 hunc
789 1440 917 1472 Adulari,
937 1440 990 1466 iam
1005 1440 1119 1466 dicitur:
1151 1446 1176 1466 et
1189 1441 1266 1467 mille
1279 1441 1346 1467 alia:
1361 1450 1389 1476 33
1404 1449 1487 1475 quum
1511 1440 1582 1466 forte
1623 1448 1719 1466 caenae
1750 1440 1925 1468 Nobiliorem
1945 1446 2053 1467 vtcrum
2080 1440 2178 1467 viridis
2199 1440 2321 1475 corrupit
2343 1439 2452 1467 adulter·
2469 1447 2472 1454 ’

296 1482 452 1515 vtinamque
465 1489 519 1505 non
533 1479 625 1513 peiora
639 1478 756 1504 vincant.
794 1477 898 1503 Potenti
912 1476 1015 1502 adulari
1037 1476 1105 1511 Nep.
1121 1484 1161 1509 25,
1181 1482 1210 1508 8,
1227 1479 1252 1503 6.
1292 1478 1347 1503 Sin-
1403 1475 1545 1503 Claudian.
1566 1476 1643 1502 Cous.
1662 1475 1735 1502 Mall.
1753 1476 1863 1502 Theod.
1879 1485 1937 1509 302.
1981 1478 2019 1504 De
2033 1475 2114 1503 eadem
2127 1486 2155 1503 re
2174 1476 2241 1503 Plin.
2257 1482 2280 1509 8,
2295 1477 2324 1503 16
2357 1474 2451 1503 Odore·

299 1517 370 1552 gulis
385 1516 532 1543 amicorum
547 1513 690 1540 Alexandri
703 1528 748 1533 --
762 1512 897 1539 adulantes
911 1514 985 1539 Curt.
1001 1521 1030 1545 4,
1049 1521 1069 1544 1,
1090 1521 1126 1545 19.
1172 1513 1238 1546 Regi
1254 1511 1290 1538 Id.
1308 1522 1347 1545 ie,
1402 1512 1480 1547 pardi
1499 1511 1601 1538 coitum
1626 1512 1705 1538 sentit
1724 1512 1752 1537 in
1773 1512 1892 1539 adultera
1919 1513 1979 1546 leo,
2006 1517 2115 1547 totaque
2136 1512 2165 1539 vi
2185 1512 2321 1547 consurgit
2340 1511 2370 1538 in
2412 1514 2420 1517 ”

297 1562 325 1586 4,
342 1560 374 1586 15.
412 1551 481 1578 Adii.
496 1550 587 1577 Rau'cr.
604 1550 637 1575 aci
651 1550 725 1576 Curt.
745 1549 764 1575 f.
782 1554 826 1578 118.
866 1547 1022 1583 Προσκόνησιν
1044 1557 1138 1608 iquoque
1158 1549 1288 1583 Persarum
1303 1549 1348 1574 hoc
1403 1557 1473 1574 nam.
1649 1545 1670 1584 ff
1691 1556 1702 1580 ς
1724 1547 1836 1575 Adulter
1850 1548 2008 1581 solidorum,
2026 1552 2044 1575 i.
2058 1555 2190 1584 corruptor
2202 1555 2311 1575 monetae
2325 1519 2452 1575 Coum

296 1589 371 1615 verbo
385 1587 499 1613 denotari
510 1586 578 1612 docet
594 1587 616 1612 Ι.
633 1587 658 1611 F.
676 1587 782 1610 Gronou.
796 1583 830 1610 ad
843 1583 903 1610 Liu.
918 1592 944 1615 9,
965 1588 998 1612 18.
1027 1585 1043 1608 Ιί
1056 1592 1136 1618 emiliae
1152 1586 1178 1609 in
1190 1584 1275 1611 MStis
1289 1593 1347 1610 ncn-
1405 1584 1458 1610 tius
1479 1583 1497 1609 l.
1513 1590 1525 1615 5
1546 1584 1576 1609 C.
1591 1582 1648 1608 Th.
1664 1583 1696 1609 de
1709 1584 1774 1610 falsa
1787 1590 1904 1611 moneta.
2053 1580 2057 1583 .
2413 1587 2425 1608 A

296 1633 421 1660 nunquam
436 1621 557 1658 confundi
563 1631 615 1647 cum
630 1620 756 1646 Adorare.
778 1619 850 1655 Cous.
865 1626 886 1645 A
896 1626 913 1645 D
924 1626 943 1645 v
952 1626 968 1645 L
979 1625 1000 1644 A
1009 1626 1030 1644 N
1040 1626 1053 1645 s
1074 1626 1098 1644 et
1117 1626 1137 1645 A
1148 1626 1166 1646 D
1177 1627 1195 1646 v
1206 1627 1253 1646 LA
1262 1627 1283 1646 T
1294 1627 1313 1646 v
1324 1627 1346 1646 s.
1357 1633 1394 1658 40
1440 1626 1461 1646 A
1472 1626 1491 1645 D
1499 1626 1519 1644 v
1529 1626 1545 1644 L
1555 1626 1575 1645 T
1586 1625 1602 1645 F.
1613 1625 1630 1644 R
1640 1639 1648 1650 ,
1673 1627 1696 1651 a,
1722 1629 1776 1646 um.
1823 1621 1930 1647 Numus
1951 1619 2056 1646 adulter
2074 1618 2198 1646 Tertull.
2224 1618 2257 1645 de
2274 1618 2377 1645 Poeriit.
2395 1620 2447 1650 (εὖ

297 1659 420 1687 Tertull.
442 1658 473 1684 dc
493 1657 598 1683 Ieiunio
621 1677 625 1682 .
649 1676 654 1682 .
677 1676 682 1682 .
710 1655 786 1682 Vnde
804 1662 830 1681 et
844 1655 933 1689 quiin
954 1653 1036 1680 idolis
1058 1655 1193 1681 comendis
1212 1661 1237 1681 et
1252 1656 1280 1682 in
1294 1656 1347 1682 aris
1405 1655 1497 1682 Clanis
1512 1654 1634 1680 adultera
1661 1655 1744 1681 Ouid.
1766 1657 1822 1682 Art.
1836 1665 1859 1688 3,
1874 1659 1933 1690 643.
1988 1656 2083 1683 Crines
2098 1654 2214 1681 adulteri
2229 1655 2297 1681 Hor.
2318 1654 2370 1681 od.
2380 1663 2402 1688 1,
2413 1651 2447 1688 ffl

297 1695 423 1722 ornandis
444 1700 469 1720 et
489 1693 521 1720 ad
543 1692 654 1728 lingulas
675 1692 754 1718 horas
773 1690 914 1717 salutandis
933 1689 1093 1722 adulantur,
1125 1691 1291 1717 curationem
1310 1692 1349 1718 fa·
1405 1700 1442 1724 19.
1496 1690 1560 1716 Arte
1581 1689 1701 1716 adultera
1714 1691 1783 1717 Tac.
1797 1692 1829 1718 A.
1844 1700 1917 1725 14,1,
1933 1699 1954 1724 5.
2006 1692 2083 1718 Mens
2104 1690 2186 1717 Ouid.
2207 1691 2363 1724 Am.3‚4,5.
2396 1689 2453 1718 Mi*

298 1740 358 1758 cere
371 1731 504 1758 dicuntur.
1403 1727 1479 1753 nium
1493 1726 1644 1752 adulterum
1659 1726 1725 1752 Plin.
1740 1736 1778 1759 33,
1792 1735 1810 1762 7
1828 1727 1852 1754 b.
1870 1737 1890 1754 e.
1907 1726 2042 1763 reprobum.
2098 1726 2226 1754 Adultera
2245 1726 2317 1753 culta
2328 1725 2449 1753 Prudens

335 1775 357 1794 A
366 1774 385 1793 D
395 1767 415 1792 <r
426 1773 441 1791 L
450 1772 469 1791 0
480 1785 487 1796 ‚
512 1765 525 1797 [
535 1763 671 1795 μιιλίσαω]
706 1759 803 1792 Vetuste
824 1758 919 1786 dicium
933 1767 983 1795 pro
996 1759 1116 1787 Adulari,
1154 1761 1210 1788 Cic.
1224 1761 1308 1788 Tusc.
1323 1771 1350 1794 2,
1404 1764 1526 1789 Haniart.
1547 1771 1573 1788 v.
1582 1763 1636 1792 216,
1658 1764 1675 1787 i.
1689 1771 1749 1798 ager
1761 1764 1835 1789 malis
1841 1763 1979 1798 fiminibus
1991 1762 2089 1796 olgli‘tus.
2411 1775 2414 1781 ·

298 1810 330 1835 24
344 1811 365 1828 c.
380 1810 407 1827 ιο
428 1809 456 1825 ex
474 1799 569 1828 Accio,
591 1798 639 1836 sec.
666 1797 738 1836 Non.
755 1804 774 1827 1,
790 1802 821 1829 57
880 1829 885 1834 ι
1014 1829 1019 1834 ¹
1360 1811 1394 1837 45
1440 1804 1695 1829 ADVLTERIO,
1713 1798 1782 1824 onis.
1818 1799 1887 1825 Idem
1900 1802 1944 1834 qui
1964 1798 2086 1824 Adulter.
2143 1798 2214 1824 Citat
2233 1796 2379 1824 Laberium
2391 1791 2446 1824 Nm,

404 1835 480 1861 Tum
493 1835 583 1860 [CCOre
596 1840 688 1872 0P1¹J¹0
703 1834 780 1863 farta:
794 1837 819 1856 et
840 1830 931 1869 smmi?
949 1829 1060 1861 affatim,
1405 1833 1465 1859 nius
1480 1842 1505 1865 z,
1521 1842 1558 1865 12,
1588 1839 1611 1858 et
1628 1832 1716 1864 addit,
1748 1833 1863 1867 Qiemli
1873 1834 1933 1868 quis
1947 1834 2035 1868 legere
2050 1833 2188 1866 voluerit,
2208 1832 2250 1859 ibi
2269 1833 2410 1866 inueniet,
2421 1837 2442 1859 et

405 1871 563 1904 clangorem
579 1867 668 1894 fundit
682 1866 798 1893 vastum:
816 1871 842 1892 et
856 1865 968 1905 sublime
983 1865 1110 1892 aduolans
1204 1900 1207 1903 Ι
1404 1869 1483 1895 fidem
1498 1869 1613 1894 nostram
1629 1869 1673 1894 sua
1688 1868 1829 1904 diligentia
1845 1869 1993 1896 adiuuabit.
2037 1868 2095 1896 Vid.
2111 1875 2137 1895 et
2150 1869 2220 1895 Gell.
2234 1871 2298 1904 16,7
2325 1868 2453 1896 Vbiinnm

404 1906 514 1933 Pinnata
528 1903 610 1930 cauda
628 1903 748 1929 nostrum
768 1902 857 1928 adulat
874 1901 1037 1935 sanguinem.
1241 1900 1349 1934 venusta
1403 1904 1478 1929 verba
1491 1904 1666 1937 praelicenter
1671 1903 1739 1939 Jifla
1761 1914 1777 1931 a
1789 1905 1892 1932 Laberio
1906 1905 1987 1942 refert
2011 1912 2035 1932 ει
2053 1904 2267 1938 adulterionem,
2298 1897 2451 1932 adulterit—8⁴*>

292 1940 409 1979 pistura,
426 1951 480 1967 cum
495 1939 676 1966 adulationem
690 1939 834 1963 animalium
848 1940 875 1962 in
889 1937 978 1963 blando
990 1936 1080 1963 caudae
1093 1942 1159 1962 motu
1173 1935 1253 1970 intffi’,
1273 1944 1349 1972 appa·
1404 1944 1512 1973 temque
1530 1947 1579 1972 pro
1594 1938 1738 1965 adulterio,
2413 1954 2418 1961 .

297 1984 360 2005 reat.
403 1976 460 2003 Vid.
474 1975 553 2002 Ouid.
570 1974 633 2000 Met.
649 1982 687 2006 14,
702 1974 746 2004 263
765 1975 834 1998 cuius
847 1971 920 2010 verba
933 1971 1019 2010 damur
1031 1975 1058 1996 in
1073 1971 1198 1998 Adulare.
1243 1973 1348 2000 Luci-et.
1359 1986 1390 2010 30
1440 1980 1546 2001 ADVL
1556 1980 1577 2000 T
1589 1971 1605 2000 ἓ
1614 1980 1677 2006 RO,
1696 1978 1747 2000 are.
1766 1975 1910 2008 [μοιχεύω]
1938 1975 2213 2010 Adulteriostuprare.
2249 1976 2320 2002 Suet.
2335 1975 2365 2001 in
2425 1978 2428 1981 ’

298 2021 323 2048 5,
345 2021 406 2047 1072
427 2011 455 2038 de
466 2011 567 2037 canibus
588 2010 679 2043 Longe
693 2008 748 2034 alio
756 2007 833 2042 paeto
842 2012 951 2046 gannitu
959 2013 1033 2032 vocis
1043 2006 1158 2046 adulant.
1192 2008 1236 2045 ‘Sic'
1244 2008 1348 2040 paffiue,
1404 2010 1439 2040 67
1460 2008 1618 2034 Adulterare
1631 2015 1774 2036 matronas.
1805 2011 1922 2046 Absolute
1942 2011 1997 2037 Cic.
2018 2010 2050 2037 de
2063 2012 2155 2045 Legib.
2171 2019 2190 2043 1,
2205 2019 2238 2044 43
2273 2010 2379 2037 Latroc·

301 2048 410 2076 Adulati
429 2052 503 2074 erant
522 2046 555 2072 ab
577 2045 695 2071 inimicis
715 2050 740 2070 et
759 2044 877 2070 ass‘entati
890 2042 954 2068 Cass.
969 2042 1084 2067 Hemina
1095 2049 1136 2074 ap.
1156 2041 1280 2066 Priscian.
1294 2046 1307 2070 8
1321 2050 1346 2074 p.
1402 2042 1570 2072 adulterare,
1599 2044 1752 2070 testamenta
1773 2046 1930 2079 supponere.
1957 2065 1961 2066 ⁷
1991 2046 2042 2074 Illa
2060 2052 2102 2079 te,
2127 2045 2145 2073 si
2161 2046 2341 2078 adulterares,

301 2093 357 2120 79¹-
394 2084 434 2111 Sic
455 2082 512 2110 Val.
526 2082 596 2108 Max.
612 2091 639 2113 4,
655 2089 666 2112 3
681 2085 732 2106 ext.
752 2088 771 2112 4
794 2079 926 2113 Diogenes
941 2076 1080 2109 Syracusis,
1101 2085 1161 2102 cum
1181 2076 1255 2102 olera
1270 2076 1296 2102 ei
1312 2076 1347 2102 la·
1403 2085 1458 2102 non
1471 2075 1581 2102 auderet
1590 2077 1744 2110 contingere
1758 2079 1829 2103 Gell.
1843 2088 1881 2111 10,
1889 2089 1929 2111 23-
1965 2082 2036 2115 Ergo
2048 2082 2100 2109 tibi
2123 2083 2208 2114 soror,
2221 2087 2258 2109 ¹vt
2270 2081 2340 2109 hone

300 2120 376 2147 vanti
391 2119 538 2153 Aristippus
553 2117 671 2148 dixisset,
692 2116 718 2142 Si
738 2113 893 2147 Dionysium
913 2112 1021 2139 adulare
1033 2112 1125 2144 velles,
1145 2111 1193 2137 ista
1207 2121 1261 2138 non
1274 2112 1348 2138 esses:
1403 2112 1464 2138 beas
1481 2111 1592 2143 liberos,
1611 2111 1813 2138 adulterandum
1822 2113 1859 2138 est
1876 2114 1944 2139 Cest.
1953 2122 1993 2147 ap.
2008 2116 2068 2142 Seri.
2084 2103 2111 2147 3³
2120 2119 2213 2143 Contr.
2229 2125 2266 2144 12.
2398 2109 2404 2137 ζ
2440 2134 2441 2139 ,

301 2157 389 2184 Immo
399 2176 406 2188 ,
427 2155 531 2189 inquit,
551 2153 578 2180 Si
600 2159 628 2179 tu
642 2152 689 2178 ista
704 2152 752 2178 esse
767 2150 856 2182 velles,
876 2158 930 2175 non
943 2148 1062 2175 adulares
1084 2147 1249 2180 Dionysium.
1307 2149 1349 2174 Ita
1363 2159 1391 2186 53
1407 2149 1454 2174 Per
1468 2147 1633 2182 metaphoram
1639 2145 1754 2182 JiibieHa
1766 2157 1792 2173 re
1797 2147 1880 2181 simili
1892 2149 2074 2181 rcmssnceram
2086 2157 2249 2184 corrumpere.
2285 2152 2354 2178 plin.
2368 2150 2406 2184 12⁵,
2421 2143 2439 2184 7
2448 2144 2449 2154 ¹

301 2193 377 2220 MSS.
397 2194 492 2226 oprimi.
530 2190 635 2225 Pighius
646 2187 680 2214 ad
692 2188 715 2214 h.
728 2189 744 2213 Ι.
759 2189 833 2212 etiam
851 2185 1016 2212 Columellae
1027 2192 1053 2219 7,
1068 2191 1123 2217 12,5
1138 2182 1236 2211 'tribuit
1249 2193 1277 2209 ex
1291 2184 1348 2211 MS.
1404 2184 1481 2218 Piper
1495 2183 1604 2217 longum
1616 2182 1746 2209 facillime
1760 2182 1925 2210 adulteratur
1933 2183 2114 2209 Alexandrino
2126 2184 2218 2218 sinapi.
2252 2185 2309 2210 Cic.
2317 2194 2368 2219 pro
2375 2185 2449 2212 R'ost*

301 2229 362 2254 Vet.
377 2228 454 2253 Inscr.
470 2227 569 2252 Murat.
586 2226 647 2257 1645
660 2224 729 2249 Deos
743 2231 792 2257 pro
805 2231 847 2248 me
867 2221 1014 2247 adularent.
1070 2218 1214 2246 Tribunus
1229 2219 1350 2245 militum
1405 2221 1482 2246 Com.
1498 2227 1525 2254 17
1555 2218 1712 2245 Adulterare
1726 2218 1837 2245 tabulas.
1894 2218 2052 2245 Adulterare
2065 2228 2127 2245 eum
2141 2219 2230 2245 aiebat
2243 2218 2324 2246 rebus
2338 2220 2435 2245 caeteri
2466 2221 2467 2224 ’

301 2262 448 2290 adulandus
463 2268 518 2288 erat
533 2261 591 2287 Val.
607 2261 677 2286 Max.
694 2267 716 2291 τι,
732 2266 758 2293 7,
774 2266 806 2291 15.
843 2256 949 2284 Tribus
969 2265 1023 2282 non
1040 2256 1197 2286 cii-cumini,
1218 2256 1350 2282 centurias
1405 2258 1424 2282 i.
1444 2264 1517 2291 aeque
1530 2254 1649 2290 fallacem
1669 2253 1712 2288 eff?
1746 2255 1830 2281 Plaut.
1851 2254 1973 2281 Bacchid.
1991 2263 2017 2288 2,
2038 2263 2061 2286 3,
2080 2263 2122 2288 34.
2176 2254 2231 2281 Cic.
2246 2253 2279 2281 de
2292 2254 2399 2281 Amicit.
2412 2262 2436 2286 9.
2472 2271 2474 2280 1

301 2308 357 2326 non
373 2298 480 2325 adulaui
495 2297 592 2323 Auson.
611 2296 686 2322 Grat.
701 2294 758 2320 Aa.
773 2303 794 2320 c.
811 2301 832 2327 5.
875 2294 1016 2327 Quemque
1036 2300 1067 2317 ex
1083 2291 1194 2317 cohorte
1209 2291 1350 2326 imperato.
1407 2301 1428 2318 c.
1444 2299 1474 2323 23
1510 2291 1602 2323 Qium
1618 2296 1704 2316 autem
1720 2291 1842 2320 omnium
1855 2299 1946 2317 rerum
1961 2290 2094 2316 simulatio
2109 2289 2145 2317 est
2160 2290 2258 2317 vitiosa
2271 2290 2364 2322 (tollit
2377 2290 2436 2316 enin
2450 2288 2474 2353 Δΐ

302 2335 343 2362 ria
364 2342 389 2361 et
416 2332 639 2369 probrosissimum
665 2330 807 2357 adulabant
827 2328 1004 2357 Mamertinus
1031 2328 1124 2361 Paneg.
1146 2327 1246 2353 Iuliani
1265 2336 1287 2353 c.
1309 2336 1349 2353 20.
1361 2331 1396 2355 60
1408 2327 1540 2353 iudicium
1560 2326 1634 2358 veri,
1661 2326 1743 2361 idque
1764 2325 1913 2358 adulterat)
1941 2332 1997 2352 tum
2018 2326 2153 2352 amicitiae
2170 2332 2300 2361 repugnat
2323 2325 2453 2351 maxime*

301 2369 440 2402 Κολακεύω,
461 2369 581 2400 blandio,
595 2367 683 2397 adulo,
698 2365 826 2398 adsertor,
848 2364 962 2391 ancillor
976 2363 1055 2390 Glois.
1071 2364 1131 2388 Vet.
1407 2363 1464 2389 Cic.
1479 2371 1528 2396 pro
1545 2361 1678 2396 Cecin.'73
1697 2371 1718 2388 c.
1732 2364 1766 2389 26
1803 2362 1883 2396 Qiod
1899 2362 1970 2388 enim
1991 2361 2028 2388 est
2041 2362 2082 2388 ius
2096 2362 2195 2394 ciuile,
2222 2361 2296 2396 quod
2310 2369 2399 2396 neque
2409 2361 2436 2388 in

339 2414 360 2433 A
370 2413 387 2433 D
397 2413 417 2432 v
428 2413 443 2432 L
453 2412 505 2432 AN
514 2412 526 2431 s
535 2421 543 2435 ,
568 2403 629 2430 ntis.
684 2403 761 2429 More
782 2400 947 2428 adulantium
968 2398 1170 2434 procubuerunt
1184 2398 1243 2424 Liu.
1258 2407 1299 2431 30,
1316 2400 1352 2425 16.
1408 2398 1480 2425 riceii
1494 2397 1576 2432 gratia
1585 2417 1593 2431 ,
1610 2406 1695 2432 neque
1712 2398 1842 2438 perfringi
1857 2398 1974 2433 potentia
1983 2418 1991 2430 ,
2011 2405 2098 2433 neque
2110 2397 2255 2424 adulterari
2268 2397 2382 2432 pecunia
2392 2397 2448 2432 poi·

301 2441 413 2470 Blandas
427 2449 536 2467 mouere
550 2441 664 2474 pcra'e'ra
680 2438 790 2470 caudas,
817 2436 915 2463 Nostra
936 2445 968 2462 ue
982 2435 1116 2461 adulantes
1132 2435 1261 2461 comitant
1274 2434 1352 2460 vesti-
1408 2434 1457 2461 sit?
1491 2435 1529 2460 De
1549 2433 1683 2460 Mercibus
1698 2435 1738 2468 Jic
1756 2434 1891 2470 usurpatur
1907 2444 1922 2460 α
1942 2434 2009 2460 Plin.
2032 2442 2074 2466 12,
2097 2442 2133 2460 12.
2187 2433 2243 2459 Cic.
2257 2433 2285 2458 in
2300 2433 2391 2459 Par-tit.
2403 2439 2437 2466 90

300 2479 345 2513 gia
358 2477 439 2504 Ouid.
454 2477 517 2503 Met.
539 2485 578 2510 14,
598 2477 652 2507 263.
696 2475 773 2500 More
792 2482 820 2499 ac
835 2473 889 2499 ritu
904 2481 918 2498 a
939 2471 1070 2498 ulantinm
1084 2479 1178 2496 canum
1194 2471 1264 2496 Gell.
1278 2479 1301 2503 5,
1313 2479 1352 2504 14.
1407 2469 1537 2504 Voluptas
1556 2475 1676 2496 naturam
1696 2469 1760 2496 boni
1781 2470 1912 2496 fallaciter
1925 2469 2056 2496 imitando
2076 2469 2215 2495 adulterat.
2271 2468 2333 2503 le.
2348 2468 2367 2494 1.
2381 2475 2401 2495 1.
2417 2467 2435 2495 ii

300 2515 357 2541 Cic.
373 2513 404 2539 de
421 2513 505 2539 Amic.
519 2520 552 2544 99
573 2512 669 2545 Aperte
683 2510 833 2536 adulantem
846 2517 925 2534 nemo
943 2517 998 2534 non
1018 2506 1107 2538 videt,
1126 2506 1175 2532 nisi
1195 2506 1243 2541 qui
1262 2506 1352 2532 admo·
1363 2514 1394 2546 65
1409 2506 1455 2533 fin.
1469 2506 1495 2532 ff.
1517 2506 1556 2532 De
1570 2506 1647 2532 seruo
1661 2514 1730 2533 corr.
1767 2506 1814 2532 Vel
1828 2505 1913 2532 actori
1927 2505 2020 2538 suasit,
2041 2505 2095 2532 siue
2109 2504 2216 2537 verbis,
2238 2503 2292 2530 fiue
2303 2503 2400 2539 pretio,
2410 2503 2436 2532 ’τι

301 2549 366 2576 dum
381 2548 417 2574 est
431 2556 531 2574 excors.
568 2548 680 2583 Compar.
700 2545 774 2580 Qid
786 2544 948 2576 adulantius,
972 2552 1051 2578 quam
1066 2542 1163 2569 delicta
1176 2551 1232 2569 non
1243 2542 1353 2577 exsequi
1407 2542 1525 2569 rationes
1539 2541 1682 2568 dominicas
1697 2541 1882 2574 intercideret,
1908 2542 1950 2568 vel
1964 2541 2145 2574 adulteraret,
2170 2540 2213 2567 vel
2229 2540 2310 2566 etiam
2322 2545 2351 2566 vt
2369 2539 2446 2567 ratius

301 2584 424 2613 Tertull.
435 2583 494 2610 adu.
512 2583 593 2609 Marc.
609 2591 628 2614 1,
650 2590 689 2616 27.
1409 2587 1469 2604 nem
1483 2577 1533 2605 sibi
1554 2578 1712 2603 commissam
1733 2576 1862 2603 turbaret.
1919 2579 1998 2603 Etiam
2013 2577 2042 2603 de
2055 2575 2155 2609 bestiis,
2180 2577 2247 2603 Hor.
2264 2575 2346 2611 Epod.
2361 2577 2405 2608 163⁴
2433 2586 2445 2609 ι

338 2627 360 2647 Α
370 2627 388 2647 D
399 2626 418 2646 V
429 2627 445 2645 L
455 2625 477 2645 A
486 2625 507 2645 T
518 2626 537 2644 v
548 2626 560 2644 S
570 2637 578 2649 ,
610 2626 634 2649 a,
658 2626 711 2643 uni.
733 2614 915 2651 [προσκυνήσας]
934 2615 1010 2641 Humi
1020 2610 1170 2650 prostratus.
1207 2614 1266 2640 Val.
1282 2615 1353 2640 Max.
1409 2614 1497 2641 Mirus
1510 2622 1601 2646 amor,
1627 2613 1702 2639 iuuet
1713 2618 1742 2638 vt
1757 2612 1837 2648 tigres
1851 2612 1983 2639 subsidere
1997 2612 2100 2645 ceruis,
2120 2612 2295 2639 Adulteretur
2309 2617 2336 2638 et
2349 2619 2380 2638 co
2412 2615 2416 2617 ’
2456 2617 2474 2639 ’.ο

301 2665 330 2690 4,
343 2664 360 2691 7
381 2661 433 2681 ext.
448 2663 461 2680 2
479 2653 507 2680 de
519 2661 598 2679 matre
612 2655 698 2684 Darii,
715 2652 1001 2686 Hephaestionemque,
1022 2650 1085 2685 qnia
1099 2650 1124 2676 ei
1139 2655 1164 2675 et
1172 2649 1260 2676 forma
1274 2655 1299 2676 et
1306 2651 1354 2676 sta·
1408 2650 1443 2677 ba
1455 2649 1565 2682 miluio,
1599 2651 1617 2675 i.
1635 2658 1650 2675 a
1662 2650 1745 2675 miluio
1754 2655 1802 2683 per
1813 2646 1961 2674 adulterium
1973 2651 2081 2674 ineatur.
2413 2648 2423 2656 '

302 2698 361 2719 tura
375 2690 535 2726 praestabat,
555 2697 630 2715 more
644 2688 780 2714 Persarum
794 2687 909 2719 adulata,
929 2693 1054 2721 tanquam
1069 2685 1248 2713 Alexandrum
1257 2686 1352 2712 saluta·
1361 2698 1397 2725 70
1444 2692 1467 2712 A
1476 2692 1494 2712 D
1503 2692 1523 2711 v
1532 2692 1548 2711 L
1557 2692 1579 2712 T
1589 2682 1632 2711 ἔκ
1641 2691 1686 2711 OR
1696 2704 1704 2718 ,
1724 2685 1772 2711 ari.
1791 2683 1983 2718 [μοιχεύομαι]
2009 2684 2074 2718 Dep.
2088 2682 2194 2709 laudant
2227 2682 2284 2710 Cic.
2299 2681 2352 2710 Offi
2365 2683 2442 2718 15⁴⁴!an
2457 2699 2462 2712 ,

302 2728 351 2754 vit.
388 2725 424 2752 Id.
440 2728 466 2758 6,
481 2734 492 2757 3
509 2731 559 2751 ext.
580 2733 591 2750 2
611 2723 781 2750 Athenienses
793 2723 972 2757 Timagoran,
992 2723 1062 2748 inter
1075 2720 1194 2748 officium
1215 2722 1352 2748 salutatio·
1409 2731 1431 2748 c.
1446 2728 1474 2753 35
1511 2720 1690 2753 Latrocinari,
1706 2719 1846 2752 fraudare,
1868 2719 2031 2752 adulterari,
2052 2725 2130 2754 turpe
2143 2717 2200 2751 est,
2226 2718 2271 2745 sed
2284 2717 2442 2772 dicitur&

303 2764 345 2789 nis
367 2762 480 2788 Darium
504 2769 595 2795 regem
617 2768 692 2786 more
715 2758 801 2793 gentis
823 2758 897 2784 illius
920 2757 1057 2783 adulatum
1086 2758 1193 2792 capitali
1220 2757 1352 2792 supplicio
1407 2756 1547 2789 obscoene.
1603 2755 1649 2784 Sed
1659 2757 1770 2782 meliores
1783 2756 1950 2788 adulterare,
1970 2762 2000 2782 vt
2013 2755 2132 2782 vidimus.
2377 2759 2381 2770 ²
2405 2766 2413 2781 r

301 2799 455 2825 affecerunt.
570 2818 571 2821 ,
647 2793 667 2832 ff
699 2802 711 2820 2
739 2793 833 2829 Paffiue
862 2792 971 2820 Adulati
1004 2798 1098 2825 erant,
1131 2793 1248 2820 Hemina
1285 2792 1353 2829 apud
1442 2799 1492 2819 AD
1503 2800 1549 2819 vL
1560 2798 1693 2819 TERAT
1704 2799 1764 2824 vs,
1783 2800 1814 2824 a,
1830 2801 1884 2818 um.
1905 2792 1976 2818 Suet.
1991 2792 2019 2818 in
2034 2791 2107 2818 Caes.
2119 2795 2154 2824 48
2190 2789 2331 2818 Libertum
2348 2803 2360 2820 μ

303 2834 427 2865 Priscian.
447 2837 460 2862 8
481 2840 505 2866 p.
524 2838 580 2866 791.
1409 2837 1493 2860 inum,
1511 2827 1547 2854 ob
1560 2827 1729 2855 adulteratam
1745 2828 1843 2862 equitis
1856 2828 1972 2855 Romani
1985 2836 2097 2856 vxorem
2117 2829 2287 2862 (quanquam
2299 2825 2345 2853 nul
2357 2829 2376 2852 Ο

338 2871 573 2898 Anv'LATVS‚
596 2864 634 2892 fis.
654 2874 690 2891 ni.
715 2864 795 2891 Gloff.
813 2863 941 2891 Adulatus
955 2864 1080 2890 κολακεία.
1365 2873 1397 2901 75
1407 2867 1499 2895 rente)
1526 2863 1633 2899 capitali
1649 2872 1732 2899 poena
1752 2863 1848 2891 affecit.
1904 2863 2076 2890 Adulteratae
2095 2862 2229 2897 reliquiae
2254 2862 2333 2889 Gallo
2364 2858 2408 2886 ι..’ῗ
2443 2863 2445 2867 “

339 2913 361 2932 A
372 2903 567 2934 DV1.AT10‚
588 2901 656 2927 ὃῐῑῆς-
672 2901 690 2926 f·
707 2900 845 2934 [nokoexiloq
859 2899 964 2933 3ω’ῑέίοι]
984 2899 1039 2926 Cic·
1055 2898 1087 2925 de
1101 2898 1165 2924 Nat.
1179 2899 1297 2932 Deor.2‚
1312 2904 1352 2932 138
1405 2901 1498 2926 Aliena
1540 2907 1592 2926 ente
1609 2901 1700 2926 mixtae
1754 2900 1826 2926 Flor.
1846 2908 1880 2932 2,
1908 2908 1946 2932 11,
1971 2908 1993 2932 3.
2051 2898 2236 2925 Adulteratum
2255 2897 2365 2925 Gummi
2388 2894 2423 2921 ss..

303 2951 325 2969 c.
341 2943 370 2973 63
392 2941 496 2967 Canum
509 2946 574 2964 vero
588 2943 642 2964 tam
656 2935 707 2962 fida
720 2935 847 2967 custodia,
867 2941 974 2969 tamque
987 2944 1076 2962 amans
1096 2933 1270 2960 dominorum
1290 2934 1351 2961 adu·
1407 2944 1443 2968 19,
1463 2944 1484 2967 3.
1521 2909 1560 2962 id.
1582 2945 1624 2968 10,
1645 2944 1662 2969 9
1697 2935 1795 2962 Educat
1815 2944 1881 2970 ergo
1901 2936 1955 2962 feta
1974 2935 2132 2971 (palumbes)
2147 2933 2285 2962 subditum
2306 2936 2318 2967 (

305 2977 380 3004 latio.
418 2974 555 3006 Adulatio,
578 2973 606 2999 in
621 2971 733 2999 secundo
741 2970 896 3005 significatu.
933 2971 988 2997 Cic.
1002 2972 1030 2997 in
1045 2970 1138 2997 Laelio
1151 2978 1179 3002 91
1194 2979 1215 2996 c.
1234 2978 1261 3002 25
1282 2971 1350 2997 Nul-
1405 2970 1555 2998 adulterato
1576 2969 1722 3008 (suppositis
1735 2974 1807 3003 ouis)
1821 2971 1894 2998 nido.
2317 2988 2319 2991 -
2406 2999 2420 3004 ,,
2439 2990 2442 2998 .

306 3014 359 3040 lam
374 3013 402 3038 in
415 3009 542 3038 amicitiis
558 3008 656 3044 pestem
671 3008 719 3034 esse
733 3007 873 3039 maiorem,
889 3015 969 3041 quam
983 3006 1175 3038 adulationem,
1196 3005 1350 3039 blanditias,
1388 3027 1391 3029 >
1441 3014 1463 3034 A
1473 3014 1491 3034 D
1500 3014 1520 3033 v
1530 3015 1546 3034 L
1555 3015 1577 3034 T
1587 3014 1630 3034 ER
1639 3014 1688 3034 AT
1697 3013 1715 3034 o
1724 3014 1743 3033 R
1752 3027 1760 3039 ,
1781 3007 1845 3034 oris.
1883 3007 2034 3042 corruptor,
2060 3007 2236 3041 Dep.-anatot.-
2260 3011 2292 3032 υς
2311 3003 2379 3032 Adul
2393 3035 2396 3042 ¹

303 3048 512 3075 assentationem.
568 3044 732 3071 Desideratae
755 3042 831 3069 humi
847 3042 990 3068 iacentium
1012 3041 1177 3068 adulationes
1200 3042 1260 3068 Liu.
1276 3050 1302 3075 9,
1318 3047 1477 3078 18.80t01·es
1492 3049 1615 3070 monetae
1629 3043 1658 3070 in
1670 3042 1687 3069 l.
1701 3048 1747 3069 aut
1761 3043 1840 3070 facia.
1862 3043 1890 3069 in
1904 3043 1948 3069 fin.
1963 3044 1994 3070 D.
2008 3041 2041 3068 de
2055 3042 2158 3077 poenis.
2373 3037 2390 3062 -”

305 3084 378 3120 conf.
396 3085 502 3109 Gronau.
518 3079 552 3107 ad
565 3081 588 3107 h.
602 3081 619 3106 1.
668 3078 736 3105 AM.
754 3078 812 3105 Sen.
856 3087 881 3104 u.
904 3079 938 3104 N.
954 3087 973 3112 4
993 3077 1078 3104 Praef.
1120 3077 1219 3104 Aberat
1227 3077 1352 3105 adulatio
1443 3085 1712 3111 ADVLTERATfflX,
1726 3078 1781 3105 icis.
1791 3079 1810 3105 f.
1818 3079 1950 3106 Adultera.
1965 3078 2045 3105 Glois.
2053 3076 2340 3112 Vet.,uoixa>.1¹5,Adult
2368 3075 2370 3078 ’
2433 3070 2439 3112 '¹

305 3120 396 3146 Tacit.
405 3120 471 3145 Ann.
487 3126 509 3149 3,
529 3126 550 3143 2.
569 3115 663 3143 Anat-is
671 3114 837 3141 adulationib
858 3113 978 3140 saditum
987 3113 1124 3140 obstruere
1132 3113 1199 3139 Plin.
1210 3114 1269 3139 Pan.
1278 3122 1318 3147 41,
1328 3123 1349 3147 3.
1441 3121 1463 3141 A
1472 3121 1490 3141 D
1500 3121 1521 3140 v
1531 3122 1546 3141 L
1556 3122 1577 3141 T
1586 3122 1602 3142 E
1612 3121 1660 3142 RA
1669 3118 1753 3147 Tio,
1773 3114 1841 3141 onis.
1867 3115 1886 3141 f.
1900 3115 1981 3141 Gloss‘.
1993 3113 2110 3147 Cyrilli,
2143 3112 2314 3140 Adulteratio

288 3158 297 3167 ‘
307 3155 461 3181 Foedissima
480 3152 571 3180 Tacit.
586 3153 654 3179 Arm.
672 3159 695 3183 3,
715 3157 755 3184 57.
790 3149 885 3176 Foedis
901 3149 1025 3176 aduersus
1040 3150 1177 3176 Neronem
1191 3148 1351 3176 adulationi·
1421 3160 1511 3184 αγμοετ
1530 3150 1703 3177 sicutibidem
1721 3149 1892 3177 Adulterator
1903 3148 2100 3185 παραχαράκτης
2113 3147 2146 3182 est
2161 3151 2179 3176 i.
2192 3155 2300 3175 monetae
2311 3156 2334 3174 c
2360 3147 2362 3149 “
2382 3152 2418 3183 ‘'s-‘j
2461 3151 2467 3160 ⁴

306 3190 356 3217 bus
376 3190 448 3216 Idem
463 3189 530 3215 Ann-
552 3196 585 3221 15,
600 3195 638 3221 59.
674 3185 792 3212 Gliscens
813 3185 902 3212 Tacit.
923 3186 990 3211 Ann.
1012 3194 1030 3218 1,
1048 3194 1085 3218 14.
1122 3185 1229 3211 Sueton.
1255 3185 1283 3211 in
1297 3187 1350 3212 Au-
1431 3186 1520 3220 egitur
1534 3187 1614 3213 etiam
1628 3185 1769 3213 Lemmatis
1782 3186 1910 3213 Plinianis
1925 3194 1993 3222 quae
2013 3185 2070 3220 post
2084 3184 2277 3219 praefationem
2292 3183 2356 3224 'loco
2425 3191 2427 3200 ⁴
2452 3208 2457 3218 ,

307 3225 372 3261 gust.
388 3233 413 3257 53
433 3224 571 3251 Indecoras
585 3222 750 3250 adulationes
769 3228 848 3247 manu
869 3220 1001 3256 vultuque
1022 3220 1144 3256 repreffit.
1199 3220 1350 3254 Q1aesitior
1363 3230 1392 3258 ες
1406 3220 1471 3248 libri
1484 3221 1624 3254 visuntur,
1654 3221 1686 3249 ad
1705 3221 1753 3248 lib.
1768 3230 1802 3249 12.
1823 3231 1849 3249 n.
1864 3231 1907 3249 20.
1961 3223 1992 3249 111
2010 3220 2142 3248 odoribus
2162 3226 2209 3248 aut
2221 3228 2282 3247 con·
2317 3233 2321 3243 ·

306 3261 438 3292 adulatio,
467 3263 485 3285 i.
512 3258 671 3295 Exquisitior.
699 3257 737 3284 Id.
759 3256 824 3283 Ann.
846 3265 874 3289 3,
895 3264 934 3291 57.
970 3256 1059 3292 Segnis
1082 3256 1172 3283 Tacit.
1192 3256 1260 3283 Hist.
1276 3266 1294 3290 1,
1308 3259 1348 3290 36.
1406 3263 1503 3283 cuntur
1523 3257 1746 3285 Adulterationes.
2378 3274 2382 3275 ν
2404 3285 2405 3289 Ἰ
2451 3281 2454 3286 ,

306 3296 433 3324 submissa
448 3294 558 3328 Qiine't.
574 3303 604 3327 11,
619 3303 637 3326 1,
651 3302 690 3326 30.
725 3292 814 3319 Tristi
827 3291 980 3319 adulatione
994 3292 1116 3319 aduersus
1124 3293 1273 3327 superiores
1293 3294 1350 3320 Ta·
1442 3300 1463 3320 A
1473 3300 1750 3326 DVLTER1NVS,
1769 3290 1923 3328 [κίβδηλος]
1943 3292 2002 3319 Adi.
2023 3292 2098 3329 Qtod
2106 3299 2153 3328 pro
2165 3300 2224 3318 vero
2237 3290 2336 3326 affimil
2447 3295 2461 3310 ¹«

307 3333 352 3359 cit.
373 3332 439 3358 Ann.
455 3339 492 3362 11,
521 3339 554 3356 21.
626 3330 662 3356 Id.
677 3330 744 3356 Ann.
760 3337 780 3361 1,
795 3336 818 3361 13
842 3327 929 3355 Multa
943 3334 1045 3362 patrum
1058 3334 1084 3355 et
1097 3329 1126 3355 in
1138 3327 1280 3362 Augustam
1289 3328 1351 3355 adu·
1405 3334 1436 3354 vt
1450 3327 1639 3356 Adulterinum
1659 3329 1775 3364 signum,
1801 3331 1818 3355 i.
1830 3329 1926 3355 Alieno
1940 3329 2041 3355 annulo
2055 3328 2172 3360 saetam,
2196 3326 2296 3354 Festus.
2330 3325 2379 3354 Ci

307 3368 382 3395 latio.
419 3366 525 3400 Semper
539 3373 647 3400 magnae
661 3366 785 3391 fortunae
804 3372 892 3390 comes
913 3362 983 3390 adest
1002 3364 1121 3390 adulatio
1145 3364 1241 3390 Patere.
1255 3373 1277 3397 2,
1300 3373 1351 3391 102.
1406 3363 1513 3391 Cluent.
1531 3374 1560 3398 41
1575 3375 1596 3391 c.
1612 3374 1642 3400 ¹4
1676 3364 1879 3392 Testamentum
1893 3365 1921 3391 in
1933 3365 1998 3391 alias
2017 3364 2120 3391 tabulas
2138 3362 2341 3397 transcriptum,
2424 3371 2439 3377 ·

307 3402 498 3430 Adulationem
514 3400 624 3427 induere
658 3400 696 3427 Id.
711 3401 777 3426 Ann.
794 3407 823 3433 5,
844 3418 851 3426 .
871 3419 878 3426 .
914 3399 1027 3426 Demitti
1047 3400 1076 3426 in
1095 3399 1275 3427 adulationem
1295 3401 1326 3427 T
1327 3409 1351 3427 a.
1360 3412 1396 3437 90
1407 3399 1565 3427 adulterinis
1577 3400 1734 3436 obfignauit.
1790 3400 1858 3427 Add.
1873 3401 1933 3428 Liu.
1948 3410 1995 3435 40,
2009 3408 2049 3435 54·
2104 3396 2200 3425 Cfines
2213 3395 2427 3430 ³d¹¹12eri¹¹ib

308 3440 352 3466 cit.
369 3439 435 3465 Ann.
450 3446 488 3470 14,
511 3456 516 3463 .
539 3455 544 3462 .
579 3437 673 3470 Lapsos
688 3437 715 3462 in
734 3435 913 3475 adulationem
933 3434 1076 3462 cohibebat
1096 3435 1150 3470 ipse
1171 3435 1262 3463 Tacit.
1283 3437 1351 3463 Ann.
1408 3435 1465 3462 Αόἱ.
1479 3436 1558 3463 Erud.
1572 3437 1642 3472 Lips.
1656 3436 1744 3471 Suppl.
1772 3436 1810 3463 T.
1825 3439 1842 3463 6
1855 3446 1878 3472 p.
1899 3445 1952 3470 199.
1991 3434 2149 3462 Adulterina
2163 3440 2285 3467 moneta,
2308 3431 2362 3459 vid-⁴
2376 3428 2420 3469 ’,ι’

306 3484 335 3508 4,
350 3477 375 3502 6.
411 3473 471 3501 Col.
484 3474 511 3505 6,
526 3481 547 3504 2,
562 3479 574 3505 5
593 3472 670 3511 Tum
685 3470 792 3498 demum
806 3470 838 3498 ad
851 3471 973 3506 alligatos
980 3470 1104 3497 boues—
1117 3471 1229 3506 placide,
1252 3478 1278 3499 et
1291 3481 1353 3499 cum
1409 3478 1455 3498 NE
1465 3478 1486 3498 T
1497 3478 1528 3498 A.
1584 3473 1658 3499 Varr.
1671 3473 1702 3499 R.
1717 3473 1747 3498 R.
1761 3481 1782 3505 1,
1799 3482 1846 3506 40,
1862 3481 1877 3499 2
1915 3472 2019 3499 Semina
2030 3469 2193 3503 videndum,
2212 3479 2246 3497 ne
2257 3473 2393 3505 propter·

307 3510 421 3545 quadam
436 3508 509 3535 vocis
522 3507 676 3534 adulatione
695 3507 796 3534 venito.
1406 3506 1548 3534 litudinem
1569 3507 1618 3535 sint
1641 3507 1798 3534 adulterina.
1853 3508 1935 3535 Plaut.
1954 3504 2044 3534 Bacch.
2058 3513 2090 3538 2,
2105 3514 2132 3538 3,
2150 3514 2175 3538 31
2211 3520 2257 3526 ——
2272 3504 2331 3532 infit
2367 3500 2374 3508 ¹
2396 3518 2408 3534 -,

344 3546 578 3576 ADVLATOR,
599 3542 702 3576 βῶλαξ,
715 3542 874 3577 uoluntatis]
895 3538 1017 3582 Qififlo
1025 3550 1113 3572 amore,
1133 3547 1157 3567 ct
1170 3541 1352 3580 obfiquio,gra-
1408 3541 1609 3577 Adulterinum,
1627 3548 1654 3570 et
1671 3551 1724 3570 non
1737 3552 1798 3570 eum
1819 3544 1867 3570 esse
1885 3540 2041 3576 symbolum.
2062 3543 2080 3566 i.
2107 3542 2219 3578 Signum,
2237 3539 2354 3574 teffiaram.
2426 3533 2427 3539 ¹

306 3584 367 3607 tiam
385 3580 656 3618 uestitior-echaptat:
674 3577 706 3610 esi*
720 3581 801 3614 igitur
821 3578 963 3605 Adulatori
979 3579 1122 3604 contrarius
1135 3577 1242 3604 Amicus
1264 3588 1353 3605 verus:
1369 3579 1462 3614 95Iug.
1477 3587 1533 3605 c.12
1547 3580 1684 3606 Portarum
1691 3579 1775 3606 claues
1783 3579 1940 3606 adulterinas
1951 3581 2044 3611 pauet,
2060 3584 2122 3603 nam
2135 3585 2213 3603 verae
2224 3575 2257 3603 ad
2269 3568 2433 3611 Hiempffl

308 3624 389 3651 nempe
402 3619 444 3652 qni
456 3615 628 3649 nihiljimulat
640 3613 707 3648 apud
717 3623 767 3639 eum
780 3621 933 3649 qioemramat,
945 3612 1072 3649 sedlibere
1084 3618 1107 3638 et
1122 3620 1151 3638 ex
1160 3616 1241 3640 animo
1243 3613 1317 3649 facit
1323 3624 1353 3641 ac
1405 3613 1598 3642 referebantur.
1635 3615 1690 3642 Cic.
1700 3615 1752 3642 Off.
1766 3624 1826 3649 3,91
1840 3624 1862 3641 c.
1875 3621 1904 3645 23
1921 3611 1947 3638 Si
1961 3612 2062 3646 sapiens
2073 3611 2236 3638 adulterinos
2243 3618 2337 3638 numo·
2348 3612 2350 3614 ’
2369 3637 2373 3641 .

308 3651 372 3677 dicit
384 3655 474 3677 omnia.
512 3651 548 3677 Ex
562 3649 618 3676 Cic.
633 3649 704 3675 Lael.
715 3657 741 3680 91
751 3652 803 3683 peti
812 3647 890 3684 potest
899 3651 960 3676 ralis
966 3649 994 3675 de
1014 3650 1079 3674 nitio
1099 3649 1263 3676 Homoleuis
1272 3655 1351 3685 atque
1406 3650 1443 3676 rit
1456 3650 1607 3684 imprudens
1619 3660 1668 3686 pro
1682 3650 1769 3678 bonis.
1810 3647 1982 3676 -Adulterino
1996 3647 2123 3682 sanguine
2137 3648 2193 3675 nati
2215 3647 2281 3674 Piin.
2294 3653 2322 3681 7,
2333 3652 2359 3672 2·
2405 3669 2410 3675 .
2446 3651 2459 3668 ·'

307 3686 399 3718 fallax,
418 3687 449 3713 ad
462 3687 627 3721 voluptatem
642 3685 667 3710 lo
689 3693 752 3710 uens
768 3685 867 3717 onmia,
881 3685 950 3712 nihil
966 3693 980 3711 a
1016 3684 1165 3710 veritatem.
1207 3685 1282 3712 Nolo
1301 3687 1350 3713 else
1405 3685 1535 3712 ulterinae
1553 3687 1663 3713 Veneris
1687 3685 1810 3722 praeclusi
1829 3683 1914 3710 aditus
1934 3682 2035 3717 Apula
2055 3691 2080 3717 p.
2088 3691 2148 3710 202..
2203 3683 2269 3710 Plin.
2282 3688 2348 3713 1053
2370 3675 2428 3707 &⁹

308 3721 438 3754 laudator,
451 3731 483 3748 ne
496 3722 588 3748 videar
595 3721 642 3747 esse
655 3728 669 3746 a
690 3719 777 3746 uiator
791 3720 821 3745 A.
840 3720 871 3746 ad
884 3722 1001 3747 Herenn.
1018 3728 1037 3753 4
1049 3729 1071 3746 c.
1087 3727 1121 3746 21.
1404 3721 1590 3749 conniuentem
1611 3721 1856 3754 humectantemque
1874 3717 1981 3753 (pullum
1994 3720 2095 3754 aquila)
2121 3716 2325 3749 animaduertit}
2338 3711 2443 3756 Ἠξί-

345 3763 393 3784 Λ1)
404 3764 422 3782 ν
433 3764 448 3783 1.
458 3759 506 3783 Ar
516 3764 534 3783 R
545 3765 552 3784 1
563 3765 580 3784 x
591 3777 599 3790 ,
617 3756 673 3782 icis.
700 3754 887 3789 [κολακεότρια]
908 3758 976 3792 Qiae
993 3755 1095 3783 adulari
1107 3754 1181 3792 Jblet.
1224 3755 1470 3792 Trebell.100pitat
1483 3766 1497 3783 e
1512 3757 1586 3791 nido,
1602 3758 1676 3785 velut
1689 3755 1864 3784 adulterinum
1883 3759 1909 3779 et
1922 3752 2086 3788 degenerem.
2220 3768 2223 3769 ν
2358 3750 2411 3781 *ἔμ’

307 3792 396 3820 Pollio
409 3792 436 3818 in
450 3792 543 3818 Claud.
556 3802 577 3819 c.
598 3801 619 3825 3.
632 3790 752 3830 Τῇ-11111.
766 3789 797 3816 de
812 3790 906 3817 Anima
919 3801 940 3817 c.
956 3800 989 3825 51.
1440 3800 1490 3820 AD
1500 3800 1519 3819 v
1529 3801 1545 3820 1.
1554 3801 1626 3820 TER
1636 3801 1645 3820 1
1654 3799 1706 3821 ΤΑ
1716 3799 1740 3824 S,
1758 3798 1808 3825 pro
1816 3788 1956 3816 Adulter-io
1971 3797 1986 3816 ὃ
1997 3788 2115 3816 Laberio
2129 3787 2326 3816 nimiSlioen‘e‘
2333 3780 2426 3813 diffl

344 3835 366 3855 A
375 3834 394 3855 1>
403 3834 423 3853 v
433 3833 448 3853 1.
459 3834 479 3853 A
488 3833 509 3852 ’1-
518 3834 536 3853 o
547 3835 564 3854 R
573 3835 590 3855 c
599 3826 619 3853 ὅ
630 3835 645 3853 L
655 3834 675 3852 v
684 3834 696 3853 s
706 3846 714 3858 ‚
735 3835 752 3852 i.
768 3834 803 3851 m.
817 3826 916 3851 Dimin.
942 3828 1038 3854 l’aruus
1052 3825 1183 3853 adulator.
1205 3825 1312 3853 Cathol.
1403 3826 1462 3862 uste
1474 3828 1563 3855 Gellio
1576 3831 1613 3862 16,
1629 3836 1654 3864 7.
2364 3815 2398 3843 Α
2428 3844 2429 3848 =

342 3871 362 3890 A
374 3869 392 3890 n
402 3868 422 3888 v
431 3869 446 3888 ι,
455 3869 475 3889 A
485 3869 505 3888 T
514 3868 532 3887 0
541 3869 559 3888 R
570 3871 607 3889 iv
617 3871 630 3889 s
640 3883 648 3895 ,
669 3861 728 3888 Adi.
749 3860 879 3895 [summas]
899 3862 988 3888 Tacit.
997 3863 1065 3889 Ami.
1078 3864 1104 3894 6,
1112 3870 1139 3893 32
1157 3861 1284 3889 Vitellius
1292 3862 1346 3890 for·
1439 3871 1461 3891 A
1470 3871 1488 3891 r>
1497 3871 1518 3891 v
1529 3871 1545 3891 L
1555 3871 1576 3891 ‘r
1585 3872 1602 3891 1:
1611 3871 1630 3891 R
1640 3868 1728 3893 ivm,
1748 3859 1889 3893 [μοιχεία]
1907 3859 2005 3886 Crimen
2018 3858 2148 3886 Adulteri.
2184 3857 2420 3892 Adfflteriumifmp

305 3898 407 3926 midine
421 3898 450 3924 C.
466 3897 592 3929 Caesaris,
613 3897 795 3924 familiaritate
810 3895 934 3928 Claudii,
955 3903 1032 3932 turpe
1054 3898 1081 3924 in
1102 3897 1243 3925 seruitium
1261 3905 1344 3925 muta·
1404 3898 1489 3925 aliena
1503 3908 1586 3927 vxore
1600 3897 1674 3926 domi
1686 3897 1758 3922 coire
1771 3904 1803 3921 an
1821 3895 1882 3922 etin
1901 3894 2039 3929 lupanari?
2060 3894 2170 3929 Qiine't.
2183 3902 2210 3929 7,
2222 3903 2246 3927 3,
2257 3902 2295 3920 ιο.
2315 3921 2319 3925 ,
2360 3892 2371 3895 “’
2385 3919 2390 3926 .
2414 3891 2429 3914 a

301 3940 355 3967 tus,
368 3932 502 3968 exemplar
515 3931 583 3967 apud
597 3933 712 3967 posteros
724 3932 869 3960 adulatorii
883 3931 1016 3960 dedecoris
1030 3933 1150 3962 habetur.
1355 3942 1452 3968 105nus
1466 3935 1494 3962 in
1511 3934 1528 3961 1.
1546 3937 1563 3962 6
1580 3933 1628 3972 §.1
1663 3931 1696 3959 D.
1716 3930 1748 3957 ad
1767 3929 1818 3966 leg.
1837 3930 1932 3958 Iuliam
1946 3929 1978 3957 de
1998 3929 2081 3959 adult.
2098 3942 2100 3945 ·
2125 3931 2192 3958 'Lex
2209 3926 2327 3990 magii„
2343 3924 2427 3988 ¹3³⁴

1782 4037 1796 4062 i?
