2474 4182
53 183 120 222 345
445 162 688 204 AN1

52 266 114 285 mum
126 253 168 288 ff,
186 260 208 280 rt
223 262 267 289 quo
280 251 399 288 censitor,
419 253 533 279 animam
552 257 650 278 vocant.
706 249 789 275 Plaut.
812 250 906 285 Amph.
922 260 947 283 2,
963 260 987 283 2,
1002 261 1031 285 41
1053 251 1093 278 Ni

19 307 20 310 =
52 301 101 327 ego
116 291 240 324 illiputeo
252 289 269 315 fi
285 289 392 323 occepso
401 289 515 315 animam
529 295 634 314 omnem
648 286 834 317 intertraxerq.
872 290 929 313 Nau
945 297 989 323 quo
996 297 1092 322 aquam

46 327 169 364 stgmficcc
181 325 276 356 anima,
296 324 360 359 quod
370 328 454 350 innuit
474 325 544 350 Non.
558 332 586 356 4,
600 330 622 347 2.
631 320 680 358 fini
686 328 793 356 propter
808 324 947 358 analogiam
961 324 1093 359 quandam,

53 365 107 401 quia
120 369 181 397 aqua
194 359 227 394 cst
236 367 320 395 pateo,
341 360 405 395 quod
417 363 499 386 anima
510 358 620 385 animali.
658 358 699 383 lta
711 357 819 384 Phaedr.
837 366 859 389 3,
875 368 883 384 ι
904 363 976 385 Anus
996 359 1092 384 oiim-cm

20 421 21 424 ,
52 400 106 426 vini
117 406 128 422 c
141 398 226 433 lagena
245 403 315 431 epota
333 397 450 427 trahens,
474 403 491 420 ο
503 393 603 424 suauis?
616 395 710 427 inquit,
739 393 827 420 anima
841 395 946 428 qualem
961 402 986 420 te
1006 394 1091 419 dicam

53 435 146 462 bonam
159 431 265 458 antehac
279 431 368 461 fuitse;
397 430 458 457 tales
479 438 537 455 cum
556 428 605 454 lint
625 428 765 462 reliquiae.
802 430 943 464 Reliquiae
963 436 1034 456 crim!
1048 429 1093 454 sex

54 468 166 497 Falerna.
205 469 269 503 Ergo
282 468 369 493 anima
383 467 458 502 ipsimi
471 467 564 490 vinum.
608 464 649 491 Sic
669 465 785 490 animam
803 466 916 492 rationis
934 472 1004 491 vocae
1012 464 1094 490 Clau-

22 515 23 551 1
53 505 120 532 dian.
136 505 278 530 Mamertus
292 503 323 529 de
336 503 405 528 Statu
425 502 473 526 An.
490 508 510 531 1,
526 508 535 525 1
555 508 580 534 p.
601 501 618 525 6
644 500 766 526 Rationis
778 502 894 528 animam
909 503 1047 536 spernunt,
1067 504 1093 525 et

22 555 23 570 l
52 538 195 568 verborum
211 547 322 573 corpora
334 537 453 570 diligunt.
730 571 734 575 ⁵

85 581 137 602 AN
148 583 155 601 1
168 582 192 601 M
206 573 225 601 x*
234 582 296 606 LA,
314 582 351 599 ae.
369 571 468 598 Dimin.
488 568 644 605 [ψυχάριον]
661 571 767 597 Seruius
783 572 815 598 ad
829 572 884 599 Cic.
901 573 971 598 Fam.
986 580 1014 603 4,
1029 579 1041 603 5
1062 571 1090 596 In

22 620 25 642 ¹,
51 612 126 637 vnius
140 610 309 636 mulierculae
322 606 436 634 animula
449 605 466 631 si
481 604 582 631 iae'tura
594 605 663 633 faeta
677 607 722 639 est,
743 615 880 642 tantopere
899 606 1094 633 couunoueris3

23 651 25 673 ἶ
51 646 153 682 Dcfilia
167 647 290 673 Csccronis
303 648 404 669 mortua.
441 641 497 667 Cic.
516 642 569 667 Att.
583 651 609 674 9,
624 650 640 676 7
661 644 749 670 Alicui
763 644 889 678 quiddam
907 642 977 677 quali
990 642 1092 668 animu-

52 683 91 710 lae
104 682 237 709 restillare.
257 683 274 706 i.
287 677 570 715 aliqigantulumjblatii.
614 679 765 706 Hadrianus
779 679 845 715 apud
858 679 986 713 Spartian.
1001 687 1054 712 cap.
1063 686 1093 711 25

17 732 21 745 ‹
51 718 173 745 Animula
187 715 286 750 vagula,
307 712 438 745 blandula,
454 720 500 739 etc.

19 769 21 774 ·
85 761 107 780 Α
118 758 260 782 N1MA1.,
281 749 335 775 alis.
356 758 382 774 n.
402 748 495 782 [ζῶον]
513 748 543 774 ab
557 749 653 776 Anima
667 748 771 782 dicium,
791 748 914 785 quidquid
926 752 992 775 uiuit
1006 756 1029 774 ct
1036 749 1094 784 fin-

10 794 21 802 '¹
49 791 82 815 tit
95 789 160 814 Plin.
176 795 213 818 10,
227 788 255 816 63
275 784 404 819 Ripedum
419 785 488 810 solus
497 784 580 811 homo
592 786 691 812 animal
706 794 770 818 (non
778 792 864 816 ouum)
879 786 974 819 gignit.
1011 785 1094 811 Ouid.

25 827 27 846 2
50 825 112 852 Met.
134 831 150 853 1,
172 823 207 856 76
232 820 349 847 &meiius
370 820 410 847 his
430 820 538 846 animal.
595 823 641 853 Et,
668 828 700 856 84
723 823 860 854 Pronaque
882 830 965 855 quum
979 821 1094 855 spectent

21 870 23 874 ·
51 857 170 887 animalia
179 862 279 882 caetera
297 863 404 887 terram,
449 857 486 883 Os
499 856 605 883 homini
618 857 731 883 sublime
745 856 827 888 dedit,
853 857 1010 892 caelumque
1025 858 1095 883 tueri

24 891 28 938 ἰ
53 893 125 924 1ussit.
181 892 286 918 Animal
306 892 451 926 prouidum
471 898 497 919 et
516 893 606 928 sagax,
632 894 700 919 homo
713 893 768 919 Cic.
782 892 813 918 de
828 893 921 926 Legib.
938 902 956 924 1,
971 902 1010 919 22.

27 1035 29 1043 ⁴
54 1042 189 1075 qpponatur,
203 1044 228 1061 υ.
241 1045 268 1072 g.

52 1081 108 1101 nem
120 1070 268 1103 mentibus,
287 1078 313 1098 et
332 1072 390 1098 illas
408 1081 463 1098 non
482 1072 576 1104 aliter,
605 1080 685 1106 quam
704 1071 830 1097 animalia
844 1072 941 1105 species
965 1072 1094 1105 periculi,

28 1109 31 1132 1
51 1108 143 1144 agitant
155 1106 212 1133 Sen.
227 1107 306 1141 Epist.
324 1110 367 1142 76.

51 1151 99 1181 qua
109 1144 285 1170 communitas
300 1144 418 1170 Latiam.
434 1152 456 1176 3,
470 1145 495 1170 6.
531 1143 604 1179 Conf.
626 1143 745 1169 Gennad.
759 1143 791 1169 de
805 1144 1001 1178 DogmAEccles.
1018 1153 1040 1169 c.
1056 1151 1094 1178 17.

48 1215 129 1246 Pison.
143 1223 170 1240 21
184 1224 204 1240 c.
219 1223 236 1247 9
261 1215 372 1242 Clodium
384 1221 458 1242 vocat
478 1215 618 1241 Funestum
632 1215 742 1247 animal,
763 1224 794 1241 ex
809 1216 919 1241 nefariis
934 1215 1039 1249 stupris,
1062 1224 1094 1242 ex

45 1286 126 1314 nitate
139 1292 301 1313 concretum.

44 1465 82 1492 lia
100 1465 317 1499 continerentur,
337 1467 432 1493 effecit.

16 1551 19 1558 =
44 1536 217 1570 fimillimum.

46 1645 133 1672 omnia
144 1645 269 1671 animalia
288 1646 468 1677 continentur,
489 1645 577 1672 effecit
594 1647 650 1673 Cic.
664 1646 697 1673 de
711 1648 832 1674 Vniuers.
847 1656 863 1680 9
883 1647 912 1674 de
927 1647 1024 1674 mundo.

1050 893 1096 921 Sed

26 940 29 963 i
52 933 120 959 etiam
133 927 160 954 de
178 927 281 963 insefh‘s
294 929 397 959 dicitur,
417 936 463 960 vt,
488 929 513 955 Si
532 938 598 956 vero
617 930 733 955 incautas
746 928 843 953 animal
858 929 1036 962 penetrauerit
1051 938 1095 955 au-

28 969 29 974 *
56 964 94 995 res
109 964 207 992 Samon.
221 973 242 990 c.
259 972 291 996 13.
327 964 479 996 Credimus,
495 964 512 990 li
527 965 600 999 quod
615 964 711 991 animal
725 972 816 990 aurem
831 964 990 996 intrauerit,
1015 971 1039 990 et
1056 965 1095 990 in-

56 1002 152 1038 spuatur
164 999 237 1026 exire
255 999 320 1026 Plin.
333 1005 373 1033 28,
389 1011 416 1034 4.
453 1003 491 1026 De
498 1001 635 1036 pecudibus
647 1000 672 1035 J]
687 997 773 1032 bestisi.
783 1003 938 1036 generatim,
959 1007 988 1025 vt
1001 1001 1096 1026 homini

299 1036 350 1068 Ea,
366 1045 433 1071 quac
445 1037 575 1062 timentur
590 1042 714 1070 tanquam
729 1036 808 1066 mala,
829 1036 956 1061 iuiiciunt
970 1036 1096 1062 formidi-

424 1107 512 1134 Nobis
525 1114 550 1134 et
563 1116 623 1133 cum
637 1107 695 1133 Deo
711 1114 736 1133 et
751 1117 810 1133 cum
826 1107 986 1133 animalibus
1000 1107 1036 1134 est
1048 1108 1095 1133 ali-

30 1175 31 1178 *
49 1173 113 1208 Add.
128 1177 286 1212 Elmenhorli.
300 1180 334 1205 aci
347 1179 464 1206 Gennad.
478 1180 496 1205 l.
507 1189 530 1205 c.
544 1180 686 1205 Contcmtus
700 1187 724 1205 ct
738 1178 875 1212 detestandi
883 1179 957 1215 causil
990 1180 1046 1205 Cic.
1067 1180 1096 1205 in

13 1262 17 1269 ·
48 1250 120 1279 ciuili
135 1259 239 1282 cruore,
260 1260 292 1277 ex
300 1252 422 1278 onmium
436 1251 564 1277 scelerum
578 1251 782 1285 importunitate
798 1257 823 1277 et
836 1252 1096 1286 flagitiorumimpu-

359 1289 459 1314 Verum
472 1288 551 1315 Stoici
569 1290 643 1313 etiam
656 1287 771 1313 mundum
784 1294 874 1313 vocant
893 1287 1000 1313 Animal
1015 1289 1097 1313 Plato-

47 1331 97 1349 nem
104 1321 195 1358 ficati,
212 1332 276 1358 equo
292 1323 347 1350 Cic.
359 1323 480 1349 Timaeo
494 1332 515 1348 e.
531 1332 542 1355 3
562 1330 627 1349 extr.
649 1325 736 1356 Quam
753 1322 789 1349 ob
803 1324 905 1349 eausam
919 1332 974 1349 non
988 1323 1024 1349 est
1032 1333 1095 1349 cun-

0 1371 19 1387 1·
46 1353 167 1386 &andum
189 1358 319 1393 profiteri,
339 1359 356 1385 fi
369 1359 451 1385 modo
464 1359 620 1393 inuestigari
634 1358 736 1394 aliquid
751 1359 905 1386 coniectura
920 1359 1012 1393 potest,
1026 1359 1097 1386 hunc

0 1408 4 1423 ἰ
45 1393 173 1425 mundum
188 1395 285 1421 animal
300 1396 358 1426 else,
376 1395 458 1430 idque
474 1395 642 1429 intelligens,
669 1401 695 1421 et
709 1395 801 1421 diuina
816 1395 986 1429 prouidentia
999 1395 1095 1421 consti-

0 1439 20 1459 π
44 1435 141 1456 tutum.
178 1431 261 1457 Paullo
270 1429 343 1467 post:
357 1431 428 1457 Deus
442 1431 571 1458 mundum
580 1431 677 1457 animal
685 1440 778 1463 vnum,
792 1432 820 1457 in
835 1440 889 1465 quo
897 1432 988 1457 onmia
997 1432 1096 1458 anima—

79 1682 301 1713 AN1MA'L18‚
319 1689 342 1707 e.
379 1680 522 1715 [φυχικός]
553 1684 664 1716 Atrius,
683 1692 708 1709 υ.
723 1693 749 1719 g.
770 1683 900 1718 Reliquae
920 1683 987 1710 duae
1000 1689 1097 1718 partes,

46 1724 95 1743 vna
108 1716 200 1750 ignea,
221 1716 301 1743 altera
317 1717 440 1744 animalis
461 1718 518 1744 Cic.
533 1717 616 1744 Tusc.
632 1727 653 1751 1,
665 1727 701 1752 40
720 1729 742 1745 c.
757 1727 793 1754 17·
814 1722 832 1746 ι’.
841 1720 986 1756 spirabilis,
1003 1727 1032 1746 vt
1044 1721 1096 1756 spse

44 1761 98 1779 mox
111 1753 236 1785 declarat,
256 1753 427 1788 Perspicuum
447 1753 525 1780 debet
544 1754 609 1786 eise,
628 1755 740 1788 animas,
758 1765 818 1782 cum
832 1765 846 1781 e
860 1765 973 1790 corpore
988 1758 1096 1783 excelse-

16 1807 23 1812 ..
44 1789 107 1822 rint,
127 1787 181 1815 fiue
195 1788 237 1814 illi
251 1788 300 1815 sint
312 1789 447 1820 animales,
470 1789 498 1816 id
511 1789 557 1822 est,
575 1790 724 1824 spirabiles,
743 1790 797 1817 fiue
816 1792 899 1827 ignei,
914 1791 1029 1818 sublime
1042 1792 1096 1819 fer-

1584 164 1809 204 ANl
2124 175 2198 221 346

1147 248 1342 288 Animaduerto
1350 248 1377 273 in
1386 253 1411 273 te
1427 249 1560 284 [κολάζω]
1582 249 1615 284 est
1629 253 1715 279 Punio
1728 258 1767 279 te:
1779 252 1828 289 scd
1838 263 1891 280 cum
1904 253 1950 280 bac
1964 253 2120 289 dijffl‘rentia,
2134 260 2199 294 quod

1148 286 1244 311 Pumrc
1264 282 1297 316 tst
1316 293 1526 322 quorumcunque,
1546 286 1598 319 Jiue
1614 298 1683 320 iure,
1703 288 1757 322 flue
1771 292 1881 316 iniuria:
1904 292 1994 316 malum
2008 298 2056 326 pro
2069 297 2132 319 771an
2144 296 2199 321 red-

1148 320 1257 345 dentium
1283 319 1502 358 Animaduerte-re
1522 330 1582 352 ems,
1603 326 1685 357 quiin
1698 326 1801 351 alterum
1821 326 1893 352 habet
1907 325 2054 361 potestatem
2071 329 2157 355 ordine
2171 340 2201 356 ac

1147 358 1211 381 rite:
1235 358 1252 380 ι’.
1269 355 1326 381 Cum
1339 355 1545 388 ‹zmnmdzwrsrone
1554 358 1689 391 puniendi:
1711 361 1766 386 Cic.
1781 363 1856 387 Vcrr.
1871 370 1894 395 3,
1909 370 1949 388 110
1967 363 2080 390 Potestas
2093 366 2203 392 eratisti

1111 393 1125 419 ς
1150 390 1256 417 homini
1269 391 1374 424 integro
1387 397 1466 430 atque
1480 391 1617 418 innocenti
1630 393 1688 419 data
1700 415 1707 426 ,
1738 402 1767 421 vt
1780 397 1808 422 in
1824 398 1971 431 Apronium
1987 408 2069 432 quum
2082 401 2200 427 animad·

1150 427 1279 457 vertilsct,
1301 427 1352 452 sese
1365 427 1512 460 grauissuna
1528 427 1627 453 leuaret
1642 429 1762 456 infamia.
1798 433 1866 459 Adit.
1882 434 1937 459 Cic.
1952 434 2030 461 Catil.
2043 444 2053 462 1
2068 445 2124 462 c.1z
2150 439 2200 463 Im-

1149 462 1246 496 periti,
1268 462 1286 488 fi
1301 462 1330 488 in
1342 461 1411 488 hune
1423 462 1665 489 animaduertiss'em
1676 484 1683 495 ,
1702 466 1845 493 crudeliter
1858 475 1883 495 et
1899 471 1971 503 regie
1985 470 2084 497 factum
2098 473 2146 498 else
2160 473 2199 499 di-

1149 504 1245 524 cerent.
1289 499 1394 524 Dicitur
1413 501 1488 524 etiam
1507 498 1727 526 Animaduertere
1748 501 1891 536 iniuriam,
1918 506 2035 539 facinus,
2055 514 2198 541 peccatum.

1148 534 1216 560 Ter.
1232 533 1313 560 Andr.
1331 542 1358 565 1,
1373 543 1397 565 1,
1414 542 1458 566 129
1485 535 1519 560 Ea
1534 534 1651 568 primum
1671 535 1705 561 ab
1719 536 1768 562 illo
1782 538 2015 568 animaduertenda
2029 543 2127 570 iniuria
2153 545 2198 571 est.

1105 574 1134 592 10
1153 570 1203 596 Vbi
1217 570 1351 601 Donatus,
1381 570 1453 596 Nota
1492 570 1645 604 articipium
1663 580 1678 597 a
1691 571 1795 605 palliuo.
1852 575 2091 606 Animaduertenda
2127 581 2201 607 casti-

1148 606 1248 640 ganda,
1273 605 1433 631 vindicanda
1447 608 1470 631 el
1486 626 1492 631 .
1550 607 1659 632 Facinus
1674 607 1936 636 animaduertendum
1962 613 2029 640 Ter.
2045 601 2126 643 Andr.
2135 626 2162 649 4,
2178 624 2190 649 5

1149 646 1187 671 28-
1225 641 1281 667 Cic.
1301 650 1350 675 pro
1370 641 1445 667 Rosc.
1465 642 1554 668 Amer.
1571 644 1611 668 116
1633 652 1731 677 cap.4o
1753 644 1835 678 Atqui
1850 653 1879 670 ea
1892 647 1949 672 sunt
1969 637 2202 679 animaduertendi

1148 683 1251 712 peccata
1270 677 1402 709 maxime,
1428 686 1495 711 quae
1518 675 1677 704 difficillime
1699 686 1897 713 praecauentur.
1942 683 2009 709 Ter.
2026 685 2101 712 l'hor.
2118 697 2163 720 3,i
2188 696 2200 721 3

1149 713 1224 739 Alios
1244 719 1316 739 tuam
1337 713 1403 738 Rem
1420 712 1559 739 credististi
1573 723 1652 748 quam
1665 720 1717 741 tete
1739 715 1967 743 animaduersuros
1980 721 2078 753 magis,
2099 726 2116 748 ι’.
2131 709 2202 750 cursa·

1109 749 1134 775 ¹3
1148 756 1229 775 turos.
1266 749 1370 783 leian.
1387 749 1415 774 in
1430 749 1445 774 l.
1461 756 1506 775 aut
1519 749 1654 776 damnum.
1691 751 1723 776 D.
1737 750 1768 776 de
1781 752 1882 786 poenis.
1934 754 1995 780 Vita
2008 757 2146 785 adimitur:
2173 767 2203 786 vt

1150 792 1212 819 puta
1230 784 1248 810 si
1269 784 1408 810 damnatur
1425 784 1523 819 aliquis
1540 805 1547 817 ‚
1585 792 1614 812 vt
1631 786 1720 820 gladio
1740 787 1769 813 in
1787 796 1846 813 eum
1873 788 2100 819 animaduertatur
2115 814 2123 825 ,
2158 796 2201 822 sed

1149 820 1330 848 animaduerti
1343 820 1432 855 gladio
1446 827 1567 854 oportet,
1598 831 1652 848 non
1665 823 1766 854 securi,
1786 824 1828 849 vel
1844 823 1912 856 telo,
1941 825 1983 851 vel
1999 826 2084 859 fuste,
2111 830 2151 854 vel
2169 831 2204 857 la.

1151 866 1230 892 queo.
1266 856 1431 883 Verberibus
1451 856 1478 882 in
1497 857 1616 891 aliquem
1635 858 1740 884 Sullust.
1756 859 1844 885 Catill.
1858 868 1891 892 51.
1948 861 2052 888 Vltimo
2074 864 2205 898 supplicio

1150 892 1418 919 animaduertendum
1432 893 1469 918 est
1484 893 1512 918 in
1526 894 1630 926 seruos,
1657 894 1704 928 qui
1719 894 1843 928 spadones
1857 896 1968 923 fecerint
1991 898 2096 932 leian.
2109 901 2137 926 in
2151 900 2168 927 l.
2178 911 2204 935 4.

1105 934 1139 952 20
1151 929 1182 955 D.
1200 928 1232 954 ad
1246 929 1296 963 leg.
1317 930 1399 955 Corn.
1426 928 1458 955 de
1480 929 1586 955 sicariis.
1645 929 1685 963 Est
1700 937 1774 956 ettam
1786 931 1893 966 abelute
1902 932 2008 966 politum
2029 935 2168 962 Cic.'v'err.
2185 945 2206 970 1,

1151 974 1189 999 44
1206 965 1235 990 In
1251 964 1351 990 Achaia
1369 964 1552 998 magistratum
1577 965 1732 998 Sicyonium
1751 975 1845 993 numos
1866 968 1963 1001 poscit:
1996 978 2029 995 ne
2043 970 2073 996 fit
2087 970 2136 998 hoc
2153 973 2205 999 cri·

1151 1009 1211 1026 men
1227 1000 1255 1026 in
1270 1002 1397 1032 Verrem,
1418 1001 1538 1027 fecerunt
1552 1001 1609 1027 alii.
1667 1004 1758 1036 Qum
1777 1002 1823 1028 ille
1835 1012 1890 1029 non
1904 1003 1987 1036 daret,
2004 1006 2203 1034 animaduertit.

1186 1043 1207 1062 A
1218 1043 1238 1062 N
1249 1044 1256 1062 1
1268 1043 1291 1062 M
1302 1043 1323 1062 A
1333 1043 1350 1062 D
1361 1044 1380 1063 v
1391 1043 1407 1062 E
1416 1043 1434 1062 R
1444 1044 1455 1063 s
1466 1045 1486 1063 v
1496 1044 1519 1063 s.
1553 1037 1645 1063 Partic.
1678 1039 1712 1064 Vc
1732 1039 1864 1064 Fortunae
1890 1040 2002 1066 varietas
2023 1043 2206 1071 animaduersa

1150 1071 1220 1106 Nep.
1237 1080 1271 1103 13,
1285 1081 1312 1104 4,
1325 1080 1344 1097 1.
1385 1072 1425 1099 sic
1440 1073 1514 1099 Caes.
1530 1073 1593 1099 Bell.
1607 1073 1674 1100 Gall.
1688 1079 1712 1106 8,
1725 1081 1761 1109 77
1788 1075 1843 1100 Hac
1857 1083 1886 1101 re
1900 1076 2094 1109 animaduersa,
2110 1080 2206 1107 Caesar

1108 1112 1139 1137 25
1150 1107 1224 1134 iubet
1238 1107 1307 1142 ligna
1323 1108 1455 1134 conuerti.
1492 1109 1568 1144 Virg.
1584 1109 1681 1144 Georg.
1695 1119 1717 1142 3,
1732 1119 1773 1142 123
1799 1110 1850 1137 His
1863 1111 2059 1140 animaduerfis.
2081 1117 2098 1140 i.
2116 1115 2206 1152 Cogni-

1149 1146 1197 1174 tis,
1224 1142 1368 1169 intellectis.
1422 1143 1491 1170 Adii.
1514 1144 1552 1170 ld.
1573 1153 1606 1177 2,
1619 1153 1674 1179 259.
1713 1146 1904 1173 Animaduersa
1925 1156 1953 1173 ac
1967 1155 2057 1176 notata
2078 1159 2093 1176 a
2112 1152 2206 1185 peritis

1151 1179 1208 1205 Cic.
1224 1179 1256 1205 de
1272 1181 1349 1205 Orat.
1365 1188 1384 1211 1,
1398 1188 1443 1212 ¹09
1463 1189 1484 1205 c.
1498 1188 1537 1212 23.
1735 1181 1755 1218 *j
1778 1191 1794 1208 2
1814 1182 1920 1210 Sueton.
1940 1184 1969 1209 in
1989 1185 2090 1212 Neron.
2106 1196 2160 1221 cap.
2177 1189 2206 1214 16

1150 1215 1237 1242 Multa
1249 1214 1296 1241 sub
1311 1224 1343 1241 eo
1357 1221 1382 1241 et
1395 1215 1579 1242 animaduersa
1592 1216 1698 1249 seuere,
1719 1223 1745 1243 et
1758 1219 1881 1245 co'e'rcita.
1917 1220 2021 1246 Paullus
2035 1221 2052 1247 l.
2066 1222 2113 1249 vlt.
2122 1223 2153 1249 D.
2171 1223 2206 1250 de

1151 1251 1241 1277 cadau.
1255 1251 1340 1285 punit.
1355 1252 1476 1285 Corpora
1490 1252 1738 1279 animaduersorum
1752 1254 1916 1288 quibuslibet
1928 1257 2095 1291 petentibus,
2122 1259 2155 1286 ad
2168 1261 2205 1286 se·

1109 1294 1141 1318 30
1152 1287 1287 1321 pulturam
1302 1287 1387 1313 danda
1400 1288 1466 1314 sunt.
1485 1290 1503 1314 i.
1521 1289 1646 1323 Supplicia
1659 1288 1816 1322 affatim-um.

1187 1330 1210 1349 A
1220 1331 1240 1349 N
1252 1331 1261 1349 1
1271 1330 1295 1349 M
1304 1331 1326 1350 A
1335 1330 1353 1350 D
1363 1331 1383 1349 v
1392 1330 1435 1350 ER
1445 1331 1457 1350 s
1468 1331 1487 1349 v
1497 1331 1516 1350 R
1527 1332 1545 1351 v
1557 1332 1579 1351 s.
1618 1325 1698 1359 Supra
1712 1325 1841 1352 habuimus
1859 1336 1889 1352 ex
1901 1327 1969 1354 Ter.
1985 1328 2062 1356 Phor.
2086 1338 2113 1362 3,
2135 1339 2144 1356 1
2154 1350 2162 1363 ‚
2182 1339 2204 1360 ³·

1190 1366 1211 1385 A
1222 1367 1243 1385 N
1252 1367 1261 1385 1
1272 1366 1296 1385 M
1306 1366 1327 1385 A
1337 1366 1355 1385 D
1365 1366 1385 1385 v
1397 1366 1413 1385 E
1422 1366 1441 1385 R
1452 1366 1512 1387 810
1522 1380 1531 1393 ,
1556 1360 1624 1386 onis.
1642 1361 1662 1387 f.
1685 1362 1722 1387 Ex
1740 1365 1768 1387 vi
1780 1362 1851 1389 verbi
1869 1360 1902 1395 est
1915 1363 2038 1398 aduerJio,
2058 1360 2205 1401 applicatio,

1151 1398 1258 1421 attentio
1273 1397 1354 1421 animi
1360 1395 1385 1430 JI
1400 1399 1497 1421 mentis.
1535 1397 1615 1431 Qum
1630 1397 1679 1422 late
1688 1404 1793 1432 pateat,
1811 1400 1967 1435 intelligitur
1985 1410 2014 1426 ex
2029 1402 2084 1428 Cic.
2097 1402 2129 1428 de
2145 1403 2204 1429 Fin.

1153 1440 1173 1462 ι,
1182 1440 1214 1463 30
1222 1440 1243 1457 c.
1252 1439 1269 1463 9
1288 1431 1375 1464 Negat
1384 1434 1393 1462 (
1402 1431 1547 1465 Epicurus)
1562 1441 1627 1466 opus
1636 1433 1683 1458 effe
1694 1433 1809 1465 ratione,
1825 1443 1910 1469 neque
1919 1435 2108 1470 disputatione,
2123 1447 2205 1472 quam

489 1468 520 1493 Et
535 1477 556 1493 c.
570 1476 586 1500 9
601 1474 665 1493 extr.
687 1468 721 1493 Vt
735 1466 785 1493 hoc
800 1476 879 1493 omne
894 1467 1002 1499 animal,
1022 1467 1095 1502 quod
1108 1470 1137 1496 35
1150 1467 1186 1493 ob
1195 1475 1251 1493 rem
1260 1466 1382 1500 voluptas
1392 1466 1544 1500 expetenda,
1554 1467 1696 1502 fugiendus
1705 1468 1828 1495 doloriit.
1844 1471 1941 1497 Sentiri
1952 1471 2001 1498 hoc
2010 1479 2093 1506 putat,
2102 1480 2130 1499 vt
2139 1474 2205 1500 cale.

17 1518 20 1531 l
45 1501 174 1534 videmus,
193 1503 253 1533 esset
267 1503 308 1529 illi
322 1503 441 1534 animali,
454 1502 526 1538 quod
540 1503 677 1536 sentimus,
689 1503 722 1529 ad
736 1503 900 1530 aeternitatis
914 1504 1095 1530 imitationem
1188 1503 1193 1507 '

260 1540 341 1565 Etiam
351 1539 378 1564 tl?
394 1538 574 1566 Daemonibus
593 1538 711 1573 ApuLde
727 1539 786 1565 Deo
800 1539 871 1566 Socr.
894 1549 919 1574 p.
933 1548 979 1573 49,
998 1548 1009 1572 5
1029 1540 1095 1566 Dae-

45 1581 133 1600 mones
142 1573 201 1600 sunt
215 1583 311 1608 genere
327 1575 463 1607 animalia,
476 1575 585 1608 ingenio
597 1574 786 1607 rationabilia,
800 1576 890 1601 animo
911 1575 1017 1610 paffiua,
1038 1585 1096 1602 cor-

45 1617 107 1644 pore
124 1609 210 1641 aeria,
230 1616 350 1644 tempore
368 1617 482 1636 aeterna.
504 1611 575 1636 Deus
590 1611 689 1637 animal
703 1620 785 1637 vnum
800 1611 976 1646 aspetstabile,
1004 1612 1095 1647 inquo

1150 1502 1387 1537 reignem‚niuem
1399 1503 1447 1528 effe
1461 1503 1558 1535 albam,
1567 1503 1642 1529 dulce
1655 1504 1722 1530 mel:
1742 1513 1857 1539 quorum
1872 1506 1941 1532 nihil
1949 1515 2056 1541 oportet
2067 1509 2205 1543 exquilinu

1150 1537 1302 1565 rationibus
1316 1538 1488 1564 confirmare:
1505 1544 1608 1565 tantum
1622 1539 1681 1566 satis
1690 1541 1738 1566 effe
1746 1540 1897 1567 admonere.
1917 1543 2039 1569 Interesse
2047 1545 2120 1571 enim
2134 1546 2206 1572 inter

1149 1581 1336 1609 argumentum
1357 1574 1607 1609 conclusionemque
1625 1576 1754 1607 rationis,
1776 1582 1802 1602 et
1820 1577 1891 1603 inter
1907 1578 2072 1606 mediocrem
2087 1581 2205 1607 animad-

1150 1610 1300 1637 versionem
1313 1616 1392 1645 atque
1406 1610 1634 1637 admonitionem:
1657 1612 1753 1644 altera,
1780 1613 1882 1640 occulta
1895 1615 2023 1649 quaedam
2038 1622 2063 1642 et
2077 1617 2148 1651 quasi
2167 1618 2206 1644 in·

1103 1649 1141 1674 40
1152 1647 1245 1673 voluta
1258 1647 1374 1682 aperiri,
1400 1647 1483 1673 altera
1497 1653 1602 1681 promta
1614 1654 1640 1674 et
1654 1654 1742 1682 aperta
1756 1648 1878 1678 indicari.
1934 1652 2002 1677 Hinc
2016 1655 2090 1679 etiam
2113 1653 2206 1680 intelli·

1149 1693 1197 1719 gas
1215 1684 1293 1709 illud:
1315 1684 1401 1717 Atque
1424 1682 1474 1709 hoc
1488 1689 1575 1709 totum
1588 1683 1624 1709 est
1640 1683 1692 1710 siue
1705 1684 1785 1716 artis,
1808 1685 1860 1711 liue
1879 1686 2131 1721 animaduersionis,
2152 1689 2206 1716 flue

1150 1718 1349 1745 consuetudinis
1368 1719 1424 1745 Cic.
1440 1718 1472 1744 de
1488 1719 1563 1745 Orat.
1577 1728 1593 1745 2
1605 1728 1625 1745 e.
1642 1728 1682 1753 34.
1740 1720 1809 1747 Idem
1823 1722 1878 1748 Cic.
1893 1731 1942 1757 pro
1957 1723 2037 1750 Arch.
2051 1727 2080 1751 16
2098 1725 2128 1751 Et
2142 1725 2160 1752 fi
2173 1734 2205 1752 ex

1150 1754 1192 1781 his
1207 1755 1300 1781 studiis
1313 1754 1457 1781 delectatio
1471 1755 1524 1781 sola
1538 1761 1688 1790 peteretur,
1705 1761 1794 1783 tamen
1813 1760 1860 1789 (vt
1873 1758 1989 1793 opinor)
2006 1759 2071 1787 hane
2088 1761 2205 1788 animad-

1151 1791 1301 1818 verfionem
1322 1790 1532 1817 humaniffimam
1554 1791 1852 1825 atqueliberalissimam
1866 1793 2029 1822 iudicaretis.
2088 1796 2205 1824 Notatio

14 1836 20 1857 χ
43 1825 78 1851 ri.
114 1823 232 1852 Scribon.
246 1835 266 1851 c.
280 1830 314 1858 84
334 1826 408 1852 Vena
422 1825 553 1852 animalis.
573 1829 591 1852 i.
606 1830 712 1859 arteria,
726 1837 787 1863 quae
800 1835 882 1863 nempe
896 1829 1013 1855 animam
1021 1831 1096 1855 etiam
1106 1834 1139 1860 45
1152 1834 1277 1859 naturae,
1303 1832 1382 1861 atque
1395 1826 1590 1853 animaduersio
1611 1827 1714 1861 peperit
1733 1833 1816 1853 artem
1831 1829 1886 1854 Cic.
1903 1829 1931 1855 in
1944 1830 2019 1857 Orat.
2035 1836 2075 1863 183
2096 1841 2151 1866 cap.
2167 1841 2203 1866 55.

20 1880 21 1890 ἶ
43 1863 62 1887 i.
81 1863 162 1887 aei-em
174 1862 201 1886 in
207 1861 367 1896 pulmonibus
378 1868 520 1897 conceptum
534 1862 619 1889 vehere
627 1863 775 1897 putabatur.
811 1864 886 1899 ‚Quid
896 1864 968 1891 habet
987 1868 1097 1890 animam
1152 1862 1190 1889 Id.
1211 1862 1264 1889 Off.
1286 1871 1306 1894 1,
1330 1870 1372 1893 103
1390 1870 1445 1895 cap.
1462 1870 1492 1893 29
1524 1862 1560 1887 Ex
1575 1861 1672 1895 quibus
1686 1862 1754 1888 illud
1768 1862 1944 1898 intelligitur,
1966 1866 2097 1900 appetitus
2110 1877 2204 1895 omnes

42 1899 62 1922 ἱ.
70 1898 225 1932 principium
232 1898 324 1929 vitale,
338 1904 368 1923 vt
381 1897 487 1924 Lucret.
501 1907 520 1931 1,
536 1906 570 1933 27
594 1898 670 1925 Vnde
682 1899 798 1925 animale
812 1909 893 1934 genus
907 1900 1054 1933 generatim
1068 1900 1097 1925 in
1150 1897 1345 1924 contrahendos
1367 1895 1548 1930 sedandosque
1570 1897 1633 1929 effe,
1666 1898 1883 1934 excitandamque
1902 1900 2159 1930 animaduerfionem
2179 1911 2206 1931 et

44 1931 146 1958 lumina
158 1932 229 1958 vitae
264 1933 378 1960 Reducit
397 1935 494 1960 Venus.
551 1934 687 1960 Animalia
705 1943 819 1968 corpora
839 1935 944 1961 Lucret.
959 1943 982 1966 2,
997 1937 1060 1968 726.
1077 1937 1096 1961 i.
1151 1932 1336 1966 diligentiam,
1354 1938 1383 1958 vt
1396 1931 1502 1966 nequid
1515 1938 1652 1959 temereac
1667 1933 1798 1966 fortuito,
1818 1935 2009 1963 inconliderate
2029 1939 2205 1973 negligenter-

2 1967 18 1998 }
43 1969 162 1994 animalia
167 1968 192 2005 s
205 1971 344 1996 animantes
361 1969 466 2006 etforte
480 1971 558 1996 latius
565 1973 639 1995 etiam
647 1969 792 1995 seeundum
805 1978 865 2002 eos,
879 1970 928 2004 qui
942 1970 1009 2004 apud
1022 1969 1095 1995 Seru.
1152 1977 1204 2002 que
1218 1977 1334 2002 agamus.
1371 1969 1427 1994 Cic.
1442 1968 1488 1994 Or.
1504 1976 1546 2000 195
1563 1977 1582 1993 e.
1599 1976 1630 2002 57
1656 1968 1714 1995 Nec
1726 1970 1798 1995 enim
1811 1970 1926 2004 effugere
1940 1973 2068 2005 possemus
2085 1976 2205 2002 animad-

2 2002 11 2019 ²¹¹
35 1981 75 2032 ind
89 2003 154 2031 Aen.
167 2012 196 2037 4,
212 2011 256 2038 523
269 2004 372 2037 dicunt,
394 2005 486 2031 omnia
500 2013 569 2038 quae
582 2005 701 2031 crescunt
722 2004 848 2031 animalia
867 2006 924 2032 effe.
961 2005 1095 2031 Animales
1102 2009 1132 2034 30
1150 2003 1314 2034 verfionem,
1336 2002 1354 2028 fi
1369 2005 1470 2036 semper
1485 2002 1580 2028 iisdem
1595 2002 1714 2037 (pedibus
1728 2007 1755 2029 in
1769 2008 1897 2037 oratione)
1911 2012 2056 2034 vteremur.
2090 2013 2109 2035 ι’.
2124 2012 2204 2037 Senti.

15 2054 21 2070 ,
36 2033 90 2068 ldii,
1148 2046 1207 2065 rent
1234 2039 1345 2064 homines
1388 2035 1510 2069 molestum
1548 2037 1668 2072 quendam
1703 2038 1771 2074 quast
1801 2048 1901 2066 cantum
1914 2061 1921 2072 ,
1956 2051 2021 2069 certe
2051 2044 2204 2079 rhythmum.

1148 2071 1172 2109 ff
1188 2081 1204 2098 2
1227 2071 1444 2102 Animaduertio,
1466 2073 1568 2099 Punitto
1588 2072 1725 2108 [κόλασις]
1753 2076 1801 2110 Vt,
1828 2076 1934 2104 Summa
1946 2078 2071 2106 seueritas
2086 2081 2204 2109 animad-

43 2111 71 2137 in
83 2110 146 2137 deos
157 2131 165 2143 ,
186 2112 234 2147 qui
249 2111 414 2146 appellantur
425 2111 568 2144 animales,
589 2111 662 2146 quod
677 2112 709 2137 de
722 2112 819 2137 animis
832 2111 904 2136 fiant.
951 2111 989 2135 Hi
1004 2115 1093 2148 autem
1146 2107 1276 2133 verfionis
1289 2107 1345 2133 Cic.
1361 2108 1433 2148 lfarn.
1448 2116 1474 2140 9,
1490 2116 1528 2147 14.
1570 2108 1609 2136 Id.
1623 2108 1690 2135 Phil.
1703 2118 1723 2142 1,
1739 2118 1752 2143 5
1771 2111 1851 2139 Talis
1868 2114 2062 2143 animaduersio
2077 2117 2130 2144 fuit
2150 2119 2204 2145 Do-

30 2147 101 2173 sunt
113 2147 159 2173 Dii
173 2154 278 2181 penates
289 2154 315 2174 ct
329 2148 420 2175 viriles.
467 2147 540 2182 Conf.
560 2147 639 2180 Apul.
653 2147 685 2172 de
700 2147 758 2171 Deo
771 2146 841 2170 Socr.
855 2154 880 2178 p.
894 2153 939 2177 49.
986 2144 1090 2176 Hostia,
1147 2142 1274 2183 lab-ellae,
1294 2152 1354 2169 cum
1367 2152 1397 2170 m
1411 2143 1521 2170 audaces
1534 2144 1725 2181 sceleratosque
1737 2147 1843 2180 seruos,
1863 2155 1922 2176 tum
1939 2150 1967 2176 in
1980 2151 2099 2187 impuros
2113 2159 2139 2180 et
2158 2164 2203 2181 ne.

18 2191 20 2195 *
44 2191 108 2218 quae
128 2188 228 2209 tantum
249 2183 421 2214 immolatur,
447 2188 474 2207 et
487 2190 549 2207 caro
572 2179 751 2206 sacerdotibus
774 2179 882 2213 proficit
916 2180 1025 2206 Seruius
1059 2179 1093 2206 ad
1106 2185 1134 2212 55
1149 2179 1233 2205 farios
1248 2179 1365 2212 liberos,
1384 2185 1414 2206 vt
1427 2186 1473 2206 etc.
1510 2181 1543 2206 Et
1556 2181 1628 2207 Fam.
1644 2189 1667 2214 5,
1682 2191 1710 2208 ιο
1727 2184 1990 2213 Animaduerfionem
2003 2195 2030 2215 et
2043 2190 2204 2225 supplicium

12 2220 32 2238 ¹*
44 2218 108 2245 Aen.
121 2226 142 2249 3,
156 2226 207 2249 23¹·
242 2218 296 2243 vid.
321 2223 453 2243 HosTiA.
488 2215 678 2250 intelligentia.
717 2215 898 2250 Cic.Acad.4,
908 2224 947 2249 119
955 2225 976 2242 c.
990 2224 1022 2250 37
1035 2216 1094 2242 Erit
1148 2215 1229 2241 alicui
1243 2216 1389 2242 remittere.
1432 2217 1483 2242 Pro
1495 2217 1603 2244 Caecin.
1623 2226 1645 2244 c.
1659 2226 1684 2244 12
1714 2218 1821 2247 aetoris
1835 2222 2048 2257 animaduersio,
2072 2235 2144 2261 quam
2164 2227 2203 2253 de-

0 2258 3 2264 *
77 2253 113 2286 'm
132 2253 281 2287 persuasum
304 2252 384 2278 etiam
404 2251 503 2283 solem,
524 2250 631 2283 lunam,
650 2250 735 2277 stellas
748 2260 850 2285 onmes,
871 2258 986 2284 terram,
1007 2260 1092 2284 mare,
1145 2254 1228 2278 cernit
1244 2253 1349 2278 Praetor
1357 2249 1499 2288 postulante
1513 2250 1606 2280 affore.
1642 2253 1716 2281 Idem
1731 2256 1806 2283 Verr.
1822 2265 1843 2289 1,
1855 2266 1883 2291 55
1903 2259 2058 2293 Improbum
2089 2262 2133 2288 sed
2146 2272 2202 2289 non

3 2307 6 2316 .
19 2285 35 2308 ¹⁵·
46 2288 106 2316 'deos
117 2288 177 2315 effe:
197 2287 270 2323 quod
284 2287 412 2323 quaedam
427 2286 551 2313 animalis
563 2287 744 2322 Intelligentia
758 2297 805 2322 per
818 2288 910 2314 omnia
932 2295 1049 2322 permeet
1064 2295 1090 2314 et
1146 2287 1299 2314 inauditum
1317 2296 1398 2322 genus
1410 2288 1648 2316 animaduersionis
1661 2290 1760 2317 videte.
1798 2293 1915 2329 Sequitur
1933 2295 2021 2322 deinde
2036 2280 2068 2323 de,
2083 2297 2204 2326 horribili

15 2353 31 2358 Ι
44 2335 78 2347 '·.
98 2321 160 2352 eat.
214 2323 350 2350 Animales
372 2331 413 2349 res
437 2329 612 2358 opponuntur
638 2324 768 2350 Inanimis
798 2323 932 2357 Qiinffil.
956 2329 985 2356 8,
1012 2326 1043 2356 6,
1066 2333 1090 2357 9.
1143 2326 1260 2351 cruciatu
1281 2324 1337 2350 Cic.
1352 2323 1405 2350 Off.
1422 2333 1442 2356 1,
1457 2329 1484 2354 88
1505 2334 1527 2350 c.
1543 2332 1574 2358 25
1599 2325 1694 2352 Omnis
1707 2333 1795 2355 autem
1814 2329 2007 2357 animaduersio
2027 2338 2053 2358 et
2065 2333 2202 2368 castigatio

10 2377 12 2380 ψ
19 2362 28 2395 a'
51 2356 149 2397 mih-38,
160 2368 194 2393 42
213 2360 297 2395 Equas
312 2360 434 2386 Fauonio
448 2360 526 2385 flante
539 2358 664 2386 obseruas
673 2380 681 2392 ,
704 2360 847 2386 animalem
861 2360 1001 2394 concipere
1015 2361 1092 2394 spiri-
1101 2364 1135 2389 60
1146 2360 1310 2386 contumelia
1321 2368 1415 2386 vacare
1427 2359 1514 2386 debet.
1539 2360 1578 2387 Id.
1594 2370 1643 2395 pro
1656 2362 1761 2390 Cluent.
1771 2372 1816 2396 129
1836 2365 1954 2393 Maiores
1967 2367 2051 2394 nostri
2064 2377 2201 2404 nunquam

147 2040 254 2067 Seruius
267 2041 296 2066 in
311 2041 376 2067 Aen.
389 2049 411 2072 3,
428 2042 472 2069 168
499 2039 588 2066 Labeo
602 2041 631 2066 in
653 2040 732 2067 libris
749 2041 798 2075 qui
810 2041 977 2075 appellantur
996 2041 1028 2066 de
1042 2040 1094 2066 diis

42 2075 209 2110 animalibus,
227 2076 264 2102 ait
277 2077 325 2102 effe
338 2075 468 2111 quaedam
482 2076 562 2108 sacra,
582 2075 681 2111 quibus
694 2077 798 2102 animae
813 2076 944 2102 humanae
956 2082 1095 2100 vertantur

0 2401 16 2428 :p
53 2391 120 2433 thur:
136 2395 211 2431 idque
224 2402 329 2430 partum
343 2395 412 2422 fieri.
450 2395 582 2422 Animalis
594 2397 673 2422 sonus
688 2396 745 2422 Cic.
760 2395 792 2422 de
807 2396 900 2422 Diuin.
915 2405 939 2428 2,
960 2405 1007 2429 133.
1025 2399 1043 2422 i.
1052 2399 1093 2422 vi-

3 2452 10 2470 0
55 2429 133 2467 vidus,
145 2429 298 2465 detgstudine
309 2429 481 2463 instrumento.
519 2432 576 2458 Cic.
590 2431 622 2458 de
630 2432 712 2458 Vniu.
726 2441 760 2459 20
768 2442 788 2458 c.
798 2441 815 2466 9
831 2432 963 2467 colligatis
972 2433 1093 2466 corpori-

0 2481 19 2500 ῃ.
55 2465 212 2502 blis4vis1cuiis
224 2468 401 2500 animalibus,
422 2473 480 2494 tum
492 2468 638 2495 animantia
649 2475 708 2495 orta
721 2469 789 2495 sunt.

86 2509 182 2538 421le
191 2510 212 2530 A
222 2511 239 2530 L
249 2511 266 2531 C
276 2501 296 2529 ὕ
304 2511 320 2529 L
329 2511 351 2530 V
360 2510 400 2536 M,
421 2504 441 2530 i.
460 2504 562 2532 Dimin.
577 2502 692 2539 [g'w‘i'dtor]
711 2506 819 2531 Paruum
832 2504 935 2530 animal.
958 2503 1035 2530 Nullo
1049 2502 1093 2529 ad-

48 2537 198 2576 §negantique
211 2538 312 2566 ααέἶονε
318 2540 347 2576 se
366 2546 458 2567 tuetur.

78 2581 130 2602 AN
140 2582 183 2602 1M
192 2582 214 2602 A
223 2583 240 2603 1.
249 2581 288 2602 1‘r
297 2583 314 2603 E
323 2583 352 2603 R.
374 2575 443 2602 Adu.
459 2575 566 2610 August.
579 2575 696 2603 Retraei.
713 2584 721 2602 1
736 2584 790 2610 cap.
806 2575 854 2602 vlt.
870 2584 896 2601 n.
912 2577 958 2609 67.

77 2616 339 2644 ANIMAmms,
355 2611 410 2638 vid.
428 2618 563 2638 AN1M0
582 2612 630 2648 sub
651 2619 820 2639 ANIMVS.

77 2653 129 2673 AN
136 2654 148 2673 1
158 2652 183 2673 M
193 2653 216 2673 A
224 2653 243 2673 D
250 2653 272 2672 V
281 2653 298 2672 Ε
307 2654 327 2673 R
336 2654 357 2674 T
367 2654 386 2674 Ο
395 2667 403 2679 ,
422 2647 460 2679 ti,
481 2647 537 2673 sum
546 2667 555 2679 ,
572 2649 625 2674 ete.
645 2646 772 2681 [dioevoim‚
792 2648 892 2679 ἐπινοέω,
913 2647 1012 2678 σκοπὲω,
1027 2645 1091 2682 φροί-

35 2700 38 2706 ,
50 2671 69 2716 ‚30
110 2683 138 2716 ι]
163 2678 197 2715 est
212 2683 330 2708 Animum
344 2681 378 2707 ad
390 2691 441 2708 rem
462 2682 571 2717 aliquam
583 2683 720 2715 aduertere,
759 2683 808 2710 uod
819 2684 860 2709 vel
873 2690 960 2708 temere
967 2681 1028 2717 fieri
1034 2689 1093 2718 pot-

26 2722 29 2729 ·
50 2693 109 2750 ssiu?
119 2723 143 2743 et
155 2723 259 2752 praeter
272 2716 397 2751 confilium
406 2737 414 2749 ‚
440 2718 481 2744 vel
492 2717 577 2744 dedita
588 2725 661 2755 opera
674 2719 703 2745 ab
716 2693 757 2745 idq
756 2719 884 2756 agentibus
892 2730 899 2743 :
920 2718 1035 2753 vnde-pro
1045 2719 1092 2745 Ob-

1 2775 7 2781 ,,
39 2752 148 2785 ¹⁸firmare,
173 2751 345 2787 Covfiderare‚
364 2753 471 2785 Curare,
485 2756 599 2789 ponitur.
634 2754 750 2781 Laudant
763 2765 792 2782 ex
807 2756 895 2782 Plauto
916 2753 1090 2781 Animaduer-

2 2803 16 2818 ,ν
34 2792 37 2815 ἶ
54 2797 70 2815 o
84 2787 223 2815 hominem
235 2787 415 2822 subalbidum,
436 2789 590 2816 tremulum.
609 2793 627 2817 i.
636 2791 773 2827 Con-[fficio.
811 2792 868 2818 Cic.
882 2790 914 2817 de
925 2790 1088 2825 Diuin.1,79

42 2823 199 2859 =²xperre6ta
215 2825 306 2851 nutrix
325 2825 515 2852 animaduertit
534 2835 646 2861 puerum
665 2826 842 2854 dormientem
862 2826 1089 2861 circumplicatum

51 2860 168 2895 'ei-pentis
178 2860 309 2895 amplexu.
365 2861 392 2888 Si
408 2861 623 2889 animaduersum
638 2863 697 2889 elset
710 2863 780 2898 Nep.
796 2871 834 2899 17,
843 2866 868 2896 6,
877 2872 900 2889 2.
935 2864 966 2889 Et
981 2865 1019 2895 16,
1033 2869 1055 2895 5,
1069 2871 1088 2896 4

4 2915 18 2930 ᾗ,
34 2912 37 2916 -
52 2898 74 2922 ἠ
87 2904 141 2932 quo
154 2896 256 2931 praelio
270 2897 449 2924 Alexandrum
461 2904 492 2925 vt
505 2898 703 2926 animaduertit.
760 2901 829 2926 Haec
836 2899 895 2935 fere
913 2898 947 2924 ad
957 2898 1037 2935 casum
1050 2909 1087 2925 re-

40 2937 161 2969 traantur
171 2942 180 2957 :
200 2931 296 2967 coyt-lilii
307 2933 371 2970 sunt
384 2933 433 2967 ista
453 2934 521 2961 Ter.
536 2934 614 2962 Phor.
629 2944 652 2968 3,
667 2944 687 2968 1,
697 2944 710 2968 3
731 2935 805 2962 Alios
819 2941 891 2962 tuam
904 2943 961 2960 rem
976 2934 1088 2962 credidi-

65 2968 76 2995 i
88 2967 179 3003 magis,
191 2977 271 3004 quam
283 2975 336 2996 tete
342 2969 582 2997 animaduersuros.
619 2971 667 2999 Sed
676 2971 742 3008 quod
753 2971 856 2998 laudant
865 2971 932 2997 Ter.
949 2971 1013 2997 Eun.
1020 2971 1089 2998 Prol-

64 3014 83 3038 4
113 3004 179 3030 Date
194 3013 317 3039 operam,
343 3012 370 3033 et
382 3015 443 3033 cum
464 3006 568 3033 filentio
585 3007 809 3040 animaduertite,
833 3011 860 3034 in
883 3007 958 3034 MSS.
977 3004 1010 3040 est
1034 3007 1090 3034 ani-

39 3067 41 3069 ,
53 3054 56 3061 ι
90 3049 119 3066 m
130 3040 264 3067 attendite.
300 3041 358 3068 Cic.
372 3042 426 3069 Att.
438 3047 462 3076 8,
475 3051 503 3076 19
523 3043 589 3070 Non
603 3044 676 3070 enim
691 3052 741 3078 pro
754 3050 800 3070 tua
812 3041 951 3078 Prudentia
964 3042 1042 3070 debes
1055 3044 1087 3070 il-

45 3074 91 3101 ud
103 3074 189 3102 solum
202 3076 420 3105 animaduertere.

3 2696 9 2714 ν-
0 2660 8 2678 ›-
0 2514 15 2641 ,Vr-⁴25⁶·

58 3116 120 3144 ant,
135 3114 191 3151 'nec
203 3111 269 3146 quid
293 3121 398 3147 agamus
423 3114 650 3143 animaduertunt.

38 3164 39 3167 =
59 3152 181 3182 ceperint
193 3147 261 3174 cels.
271 3156 280 3174 t
300 3150 382 3183 praef.
403 3150 460 3178 Cic.
473 3151 503 3177 in
515 3151 595 3178 Catil.
612 3161 632 3185 1,
640 3161 674 3179 ιο
694 3151 769 3186 Qiid
783 3152 828 3184 est,
850 3151 980 3184 Catilina,
993 3152 1090 3187 ecquid

60 3182 174 3225 ttendis}
200 3182 297 3218 ecquid
313 3185 501 3214 animaduertis
513 3187 610 3214 horum
628 3188 780 3215 silentium?
805 3188 861 3214 Cic.
883 3186 915 3213 de
932 3187 994 3214 Nat.
1007 3189 1089 3215 Deor.

28 3254 32 3258 η
59 3227 110 3252 ,ι4
145 3218 194 3245 sed
207 3225 236 3245 vt
249 3219 342 3252 adsint,
362 3224 533 3256 cognoscant,
554 3224 774 3251 animaduertant.
817 3222 855 3250 Id.
876 3225 930 3250 Aet.
944 3226 988 3256 6‚i
1009 3224 1090 3250 Dein-

65 3262 132 3290 qme
145 3254 266 3282 obsecras
276 3256 460 3291 amantiss'ime,
478 3268 512 3286 ne
526 3259 671 3287 obliuiscar
686 3260 815 3295 vigilare,
842 3265 868 3286 et
880 3265 909 3286 vt
920 3260 1087 3287 animaduer-

30 3305 38 3328 ².
61 3298 116 3325 am,
133 3299 199 3326 quae
213 3291 287 3318 fiant.
308 3292 369 3320 Liu.
385 3293 470 3321 Praef.
489 3294 538 3321 Sed
549 3294 613 3322 haec
626 3302 652 3323 et
665 3296 707 3323 his
719 3296 815 3324 similia
829 3301 962 3331 vtcunque
974 3296 1091 3323 animad-

29 3332 36 3338 '
69 3339 95 3358 μ
104 3358 111 3361 ⁴
132 3327 340 3367 authexistimata
353 3335 446 3361 erunt,
460 3328 545 3357 haud
555 3331 584 3357 in
595 3341 692 3367 magno
706 3331 830 3368 equidem
844 3340 941 3366 ponam
960 3332 1090 3360 discrimi-

59 3375 69 3394 ι,
87 3362 163 3400 ’ξ’-,(ᾼά
177 3362 224 3390 illa
237 3363 308 3391 mihi
320 3373 370 3399 pro
389 3365 415 3391 se
430 3365 543 3401 quisque
556 3367 651 3396 acriter
662 3369 783 3395 intendat
805 3368 935 3395 animum.
969 3369 1039 3404 Nep.
1055 3377 1089 3403 15,

30 3409 41 3418 =·
59 3413 77 3438 χ
91 3412 110 3435 3.
141 3399 362 3433 Animaduertere
383 3400 481 3428 debere
499 3402 628 3436 Arcades,
664 3405 754 3439 quales
771 3411 883 3439 vtraque
904 3403 997 3431 ciuitas
1019 3405 1091 3432 ciues

701 3115 922 3143 Animaduertere
933 3135 941 3147 ,
976 3115 1045 3142 vnde
1059 3125 1090 3142 ea

108 3479 110 3481 ’
147 3470 289 3499 imaduerti
307 3473 408 3508 potest,
431 3476 450 3500 i.
465 3473 598 3510 obseruari·
651 3476 708 3509 Sic,
735 3478 770 3504 Vt
784 3483 810 3503 et
824 3476 852 3503 in
867 3477 977 3503 caeteris
991 3477 1092 3504 artibus

70 3516 72 3525 ¹
88 3509 118 3534 1¹·
140 3508 267 3535 0uertitur
283 3508 404 3536 Scribon.
421 3518 477 3543 199.
516 3510 586 3536 Ter.
600 3509 677 3538 Phor.
693 3520 716 3545 5,
724 3518 748 3545 8,
758 3515 786 3539 16
803 3512 942 3547 Postquam
955 3518 1091 3548 tantopere

72 3553 73 3556 ¹
114 3554 126 3563 ¹>
148 3542 216 3570 velle
227 3545 476 3573 animaduerteram.
524 3545 781 3575 Animaduertuntur
791 3549 847 3576 sues
862 3558 876 3574 a
889 3548 974 3581 facie,
992 3555 1018 3576 et
1031 3559 1092 3584 pro-

60 3587 65 3616 J
79 3589 93 3597 ¹
114 3581 146 3614 g,
159 3585 186 3606 et
198 3581 309 3616 regione
323 3582 400 3608 caeli.
420 3585 438 3608 ι’.
452 3581 644 3616 Confiderantur
663 3584 749 3610 Varro
763 3584 795 3610 de
810 3585 841 3611 R.
851 3585 883 3611 R.
893 3593 925 3616 2,
938 3593 966 3617 4,
979 3593 1006 3618 4.
1043 3586 1092 3613 Ob—

0 3630 8 3635 »-
30 3615 45 3646 J
65 3619 148 3653 mtqlq
163 3614 292 3652 discrimen
312 3621 380 3645 inter
400 3617 553 3653 Intelligere
573 3625 596 3644 et
609 3618 844 3647 Animaduertere:
869 3619 1032 3655 Intelligitur
1046 3622 1093 3649 ali-

61 3645 301 3693 {Qumientiu
324 3654 559 3682 Animaduertitur
573 3654 686 3681 sensibus
699 3656 830 3690 praesenti
842 3657 934 3682 animo
947 3657 1090 3685 vtentibus.

63 3703 67 3707 -
84 3690 203 3726 Qque
221 3689 294 3716 enim
314 3690 480 3718 aduertimu·
499 3700 557 3717 rem
577 3690 695 3725 aliquam
714 3691 814 3724 oculis,
837 3697 883 3718 aut
904 3692 1001 3726 quouis
1018 3694 1093 3721 sensu

63 3723 299 3760 -01'P0m‘2absque
314 3726 398 3754 animi
412 3727 570 3755 intentione.
607 3726 744 3754 Asconius.
767 3747 773 3753 .
796 3747 802 3753 .
824 3747 830 3753 .

38 3768 42 3773 ι
63 3760 176 3793 :foui-ate·
195 3759 249 3788 Cic.
262 3762 333 3789 Fam.
346 3771 370 3795 3,
388 3770 412 3796 ς.

64 3796 167 3830 :turem

511 3764 516 3768 ι
646 3763 650 3767 -
709 3763 713 3767 ’
829 3763 835 3768 ⁹
860 3729 936 3768 54⁶¹
946 3728 985 3754 ille
995 3730 1093 3770 quidem

466 3762 654 3791 Atumaduerti
671 3772 744 3790 emm
763 3770 789 3790 et
809 3762 895 3790 didici
913 3772 945 3790 ex
963 3765 1094 3793 tuis·lite-

37 3854 46 3873 ,μ
67 3823 94 3852 ul
105 3827 310 3872 &limaduertere
322 3834 476 3867 proximum
498 3835 623 3863 liotorem
637 3835 720 3868 iuuit,
739 3841 765 3862 et
777 3835 798 3862 is
813 3835 966 3862 inclamauit
981 3836 1092 3872 Liu.24‚

10 3879 11 3882 =
65 3868 100 3903 }4·
131 3863 222 3907 Qum
241 3866 323 3895 hel-or
350 3870 530 3898 animaduerti
547 3880 580 3898 ex
593 3880 669 3899 more
690 3871 791 3899 iuffiffet
811 3872 880 3898 Suet.
893 3871 966 3898 Caes.
979 3881 1033 3908 cap.
1052 3879 1093 3905 80.

10 3905 11 3910 ¹
32 3920 33 3923 η
67 3895 380 3940 μξθὲῐζιὲηνΜαςζΙὶναῖιιε
401 3906 625 3934 Animaduertere
638 3907 773 3941 lictorem,
791 3911 808 3935 i.
817 3906 989 3941 attentumeffe
995 3909 1041 3945 suo
1053 3910 1094 3947 os.

66 3975 70 3989 ι

200 4014 283 4037 vot..
309 4011 331 4038 1.

1101 2913 1132 2941 7)

475 3079 532 3106 Cic.
542 3078 574 3105 de
589 3080 653 3106 Nat.
667 3081 748 3107 Deor.
763 3089 783 3113 1,
799 3089 810 3112 3
844 3080 902 3106 Nec
921 3078 1033 3106 omnino
1047 3089 1089 3106 cu-
1101 3089 1132 3115 80

130 3450 136 3455 =
173 3440 208 3462 et.
244 3436 301 3463 Cic.
315 3436 348 3463 de
363 3437 472 3464 Amicit.
486 3445 521 3473 27
540 3438 622 3472 Qud
642 3440 752 3475 quidem
767 3440 844 3475 quale
859 3439 898 3472 sit,
919 3440 999 3467 etiam
1010 3441 1038 3468 in
1046 3441 1091 3468 be·
1100 3454 1135 3478 90
1147 3443 1204 3468 effe.

66 3938 124 3976 ¹0¹9?
147 3934 227 3969 lidkor
243 3939 388 3974 populum,
409 3943 593 3979 inpraesentia
610 3942 774 3980 magistratus
797 3944 923 3981 obse-ruam
942 3944 1055 3972 honorem
1072 3949 1096 3972 ei

135 3989 143 3997 ·
335 3975 356 4013 ff
377 3985 391 4010 3
411 3978 620 4016 Hinc-speciatim
632 3980 666 4006 ad
669 3987 764 4016 poenas
774 3979 951 4017 transfertur,
981 3981 1203 4018 Namqueao5Ecl.
1219 3991 1246 4016 9,
1261 3989 1292 4014 51,
1306 3981 1405 4008 Omnia
1422 3980 1476 4008 fert
1488 3986 1575 4013 aetas,
1589 3981 1711 4009 animum
1723 3988 1839 4017 quoque.

1148 2395 1281 2422 iudicium
1297 2396 1520 2428 nominaucrunt,
1547 2405 1634 2431 neque
1647 2398 1758 2433 perinde
1773 2406 1802 2426 vt
1814 2409 1872 2428 rem
1887 2402 2029 2430 iudicatam
2043 2404 2202 2433 obseruaue-

1147 2437 1209 2458 runt
1224 2431 1481 2458 animaduersionem
1495 2439 1520 2458 et
1534 2432 1722 2461 auctoritatem
1735 2436 1890 2464 censoriam.
1927 2437 1970 2472 Est
1982 2442 2064 2476 igitur
2084 2450 2119 2474 ea,
2141 2452 2202 2478 quae

1147 2469 1213 2494 alias
1223 2474 1327 2493 vocatur
1341 2467 1415 2495 Nota
1429 2468 1564 2495 Censoria.
1601 2471 1640 2496 De
1655 2477 1736 2506 poeno
1743 2476 1848 2508 proprie
1861 2473 1931 2501 dian
1942 2474 2086 2503 adhibetur:
2110 2478 2201 2505 Extra-

1148 2503 1286 2529 ordinaria
1305 2503 1533 2531 animaduerlione
1551 2506 1728 2533 temeritatem
1743 2507 1897 2543 aliquorum
1909 2512 2032 2538 co‘e'rcere
2045 2513 2106 2548 le.
2121 2514 2137 2540 l.
2152 2514 2201 2542 vlt.

1103 2549 1135 2581 ⁶5
1150 2539 1181 2565 D.
1191 2539 1223 2565 de
1239 2540 1311 2565 Furt.
1349 2539 1376 2565 Si
1390 2540 1455 2574 quid
1469 2541 1530 2573 erit,
1540 2541 1612 2576 quod
1624 2543 1755 2570 maiorem
1768 2545 2025 2575 animaduersionem
2041 2550 2129 2583 exigat
2150 2551 2202 2577 Ve-

1148 2575 1254 2602 nuleius
1268 2575 1286 2601 l.
1314 2575 1341 2601 Si
1355 2575 1420 2610 quid
1435 2576 1495 2603 erit.
1532 2577 1564 2603 D.
1576 2577 1611 2604 de
1627 2577 1703 2605 Offic.
1718 2580 1840 2608 Procons.
1880 2583 1947 2608 Haec
1959 2590 2039 2610 autem
2052 2586 2162 2618 grauior
2175 2593 2202 2613 et

1148 2612 1236 2651 maior
1261 2611 1455 2639 animaduersio
1469 2632 1478 2645 ,
1510 2611 1544 2646 est*
1557 2617 1660 2648 punitio
1680 2615 1810 2652 infamiae.
1866 2617 2000 2646 Nocentes
2021 2621 2068 2654 qui
2089 2620 2201 2650 duriore

1147 2647 1376 2675 animaduerlione
1391 2648 1512 2683 indigent
1529 2649 1703 2677 Modestin.1.
1718 2651 1864 2680 Custodiae.
1890 2654 1922 2680 D.
1941 2654 1974 2682 de
2012 2656 2065 2682 ubl.
2081 2657 2200 2686 iudiciis.

1148 2684 1282 2710 Grauiore
1295 2684 1524 2711 animaduerlione
1545 2685 1666 2720 indigent
1690 2687 1795 2722 leian.
1808 2689 1837 2715 in
1850 2689 1867 2715 l.
1882 2698 1901 2717 t.
1936 2690 1968 2717 D.
2006 2701 2021 2718 e
2034 2691 2111 2721 Offic.
2126 2695 2201 2722 Prae-

1097 2733 1133 2761 70
1145 2719 1208 2746 fec‘t.
1224 2720 1289 2747 Vrb.
1327 2720 1444 2755 Capitali
1455 2721 1683 2749 animaduerlione
1695 2724 1787 2757 puniri
1800 2725 1891 2753 lustin.
1904 2726 1951 2753 sub
1966 2727 2010 2754 fin.
2025 2728 2086 2755 Inst.

1181 2763 1203 2782 A
1214 2763 1236 2782 N
1246 2764 1254 2782 1
1264 2763 1288 2782 M
1298 2763 1319 2782 A
1330 2764 1348 2783 D
1357 2764 1377 2783 v
1387 2763 1404 2783 Ε
1413 2763 1452 2784 Rs
1464 2764 1482 2784 o
1493 2764 1511 2783 R
1520 2777 1528 2789 ,
1549 2758 1613 2790 oris,
1630 2767 1666 2785 m.
1689 2759 1847 2795 Obseruatmz
1869 2762 1925 2789 Cic.
1941 2763 1994 2790 Off.
2008 2766 2086 2798 1,146
2104 2774 2160 2800 cap.
2168 2774 2200 2800 4¹

1144 2793 1237 2827 Itaque
1258 2798 1287 2819 vt
1301 2792 1330 2818 in
1350 2791 1448 2819 fidibus
1469 2793 1646 2827 mulicorum,
1672 2803 1749 2822 aures
1763 2797 1805 2823 vel
1819 2798 1932 2825 minima
1946 2800 2076 2827 sentiunt:
2096 2801 2129 2828 fic
2143 2811 2200 2833 nos,

1143 2828 1161 2854 si
1174 2837 1245 2855 acres
1265 2837 1294 2855 ac
1318 2828 1459 2863 diligentes
1473 2830 1522 2855 effe
1541 2830 1666 2857 volumus
1684 2831 1912 2861 animaduersores
1933 2835 2066 2864 vitiorum
2105 2847 2200 2872 magna

1140 2864 1215 2899 saepe
1229 2864 1404 2899 intelligimus
1418 2874 1450 2891 ex
1463 2865 1561 2900 paruis.
2074 2860 2082 2872 ’

1181 2908 1233 2927 AN
1247 2908 1291 2927 ιΜ
1301 2908 1321 2927 A
1333 2907 1352 2927 Ι)
1362 2909 1382 2928 ν
1393 2908 1458 2930 ERs
1468 2909 1521 2934 vs,
1543 2900 1581 2927 sis.
1596 2911 1632 2928 m.
1652 2902 1788 2938 Lamprid.
1801 2904 1830 2931 in
1846 2905 1935 2933 Seuer.
1949 2916 1970 2933 c.
1985 2914 2017 2940 25
2037 2908 2067 2933 In
2082 2902 2199 2935 animad-

1143 2936 1261 2964 verfibus
1272 2937 1361 2972 asper:
1389 2944 1418 2964 vt
1431 2940 1518 2972 reponi
1530 2939 1586 2964 vult
1598 2938 1784 2976 Salmasius-pro
1797 2941 2080 2970 animaduersionibus.
2109 2944 2112 2946 ’

1179 2979 1358 3006 AN1MAL,
1394 2973 1616 3001 vid.AN1MA.

1181 3016 1204 3036 A
1219 3016 1242 3036 N
1256 3017 1266 3035 1
1280 3016 1306 3036 M
1321 3016 1343 3036 A
1357 3017 1380 3036 Ν
1396 3017 1408 3036 s
1418 3029 1426 3042 ,

1181 3052 1415 3078 ANtMA'rm,
1435 3052 1671 3078 ANmtATvs,
1691 3045 1744 3073 vid.
1758 3046 1913 3084 Animosub
1927 3054 2100 3077 ANIMVS.

1181 3088 1234 3109 AN
1246 3088 1393 3113 1MVLA,
1428 3081 1650 3108 vid.AN1MA.

1181 3123 1416 3149 AN1MVLVS,
1452 3116 1694 3145 vid.AN1Mvs.

1183 3160 1203 3180 A
1215 3160 1237 3180 Ν
1246 3152 1257 3179 ἶ
1266 3160 1292 3180 Μ
1302 3160 1323 3180 V
1332 3159 1345 3180 S
1354 3173 1362 3185 ,
1384 3153 1403 3180 i.
1432 3153 1585 3187 [λογισμδς,
1604 3153 1705 3187 θυμὸς,
1733 3152 1812 3188 dvxi,
1831 3154 1879 3180 νοῦς
1892 3155 1950 3181 Vet.
1963 3154 2065 3190 Gioffi]
2085 3156 2160 3192 and
2168 3160 2197 3184 in

1145 3188 1216 3215 nobis
1230 3192 1340 3226 cogitat,
1367 3190 1507 3226 intelligit,
1524 3191 1595 3216 vult:
1635 3189 1751 3226 quomodo
1772 3190 1802 3217 ab
1822 3190 1919 3216 Anima
1936 3190 2057 3224 dzfferat,
2078 3192 2198 3221 vidimus.

1145 3224 1218 3252 Addi
1234 3223 1314 3261 potest
1334 3225 1399 3252 illud
1416 3225 1504 3252 Seruii
1519 3225 1551 3252 ad
1566 3226 1631 3253 Aen.
1645 3234 1684 3258 10,
1697 3231 1750 3261 487
1779 3226 1890 3252 Animus
1904 3225 2008 3253 consilii
2019 3227 2069 3254 est:
2088 3229 2197 3263 Anima,

1104 3268 1132 3297 85·
1146 3261 1228 3288 vitae.
1285 3262 1372 3288 Varro
1383 3261 1451 3296 apud
1469 3262 1542 3288 Non.
1563 3269 1585 3295 5,
1598 3270 1633 3289 20
1667 3263 1779 3289 Animus
1793 3261 1826 3288 ad
1844 3260 2049 3297 intelligentiam
2069 3264 2195 3292 tributus.

1145 3296 1283 3334 Magnifice
1295 3296 1440 3333 Africanus
1453 3297 1487 3323 ad
1495 3299 1613 3333 Nepotem
1624 3297 1697 3334 stium
1716 3304 1756 3333 ap.
1772 3298 1827 3324 Cic.
1845 3297 1874 3323 in
1889 3297 1977 3326 Somn.
1991 3308 2013 3326 c.
2027 3304 2041 3330 8
2068 3300 2117 3327 Tu
2130 3310 2198 3328 vero

1147 3333 1250 3360 enitere
1270 3338 1296 3359 et
1316 3333 1349 3360 iic
1370 3332 1485 3366 habeto,
1504 3343 1559 3360 non
1576 3334 1624 3360 effe
1642 3340 1668 3360 te
1679 3333 1833 3363 mortalem3
1859 3333 1901 3360 sed
1914 3343 2008 3369 corpus
2021 3335 2080 3362 hoc.
2138 3337 2198 3364 Nec

1148 3370 1220 3396 enim
1235 3375 1263 3396 tu
1278 3378 1315 3402 ες,
1329 3378 1410 3404 quem
1423 3370 1512 3396 forma
1530 3369 1578 3396 ista
1596 3369 1726 3402 declarat,
1747 3368 1789 3395 sed
1804 3378 1877 3395 mens
1890 3370 2007 3398 cuiusuis
2021 3371 2057 3398 est
2070 3373 2196 3408 quisque:

1147 3415 1202 3432 non
1216 3414 1247 3432 ea
1261 3405 1362 3440 figura,
1378 3414 1446 3440 quae
1459 3405 1546 3440 digito
1562 3405 1736 3432 demonstrari
1749 3405 1841 3439 potest.
1878 3406 1963 3433 Deum
1979 3414 2006 3434 te
2025 3408 2109 3442 igitur
2130 3409 2196 3435 scito

1260 3441 1397 3477 Siquidem
1413 3442 1482 3468 Deus
1496 3442 1546 3474 est,
1567 3442 1616 3477 qui
1627 3442 1717 3476 viget,
1744 3441 1792 3475 qui
1805 3441 1896 3475 sensit,
1922 3443 1970 3478 qui
1982 3444 2122 3476 meminit,
2147 3444 2196 3478 qui

1146 3477 1273 3513 prouidet
1281 3498 1289 3511 ,
1310 3478 1359 3513 qui
1372 3484 1427 3505 tam
1438 3478 1525 3513 regit,
1547 3485 1573 3504 et
1586 3476 1749 3508 moderatur,
1768 3482 1795 3503 et
1806 3484 1899 3505 mouet
1911 3479 1939 3505 id
1947 3488 2052 3514 corpus,
2067 3480 2109 3506 cui
2123 3488 2197 3514 prae-

1147 3514 1244 3549 positus
1252 3514 1298 3546 est,
1317 3523 1398 3549 quam
1412 3513 1482 3541 hunc
1493 3513 1623 3541 mundum
1637 3513 1682 3539 ille
1695 3512 1816 3548 princeps
1830 3514 1915 3541 Deus:
1940 3521 1966 3541 et
1979 3522 2008 3542 vt
2021 3515 2149 3541 mundum
2162 3523 2196 3542 ex

1146 3550 1260 3585 quadam
1273 3556 1347 3585 parte
1360 3550 1502 3577 mortalem
1517 3550 1571 3584 ipse
1585 3549 1654 3576 Deus
1667 3554 1804 3582 aeternus,
1827 3549 1860 3577 fic
1874 3550 1970 3585 fragile
1984 3560 2077 3586 corpus
2092 3551 2196 3578 animus

1145 3587 1321 3621 sempiternus
1331 3592 1432 3613 mouet.
1487 3587 1534 3614 Sed
1544 3592 1624 3611 tamen
1637 3587 1712 3610 etiam
1727 3588 1804 3612 mutis
1821 3588 1990 3613 animantibus
2002 3587 2131 3613 tribuitur.
2141 3595 2195 3624 vg.

1109 3631 1141 3658 93
1148 3623 1205 3649 Cic.
1218 3623 1302 3649 Tusc.
1316 3631 1336 3655 1,
1350 3628 1382 3652 80
1395 3632 1417 3649 c.
1429 3630 1456 3655 33
1476 3623 1596 3655 erum
1610 3618 1777 3654 (bestiarum)
1796 3622 1880 3649 animi
1894 3623 1953 3649 sunt
1969 3622 2081 3649 rationis
2104 3631 2196 3657 exper-

1148 3665 1196 3686 tes.
1249 3658 1328 3693 Apul.
1347 3657 1380 3685 de
1399 3658 1457 3685 Deo
1480 3658 1550 3684 Socr.
1569 3665 1593 3691 p.
1608 3664 1650 3689 54,
1664 3664 1692 3690 35
1716 3657 1821 3692 Equum
1835 3659 1921 3693 ipsum
1935 3658 2051 3690 nudum,
2070 3663 2096 3684 et
2109 3659 2197 3686 solum

1148 3703 1244 3729 corpus
1258 3695 1315 3721 eius
1328 3700 1354 3720 et
1367 3695 1486 3721 animum
1500 3692 1719 3727 contemplamur.
1754 3693 1855 3720 Sallust.
1882 3693 1960 3721 Catil.
1975 3701 1999 3726 31
2018 3694 2098 3720 Haud
2117 3695 2196 3721 facile

1147 3732 1251 3758 animus
1263 3739 1358 3757 verum
1371 3729 1511 3765 prouidet,
1528 3728 1577 3755 vbi
1591 3728 1638 3755 illa
1651 3726 1779 3756 officiunt.
1821 3729 1889 3757 Ter.
1903 3729 1978 3758 Adel.
1990 3738 2019 3762 4,
2033 3737 2056 3762 5,
2075 3738 2104 3756 2¹
2133 3731 2197 3757 Ani-

1147 3775 1193 3793 mo
1206 3766 1275 3793 male
1294 3766 1339 3793 est.
1394 3765 1462 3792 Ibid.
1477 3774 1505 3798 4,
1519 3773 1548 3797 4,
1562 3773 1574 3796 3
1605 3765 1717 3792 Animus
1735 3766 1834 3793 timore
1854 3764 1999 3800 obstupuit.
2056 3765 2105 3792 Sed
2120 3769 2198 3793 etiam

1123 2912 1133 2919 .a

360 3796 381 3836 fl
397 3807 414 3826 2
439 3799 677 3832 Animaduertere,
698 3799 793 3826 dicitur
806 3798 834 3825 de
847 3796 987 3827 littoribus.
1021 3803 1276 3835 con-100Animus‚
1290 3809 1339 3839 pro
1353 3802 1459 3833 Anima,
1478 3811 1493 3827 a
1504 3800 1635 3827 Cicerone
1646 3800 1750 3834 dicitur,
1768 3808 1798 3828 vt
1810 3802 1839 3828 in
1851 3802 1952 3828 Catone
1964 3807 2038 3828 extr.
2058 3801 2124 3835 Qi,
2139 3801 2157 3828 fi
2167 3803 2197 3828 in

1149 3838 1200 3865 hoe
1217 3847 1294 3870 erro,
1318 3837 1391 3873 quod
1404 3837 1506 3864 animos
1519 3836 1684 3865 immortales
1697 3837 1817 3869 credam,
1849 3837 1965 3863 libenter
1989 3845 2068 3869 erro,
2085 3843 2110 3863 et
2122 3838 2197 3874 saepe

1147 3882 1230 3901 antea.
1267 3875 1379 3901 Animus
1390 3880 1436 3908 pro
1445 3873 1543 3909 spiritu
1557 3874 1641 3900 vitali.
1678 3875 1737 3901 Vna
1750 3873 1893 3907 eademque
1906 3872 1952 3899 via
1965 3872 2068 3907 sanguis
2081 3874 2196 3899 animus-

1149 3920 1201 3946 que
1214 3911 1360 3945 sequuntur
1371 3909 1447 3943 Virg.
1459 3917 1497 3940 10,
1509 3910 1571 3941 486.
1605 3909 1662 3937 Cic.
1675 3910 1738 3937 Nat.
1751 3909 1831 3935 Deor.
1847 3917 1878 3941 2,
1888 3913 1913 3938 18
1926 3917 1948 3934 e.
1959 3909 1980 3934 6
2005 3909 2155 3935 Humorem
2169 3913 2200 3934 eo

1149 3945 1264 3973 calorem
1277 3960 1322 3966 --
1334 3945 1453 3972 animum
1467 3943 1581 3979 denique
1594 3944 1672 3972 illum
1687 3944 1845 3981 Spirabilem
1857 3951 1902 3970 etc.
1918 3950 1968 3979 pro
1980 3944 2102 3971 Memoria
2119 3943 2195 3978 Virg-

1882 3980 1974 4017 Nempe
1988 3981 2078 4008 Animi
2086 3987 2149 4014 pars
2163 3976 2198 4011 est

2064 4016 2197 4042 Memoria.

1573 4021 1604 4033 -x

1303 4016 1370 4044 Xx
