2474 4182
770 75 1543 132 PRAEFATIO.

87 204 202 269 Qis
227 202 349 250 enim
368 239 380 261 ,
415 199 484 247 cui
500 196 571 246 vel
588 195 877 244 mediocriter
894 211 975 244 cor
992 191 1149 256 sapiat,
1184 203 1284 237 non
1302 202 1462 236 amore
1480 188 1668 249 dignum
1689 187 1952 237 indicauerit
1969 185 2207 236 hominem
2225 224 2239 247 ‚

87 285 164 348 qui
190 282 314 330 nullo
341 279 419 329 suo
445 277 603 325 labore
631 276 797 348 diurno
825 274 1110 324 nosiurnoue
1144 285 1228 332 per
1253 269 1404 332 plures
1441 282 1588 315 annos
1623 282 1777 329 parcat
1796 309 1809 330 ‚
1858 280 1905 317 et
1931 268 2240 331 voluptatibus

86 379 233 427 paene
250 359 460 411 omnibus
479 396 490 419 ‚
532 356 695 421 quibus
711 356 837 404 dolet
854 365 1011 404 natura
1028 351 1203 412 negatis
1221 388 1234 410 ‚
1270 348 1350 396 sibi
1375 347 1615 395 interdicat
1632 347 1691 394 ad
1712 345 1803 395 hoc
1829 347 2119 397 efficiendum
2137 384 2149 406 ‚
2190 361 2242 396 vt

88 444 392 507 vnusquisque
409 437 633 485 mediocri
650 452 756 484 aere
778 448 933 499 parare
948 431 1024 479 fibi
1043 428 1178 492 poffit
1197 429 1321 478 velut
1339 429 1538 476 amicum
1556 439 1633 475 aut
1654 423 1921 475 familiarem
1938 466 1948 485 ,
1990 429 2068 492 qui
2085 443 2244 491 perpe-

88 535 170 571 tuo
191 533 235 570 et
250 519 338 566 fine
357 517 561 566 molestia
580 516 655 564 fibi
674 517 848 580 praesto
868 513 916 560 fit
932 549 945 571 ‚
984 526 1123 575 quem
1143 510 1268 557 nullo
1288 509 1478 570 negotio
1496 507 1744 555 momentis
1770 507 1985 554 omnibus
2011 506 2245 556 consulere

88 598 219 666 poffit
235 638 247 660 ,
275 599 353 662 qui
370 597 561 646 fideliter
581 597 658 645 sibi
676 597 863 651 indicet,
896 592 922 640 fi
944 591 1052 656 quid
1069 591 1128 639 de
1147 589 1305 654 populi
1323 600 1547 637 terrarum
1576 587 1794 650 principis
1816 585 1888 635 vel
1908 585 2044 633 rebus
2062 589 2133 635 vel
2147 603 2246 636 ver*

89 682 154 729 bis
172 680 371 742 requirat
387 716 398 738 ‚
431 677 509 742 qui
528 677 701 725 infinita
720 685 923 722 veterum
953 669 1146 719 obscure
1164 708 1176 730 ,
1210 669 1483 732 perplexeue
1511 666 1631 716 dicia
1648 706 1660 728 ,
1699 667 1832 714 breui
1860 681 2004 728 opera
2031 666 2247 730 interpre-

86 772 206 807 tetur
224 773 261 806 e.
275 759 299 807 i.
311 773 352 820 g.
365 773 403 806 a.
455 757 545 806 Sed
562 773 658 805 non
675 755 738 802 est
756 768 873 817 opus
893 751 1005 800 haec
1025 749 1252 814 disputare
1274 749 1426 798 multis
1449 765 1460 796 :
1502 749 1579 812 qui
1593 758 1899 796 contemnunt
1918 746 2086 794 Lexica
2111 744 2249 807 seri0‚

86 840 144 887 illi
162 837 261 886 satis
281 836 372 886 hoc
391 836 486 901 ipso
504 836 717 886 sustinent
734 848 1012 896 poenarum,
1046 831 1175 895 quod
1200 841 1295 878 tam
1314 829 1575 877 commodis
1596 828 1752 876 amicis
1771 864 1783 886 ‚
1817 837 1912 874 tam
1930 826 2030 873 fidis
2049 828 2249 874 monito-

85 919 210 967 ribus
229 930 416 979 carent3
451 916 613 966 caeteri
634 914 789 961 similes
816 912 918 961 sunt
937 912 1256 976 parasitorum,
1288 911 1370 974 qui
1387 908 1501 970 cibi,
1534 923 1627 973 quo
1655 907 1737 956 soli
1764 905 1881 957 vesci
1901 907 2107 969 cupiant,
2140 922 2251 954 nau«

86 997 205 1046 seam
235 1000 423 1047 caeteris
450 1007 671 1045 conantur
690 995 886 1042 iniicere.

231 1104 276 1149 4.
309 1084 518 1149 Superest
539 1122 551 1145 ‚
585 1095 636 1132 vt
654 1083 742 1131 tale
762 1083 810 1130 fit
827 1081 920 1131 hoc
939 1119 950 1141 ,
990 1081 1119 1146 quod
1142 1095 1265 1130 uuae
1284 1079 1368 1127 tibi
1387 1078 1582 1126 traditur
1604 1093 1722 1141 opus
1739 1116 1751 1138 ‚
1784 1077 1910 1125 bone
1927 1074 2091 1137 1661οΓ,
2124 1075 2251 1140 quod

85 1183 188 1215 eam
200 1182 335 1232 quam
355 1157 648 1213 iudicauimus
666 1179 856 1227 operam
870 1162 953 1211 tibi
972 1149 1185 1225 praestet(
1245 1159 1365 1208 Illud
1382 1160 1568 1223 quidem
1587 1170 1632 1206 te
1652 1157 1938 1221 experiundo
1959 1155 2252 1219 cognoscere,

86 1263 226 1311 quam
244 1246 424 1294 nostrae
442 1241 630 1292 credere
645 1243 971 1307 praedicationi
989 1243 1140 1291 verius
1159 1241 1236 1289 est.
1321 1240 1568 1288 Caeterum
1594 1253 1692 1287 non
1717 1237 1973 1302 poenitebit
1990 1276 2003 1298 ‚
2042 1236 2150 1301 quid
2177 1235 2252 1284 hic

85 1327 346 1390 praestitum
355 1325 403 1374 fit
420 1324 635 1374 breuibus
652 1322 993 1392 recognoscere.
1027 1321 1142 1370 Illud
1159 1322 1206 1369 in
1216 1321 1561 1383 Programmate
1577 1331 1684 1367 ante
1702 1317 1790 1367 hos
1801 1318 1904 1367 XII.
1920 1333 2067 1367 annos
2084 1316 2252 1379 scripto

84 1407 375 1469 fignificatum
393 1406 479 1464 est,
505 1419 592 1452 nos
612 1405 724 1453 velle
742 1404 790 1451 in
808 1419 936 1452 nouo
965 1402 1193 1465 Thesauro
1211 1402 1391 1465 linguae
1410 1410 1455 1449 et
1473 1400 1745 1449 eruditionis
1764 1399 1893 1447 Rom.
1914 1398 2120 1461 parando
2140 1395 2251 1446 Rob.

85 1487 300 1547 Stephani
315 1485 544 1533 confilium
563 1488 611 1532 et
629 1486 857 1534 rationem
875 1482 1028 1548 sequi,
1070 1479 1123 1531 et¹
1133 1482 1309 1530 loculos
1327 1481 1443 1546 quafi
1461 1480 1681 1529 assumere
1705 1478 1787 1527 illis
1815 1478 1983 1542 opibus
2012 1476 2254 1541 disponen—

82 1563 155 1613 dis
172 1603 185 1626 ‚
226 1565 367 1616 libros
391 1565 583 1613 Roberti
617 1580 699 1613 eos
717 1603 730 1626 ,
774 1566 852 1629 qui
877 1566 1099 1614 Virorum
1135 1563 1309 1626 aliquot
1335 1560 1585 1610 dOROrum
1620 1575 1763 1623 opera
1796 1558 2012 1623 prodiere
2047 1558 2255 1607 Londini

87 1661 141 1693 CI
159 1657 186 1690 o
204 1661 218 1694 1
237 1659 264 1691 t>
281 1662 308 1694 c
327 1662 354 1694 c
375 1663 405 1694 Χ
423 1663 455 1693 Χ
473 1663 503 1693 Χ
521 1661 570 1694 v.
643 1646 720 1694 Ad
738 1646 831 1694 illas
857 1646 996 1708 igitur
1022 1659 1134 1708 opes
1154 1642 1513 1692 Londinenfium
1530 1641 1682 1705 primo
1702 1642 1780 1690 Ge.
1799 1640 2036 1690 Matthiae
2045 1640 2145 1690 Viri
2172 1638 2255 1686 do-

82 1722 255 1773 stiffimi
272 1764 298 1786 ,,
317 1737 362 1774 et
380 1726 531 1774 multis
550 1724 665 1774 mihi
682 1726 950 1776 nominibus
968 1727 1060 1774 cari
1080 1764 1093 1787 ,
1125 1736 1336 1773 accurata
1359 1737 1406 1770 et
1425 1721 1564 1770 solers
1590 1721 1822 1778 diligentia
1839 1732 1941 1769 tum
1966 1720 2131 1769 adiecit
2158 1720 2253 1782 plu-

80 1802 211 1867 scula,
228 1817 275 1854 et
292 1805 499 1868 aliorum,
517 1819 563 1855 et
573 1806 801 1856 Scribonii
821 1805 1084 1868 praesertim
1094 1805 1270 1864 Largi,
1290 1813 1441 1863 quem
1457 1794 1550 1858 ipse
1560 1796 1793 1843 Medicum
1803 1797 2011 1846 Medicus
2029 1814 2139 1859 prae
2157 1813 2253 1845 cae·

81 1885 189 1934 teris
214 1898 392 1934 amaret
409 1923 423 1943 ,
465 1898 566 1932 tum
585 1901 639 1932 ea
667 1900 744 1932 me
770 1872 965 1931 austore
991 1879 1180 1928 resecuit
1198 1916 1208 1933 ,
1250 1877 1416 1938 quibus
1448 1874 1596 1921 moles
1628 1873 1734 1921 libri
1760 1874 2017 1935 augebatur
2042 1875 2133 1923 fine
2159 1876 2252 1924 vllo

80 1963 338 2012 commodo
356 1961 578 2012 lestorum
597 1996 610 2018 ,
651 1975 702 2005 vt
718 1960 846 2019 quod
864 1956 1015 2017 primo
1045 1953 1397 2018 proponebatur
1413 1951 1581 2016 phrasis
1600 1967 1740 2017 quam
1758 1965 1930 2002 vocant
1946 1993 1959 2015 ,
1983 1954 2151 2004 deinde
2169 1971 2251 2020 po·

79 2055 269 2088 -neretur
284 2037 557 2100 exemplum.
622 2036 680 2085 V.
702 2051 744 2097 g.
763 2035 811 2082 in
830 2035 1104 2098 Dffceptare
1122 2071 1135 2094 ,
1167 2047 1306 2098 aequo
1323 2038 1428 2084 iure
1446 2035 1694 2098 disceptare
1723 2049 1822 2083 cum
1850 2035 1998 2099 aliquo
2015 2051 2036 2084 .·
2081 2036 2250 2086 deinde

80 2119 206 2167 locus
227 2117 482 2178 Ciceronis,
501 2116 750 2166 Heraclius
765 2143 813 2150 ——
829 2115 1042 2179 postulat,
1073 2124 1123 2164 vt
1133 2113 1217 2180 sibi
1234 2114 1635 2178 cumPalaestritis
1652 2145 1699 2154 -
1723 2129 1860 2180 aequo
1881 2117 1985 2165 iure
2002 2117 2250 2181 disceptare

79 2199 224 2249 liceat.
293 2198 383 2245 Vix
405 2196 561 2245 credat
578 2197 748 2261 aliquiS‚
765 2208 989 2261 quantum
1006 2196 1080 2244 vel
1101 2194 1187 2244 hac
1204 2194 1297 2244 sola
1314 2210 1379 2257 re,
1397 2193 1474 2244 sed
1491 2207 1538 2243 et
1555 2195 1648 2244 aliis
1666 2194 1890 2255 fimilibus,
1901 2197 2105 2246 delendis
2123 2214 2250 2247 nem-

82 2295 140 2343 pe
157 2292 454 2344 quaecunque
470 2276 588 2325 salua
603 2277 898 2339 intelligentia
916 2276 1060 2324 abesse
1078 2288 1293 2340 poterant
1312 2315 1324 2337 ‚
1359 2276 1688 2339 compendium
1709 2274 1879 2326 fastum
1897 2277 1946 2324 fit
1960 2316 1972 2334 ‚
2016 2291 2066 2327 vt
2083 2278 2132 2325 in
2149 2280 2248 2342 pari

83 2372 160 2409 aut
169 2360 348 2407 minore
359 2359 475 2407 adeo
494 2356 758 2406 chartarum
766 2372 964 2406 numero
983 2357 1130 2405 multo
1149 2357 1262 2420 PIUS,
1278 2368 1326 2404 et
1344 2372 1490 2420 paene
1507 2358 1700 2406 alterum
1717 2369 1898 2405 tantum
1917 2373 2076 2406 earum
2096 2357 2248 2419 obser·

82 2441 321 2488 vationum
338 2439 551 2488 collocari
566 2438 769 2502 potuerit
784 2476 798 2499 ,
838 2453 956 2502 quae
973 2437 1161 2501 proprie
1177 2438 1416 2502 requirunt
1432 2435 1646 2487 homines
1663 2476 1677 2500 ,
1722 2453 1829 2487 curn
1846 2438 1934 2486 tale
1952 2452 2069 2501 opus
2086 2440 2134 2487 in
2152 2455 2246 2488 ma-

84 2535 170 2567 nus
197 2517 391 2568 sumunt.

234 2624 267 2668 5.
301 2608 376 2656 Sic
389 2577 511 2657 velut
520 2620 722 2671 paratam
737 2608 973 2658 materiam
992 2623 1080 2671 ego
1101 2607 1296 2656 traf'care
1315 2609 1461 2672 coepi,
1471 2606 1633 2670 triplici
1649 2605 1748 2656 fere
1766 2608 1958 2667 ratione,
1976 2608 2243 2671 afferenda,

81 2687 368 2750 immutanda,
378 2688 632 2738 adiiciendo.
659 2690 835 2740 Abstuli
844 2701 1022 2752 praeter
1031 2705 1096 2750 ea,
1107 2705 1223 2753 quae
1231 2690 1322 2737 iam
1327 2687 1546 2737 Matthiae
1555 2688 1678 2736 stilus
1689 2688 1953 2751 confixerat,
1964 2690 2118 2751 multa,
2129 2705 2246 2754 quae

83 2768 217 2831 plane
234 2768 508 2818 videbantur
523 2773 797 2833 οἱπροσδιόνυσα,
813 2782 858 2818 et
873 2784 1065 2818 onerare
1077 2771 1234 2833 potius
1251 2781 1389 2834 atque
1408 2766 1670 2818 deformare
1690 2769 1778 2817 tale
1796 2784 1927 2833 opuS,
1939 2786 2076 2834 quam
2093 2771 2151 2818 ad
2171 2785 2245 2818 or-

81 2859 241 2922 natum
250 2848 362 2898 illius
372 2849 466 2911 vllo
482 2850 627 2899 modo
638 2852 877 2913 pertinere.
941 2849 1060 2912 Feci,
1076 2852 1275 2916 inquam,
1286 2850 1414 2914 quod
1432 2845 1539 2898 cum
1552 2861 1776 2913 optarent
1785 2846 1934 2900 facere
1952 2849 2078 2897 dosti
2096 2850 2242 2898 edito-

82 2942 155 2976 res
165 2928 312 2991 Angli,
322 2945 427 2979 cum
445 2940 626 2994 optaret
634 2930 702 2980 CL
714 2931 896 2992 BirriuS‚
912 2947 995 2994 per
1014 2946 1107 2994 eos,
1120 2932 1196 2995 qui
1213 2929 1386 2979 sumtus
1395 2928 1747 2993 suppeditabant
1764 2927 2068 2994 operi‚facere
2084 2928 2239 2992 prohi-

81 3006 169 3056 biti
184 3005 296 3058 sunt.
346 3047 372 3070 „
382 3010 459 3069 Ea,
468 3011 680 3074 inquiunt
694 3011 766 3061 isti
789 3014 837 3072 *,
874 3011 1086 3076 Nepotes
1104 3012 1287 3060 nostros
1305 3022 1463 3060 manet
1478 3008 1678 3069 felicitas,
1687 3022 1740 3059 vt
1757 3012 1804 3058 in
1815 3007 2054 3058 Thesauro
2065 3009 2238 3058 Latini-

83 3123 111 3148 „
127 3088 230 3134 tatis
247 3074 357 3137 niffil
365 3090 544 3139 aliunde
560 3084 816 3140 arceffitum
834 3090 1104 3156 exspectent.
1171 3092 1356 3141 Ridebit
1372 3090 1599 3140 saeculum
1617 3106 1716 3139 non
1729 3091 1876 3139 multo
1894 3089 1998 3153 post
2014 3086 2237 3149 futurum,

83 3205 110 3227 „
129 3166 157 3214 fi
167 3181 283 3214 vana
293 3168 550 3233 nonfitspes
568 3171 736 3233 nostra,
747 3162 1034 3223 Thesaurum
1045 3174 1254 3236 Linguae
1265 3173 1460 3221 Latinae
1469 3172 1516 3219 in
1534 3169 1782 3230 craffitiem‚
1793 3182 1929 3234 atque
1946 3167 2043 3218 fere
2059 3169 2109 3217 in
2129 3184 2237 3218 con-

83 3283 110 3306 „
128 3245 269 3294 filium
287 3247 447 3295 Lexici
462 3250 718 3322 Vniuersalis
746 3252 994 3302 abeuntem
1011 3265 1095 3302 etc.
1160 3251 1510 3316 Repraesentata
1528 3252 1594 3300 est
1609 3251 1682 3300 illa
1700 3248 1884 3298 felicitas
1901 3248 2008 3299 huic
2036 3248 2236 3309 saecu10,

84 3325 210 3374 bona
226 3327 254 3374 [ι
270 3325 347 3375 sua
370 3326 494 3376 nosse
511 3332 721 3382 voluerit.
786 3332 1072 3384 Resecuimus
1086 3373 1101 3396 ,
1140 3348 1239 3383 non
1254 3349 1343 3382 nos
1368 3333 1525 3382 omnia
1545 3332 1728 3397 quidem
1745 3329 2069 3394 Geographica
2090 3342 2137 3378 et
2153 3330 2234 3378 Hi·

85 3405 246 3455 storica
262 3443 275 3465 ‚
316 3405 392 3456 sed
410 3420 631 3482 quantum
643 3427 794 3477 aequo
812 3414 965 3464 animo
984 3415 1156 3464 laturos
1181 3414 1456 3478 putabamus
1471 3452 1484 3475 ,
1517 3413 1603 3478 aqui
1621 3425 1720 3459 non
1733 3409 1837 3459 sunt
1853 3408 2112 3476 iniquissimi
2129 3407 2174 3458 h.
2191 3426 2230 3460 e.

85 3487 288 3547 negotii,
330 3487 390 3536 de
417 3503 510 3552 quo
538 3483 940 3565 agitur,·3i1nperiti
959 3511 970 3544 ε
1014 3507 1197 3544 tantum
1223 3496 1348 3543 enim
1381 3488 1546 3542 eorum
1579 3491 1846 3541 retinuimus
1862 3514 1877 3553 ·,
1918 3502 2152 3555 ᾳυεηῑηῐη,
2173 3490 2232 3539 ad

85 3561 312 3626 Linguam
334 3567 546 3640 Latinam
564 3571 1110 3634 videbaturnecess‘arium
1127 3613 1140 3636 ,
1185 3586 1407 3640 quantum
1426 3574 1672 3622 Po‘e'tarum
1697 3569 1962 3635 praesertim
1979 3569 2232 3619 desiderare

87 3643 314 3694 videretur
332 3648 528 3698 cursoria
554 3662 601 3699 et
623 3652 888 3715 quotidiana
897 3640 1047 3705 ffieffio.
1121 3656 1372 3714 Caeterum
1400 3656 1479 3718 qui
1496 3651 1684 3701 familias
1708 3663 1755 3700 et
1772 3649 1987 3715 personas
2005 3648 2231 3708 GraecaS‚

87 3719 331 3808 Romana&
362 3727 578 3779 Barbaras
593 3770 606 3792 ‚
645 3734 852 3796 antiquas
863 3772 874 3792 ‚
901 3740 1047 3786 nouas
1064 3736 1188 3786 nosse
1206 3737 1430 3800 cupiunt3
1470 3735 1549 3798 qui
1564 3734 1807 3796 regionum
1823 3769 1835 3792 ,
1862 3728 2104 3779 insularum
2114 3757 2127 3789 ,
2158 3746 2231 3780 vr-

85 3799 240 3859 bfflm's
270 3809 496 3858 montium
513 3848 526 3870 ‚
565 3810 810 3863 fluminum
837 3817 992 3866 omnia
1016 3818 1209 3867 nomina
1225 3856 1237 3878 ,
1276 3828 1324 3865 et
1341 3813 1671 3877 geographicas
1697 3812 1758 3861 de
1779 3811 1862 3861 illis
1879 3809 2227 3874 disputationesg

1296 3912 1321 3945 c
1356 3911 1385 3944 2
2151 3890 2232 3954 qUi

466 3954 485 3971 ³
509 3955 606 3990 Praef.
623 3955 645 3990 f.
664 3970 703 4001 17.
729 3958 780 3993 vbi
793 3958 832 3993 de
847 3958 980 3994 edition·
995 3963 1031 3996 Λ.
1048 3975 1122 4008 1573.
