2474 4182
292 125 361 165 543
709 110 747 147 A
812 105 847 144 v
911 104 950 143 G
1817 98 1954 143 [fv
1995 104 2050 146 ,G
2129 79 2135 83 χ
2361 92 2439 164 ,44²

299 203 377 228 Com.
398 203 415 227 6
440 200 520 234 Qiod
542 199 559 226 si
580 198 688 225 eandem
707 196 779 226 vim,
801 193 967 228 diligentiam
986 192 1223 228 auctoritatemque
1244 192 1342 219 habent
1394 191 1514 218 theutica.
1571 193 1626 219 Cic.
1641 201 1689 227 pro
1705 192 1777 219 Cael.
1790 199 1817 225 53
1831 200 1852 218 e.
1869 199 1901 217 22
1921 190 1971 217 Sed
1985 192 2207 227 cur'diutiusvos,
2220 195 2331 228 Iudices,
2343 195 2427 228 tenco!

298 237 461 269 aduersaria,
479 245 558 270 quam
577 235 696 263 tabulae,
720 230 783 264 quid
803 230 897 255 attinet
918 229 1036 257 codicem
1056 229 1208 262 instituere,
1230 228 1342 254 conscri-
1396 227 2120 262 lpffiisiuratireligionemauctoritatemquepercipite.
2144 225 2457 263 SicTcffibusatitSiori-w.

301 274 381 305 bere,
402 273 524 299 ordinem
534 271 688 297 conseruare
703 268 712 293 3
732 265 909 292 Cic.Ae”t.1in
923 267 998 291 Verr.
1010 274 1022 297 3
1042 266 1081 292 De
1095 265 1174 300 quoii
1189 274 1236 291 vos
1253 265 1342 290 seuere
1396 263 1548 297 tatibusque
1563 265 1719 290 conuincere
1740 264 1778 290 ld.
1793 265 1870 290 Verr.
1885 272 1896 296 5
1912 272 1932 289 c.
1951 271 1988 295 39.
2025 263 2203 291 Αιιὸὶοιίῑειιεε
2229 267 2296 292 lCtis
2310 269 2381 294 etiam
2394 259 2445 297 250}-
2469 285 2474 292 ,

299 309 497 340 iudicant-ritis,
515 305 656 332 auctoritas
667 312 715 334 ea,
733 311 800 336 quae
815 302 842 327 in
855 301 931 328 vobis
946 310 1081 327 remanere
1099 301 1192 333 debet,
1212 299 1341 326 haerebit.
1396 306 1487 325 cantur
1495 296 1576 324 edim
1589 298 1779 335 magtstratuum
1788 299 1886 334 publice
1895 297 2030 334 propostta.
2060 309 2085 325 υ.
2105 309 2130 336 g.
2156 300 2174 326 l.
2192 301 2240 327 vlt.
2260 303 2290 328 C.
2305 301 2336 327 de
2349 298 2439 333 Fabri*⁴

300 346 353 372 Cic.
369 345 448 371 Catil.
466 352 485 374 ι,
498 352 515 374 4
537 342 568 366 At
585 348 632 365 nos
645 337 798 365 vicelimum
815 338 868 364 iam
889 337 960 364 diem
975 337 1091 371 patimur
1107 337 1246 363 hebescere
1260 336 1343 362 aciem
1363 341 1376 368 5
1397 335 1463 361 cens.
1478 333 1496 360 l.
1514 342 1542 360 10
1562 334 1592 360 C.
1607 334 1638 360 de
1653 335 1835 369 Aquaeductu.
1873 333 1914 369 Est
1928 337 2000 361 fciam
2014 336 2103 361 titulus
2118 337 2334 372 munerisfiruilis
2345 334 2386 365 ait‘t
2396 341 2436 368 Li.-

299 381 397 408 horum
417 376 588 405 auctoritatis.
661 374 823 400 imminuere
839 374 911 400 suam
930 373 1115 400 auctoritatem
1131 373 1204 398 Idem
1223 372 1255 398 de
1269 373 1344 398 Orat.
1395 371 1462 397 beru·
1475 372 1502 395 in
1515 368 1584 395 domo
1595 372 1670 406 Augu
1681 370 1708 396 la
1719 371 1754 398 ab
1768 371 1943 398 Auctoritate.
2005 370 2062 397 Viti.
2078 370 2195 406 Inscrr'pt.
2210 373 2282 398 (ἔνια.
2299 381 2322 406 p.
2344 379 2401 408 5903

298 426 314 444 2
335 426 355 443 ς,
373 424 410 449 37,
484 410 614 444 Qiinctil.
628 420 655 444 4,
670 419 679 436 1
700 411 770 436 Nam
791 410 815 436 se
828 418 935 444 quoque
949 410 1054 434 moneri
1075 409 1184 435 interim
1204 407 1344 446 fingitzvt
1397 414 1421 433 et
1435 411 1458 436 8.
1485 408 1528 441 qui
1538 405 1613 441 forte
1631 416 1645 432 α
1668 405 1900 442 fidemfucieridam
1918 406 2011 433 tabulis
2025 406 2188 442 ‘quibusdmm
2207 406 2382 443 ctfignandmn
2393 410 2410 438 η’

299 461 347 487 pro
363 450 453 477 Rabir.
475 446 631 478 Posthumo,
652 446 715 472 dum
736 445 837 472 aditum
856 445 904 472 libi
922 445 954 471 ad
976 453 1051 471 aures
1066 445 1147 476 facit,
1165 450 1191 469 et
1206 449 1346 469 auctorita·
1397 441 1553 469 bibebamur.
1709 440 1730 478 q
1748 447 1761 472 8
1783 442 1933 469 Auctoritas
1945 440 1978 475 est
1991 445 2030 468 ius
2042 442 2153 468 dominii.
2191 442 2246 468 Cic.
2261 443 2312 469 Off.
2332 452 2351 476 ι,
2365 444 2441 480 3321'

298 495 351 514 tem
365 484 451 512 induit
464 491 526 509 vera
539 482 690 514 sentientis,
706 490 759 516 quo
773 482 856 516 magis
869 481 1005 512 credatur,
1019 480 1062 506 vel
1076 479 1228 505 defendenti
1243 478 1344 510 eadem,
1399 479 1447 504 XII
1468 477 1576 509 tabulis,
1591 475 1722 502 Aduersus
1734 476 1835 512 hostem
1855 481 1891 510 (i.
1901 482 2080 515 peregrinum)
2098 484 2203 505 aeterna
2222 477 2363 506 auetoritas
2374 481 2435 510 esto:
2458 498 2463 511 s

298 523 340 549 vel
361 520 476 554 neganti.
534 519 590 544 Cic.
612 519 684 544 Fam.
705 527 725 550 1,
740 526 753 544 2
773 518 811 544 De
825 517 865 543 his
878 517 957 543 rebus
971 516 1057 551 pridie
1075 523 1155 550 quam
1170 515 1234 541 haec
1247 513 1344 548 scripsi,
1359 521 1386 538 ιο
1399 517 1416 540 ι’.
1432 517 1457 539 iu
1469 519 1613 548 perpetuum
1624 514 1708 538 valeat
1720 516 1759 538 ius
1771 513 1884 546 dominii,
1902 517 1966 550 quod
1977 515 2063 541 habuit
2080 517 2145 540 ciuis
2158 515 2228 539 Rom.
2241 511 2439 551 nccpquitpfaiel.
2460 530 2468 547 1

297 559 403 584 Senatus
417 555 559 581 auctoritas
580 553 726 588 grauiffima
746 554 939 585 Intercesl'erat,
967 552 1083 578 cuicum
1095 552 1161 577 Cato
1176 558 1202 577 et
1216 550 1345 577 Caninius
1392 549 1533 586 scriptione
1551 548 1614 574 tolli.
1669 548 1710 575 Sic
1728 549 1796 584 apud
1808 549 1875 576 Gell.
1895 558 1934 585 1-7,
1948 558 1965 585 7
1981 549 2062 584 Qiod
2083 550 2234 584 subreptum
2256 551 2314 581 erit,
2333 551 2474 585 eiusffeimt

296 591 480 623 Intercelliss'et,
500 597 588 616 tamen
602 589 638 615 cst
652 590 803 624 perscripta.
859 590 921 615 Eam
940 587 971 614 ad
997 594 1022 614 te
1043 587 1143 613 miffam
1156 587 1205 613 ess'e
1218 586 1345 612 arbitror.
1399 592 1504 612 aeterna
1517 583 1660 610 auctoritas
1674 583 1739 616 esto,
1760 590 1789 610 vt
1812 586 1941 612 uindicari
1954 586 2117 621 nfmpepqffit
2134 596 2149 612 α
2163 585 2268 611 domino.
2316 586 2371 613 Cie.
2391 579 2474 624 ‘pi-cur

295 630 468 662 interponere
480 626 676 657 aucloritatein,
697 626 748 651 vill.
772 630 1006 652 1NTERPONEffli.
1063 623 1183 650 Laudare
1203 621 1346 648 auftorita-
1400 621 1505 648 Caecin.
1519 629 1540 646 c.
1557 622 1591 646 26
1613 621 1706 654 Aquae
1718 618 1812 646 <ludius
1825 620 1939 654 haustus,
1959 622 2010 648 iter
2023 622 2109 654 achis,
2131 630 2144 647 a
2163 627 2250 656 patre:
2275 621 2317 647 sed
2331 622 2440 655 raian*

298 671 361 696 teni,
382 661 415 696 est
431 665 460 689 ln
475 662 567 689 iudicio
581 662 661 688 dicere
672 663 772 687 titulum
779 661 840 697 Jiiae
849 659 1001 696 pastellionis
1010 670 1017 684 .·
1056 666 1080 685 et
1091 657 1125 692 ‘fl
1138 662 1257 694 antiquus
1263 658 1345 693 firmo
1400 657 1508 683 &oritas
1522 655 1617 682 harum
1630 664 1721 682 rerum
1735 656 1856 682 omnium
1874 666 1888 683 a
1907 657 1966 684 iure
1985 658 2061 684 ciuili
2081 658 2203 684 sumitur.
2256 656 2311 683 Cic.
2324 657 2399 694 Toxi„
2408 667 2428 691 ι,

295 699 538 735 iurisconsultorum.
577 697 699 724 Budaeus.
727 697 781 722 vid.
808 706 864 722 mox
891 707 915 722 n.
940 701 961 726 8.
1038 696 1139 721 Leuare
1159 694 1346 720 aue'loritatem
1361 696 1383 722 15
1400 693 1537 725 Qioniam
1551 692 1610 718 vsus
1630 691 1773 718 auctoritas
1788 691 1866 718 fundi
1878 692 2018 720 biennium
2033 693 2084 724 est3
2105 693 2135 720 fit
2149 693 2228 719 etiam
2242 692 2353 720 aedium.
2371 689 2428 720 11⁷¹*

296 736 368 762 suam
382 734 564 761 inconstantia.
583 733 636 759 vid.
659 740 757 759 LEWS.
795 732 895 759 Mereri
910 731 1039 758 narrantis
1054 731 1239 757 au&oritatem
1260 728 1346 760 Qiin-
1401 728 1515 759 dominii,
1534 727 1598 763 quod
1609 728 1775 764 vsztparatur.
1812 729 1877 754 Vsus
1889 731 2108 765 genitiuumputo.
2144 729 2182 755 Id.
2197 737 2245 763 pro
2260 728 2363 755 Caecin.
2375 730 2430 767 54(ss

298 771 391 804 ffil.4,
406 779 430 797 z.
467 771 591 796 Minuere
607 769 804 795 auctoritatem.
825 768 877 794 vid.
907 774 1024 794 Mlxvo.
1067 767 1121 792 Cic.
1138 767 1190 791 Att.
1206 769 1229 796 8,
1244 772 1260 796 9
1281 763 1345 789 'rua
1400 772 1429 796 19
1448 764 1503 790 Lex
1518 764 1603 796 vsum,
1624 770 1650 789 et
1669 763 1849 794 (deriuandam
1868 764 1943 796 inde)
1961 765 2147 792 auftoritatem
2161 764 2236 790 iubet
2244 764 2292 790 effe
2301 763 2342 790 bie
2439 775 2441 778 ⁴

296 817 338 834 me
359 806 466 833 hercule
488 806 630 832 aucloritas
649 804 820 831 vehementer
841 810 942 830 mouet.
997 802 1032 828 Id.
1047 811 1096 835 pro
1117 800 1195 826 Arch.
1209 808 1225 832 9
1244 800 1277 825 At
1292 807 1347 824 non
1400 800 1434 825 At
1447 799 1549 825 vtimur
1562 799 1657 825 eodeni
1671 800 1730 825 iure
1743 799 1772 825 in
1786 799 1904 832 aedibus,
1923 809 1991 835 quae
2005 802 2033 827 in
2047 801 2105 836 lege
2120 810 2174 827 non
2187 799 2368 834 appellantur.v
2395 798 2404 819 ι’
2414 805 2426 831 ;·’
2440 805 2441 809 ’

296 843 332 869 est
347 843 492 878 profess'us?
527 843 613 868 lmmo
621 849 686 867 vcro
694 840 734 866 his
750 840 846 866 tabulis
861 839 996 874 pmfessirs,
1015 846 1081 871 quae
1096 837 1165 862 solae
1180 844 1211 862 ex
1228 834 1273 861 illa
1286 843 1346 869 pro·
1398 835 1450 861 dem
1465 838 1492 860 in
1506 842 1610 870 utroque
1621 837 1672 861 loco
1687 836 1813 861 Ciceronis
1826 840 2016 872 argumentum.
2053 838 2119 864 Vsus
2133 842 2159 863 et
2176 836 2328 867 aritstorita's,
2418 839 2425 870 ᾗ
2438 861 2440 871 Ι

296 879 402 906 fessione
417 878 586 912 collegioque
609 878 762 903 Praetorum
776 876 905 902 Obtinent
920 873 1086 908 publicarum
1099 871 1249 898 tabularum
1258 870 1347 897 auelo-
1360 877 1391 895 20
1401 871 1535 907 quodVsus
1548 870 1700 901 auftorhas,
1722 874 1770 903 ius,
1786 872 1915 907 quodquis
1928 872 1980 908 ipſs
1991 873 2036 909 vsu
2048 873 2215 909 consequitur.
2252 873 2336 908 Igitur
2349 871 2381 898 A
2423 868 2433 889 ›st

296 915 412 942 ritatem.
468 913 580 940 Perdere
602 912 734 946 Quinc'lil.
756 921 783 944 4,
799 920 810 937 2
833 909 1012 937 Pseudo-Cic.
1022 909 1116 942 Anteq.
1131 908 1182 934 iret
1196 907 1224 933 in
1239 907 1301 933 exil.
1317 914 1346 940 17
1400 907 1487 933 ritatis
1503 906 1599 933 tabella
1612 907 1670 933 Sen.
1686 907 1818 933 Controu.
1829 916 1856 940 4,
1871 916 1904 933 22.
1920 910 1968 941 est,
1993 918 2041 944 qua
2054 913 2110 945 quis
2124 908 2217 944 probat
2229 906 2304 942 suum
2316 909 2389 933 ius

298 952 387 978 Nemo
400 956 453 976 tam
468 949 569 984 perdita
584 949 752 977 auctoritate,
772 955 823 972 tam
837 946 984 972 facinorosa
993 945 1116 970 inuentus
1129 944 1194 976 vita,
1208 943 1254 978 qui
1262 951 1347 977 quum
1399 945 1456 972 nii,·
1477 942 1557 969 eadem
1571 943 1697 969 emtionis
1710 942 1795 978 paullo
1815 950 1872 969 ante
1887 943 2019 978 appellata.
2076 946 2116 972 Sic
2136 943 2261 970 Scaeuola
2278 942 2296 969 l.
2310 942 2358 970 vlt.
2377 948 2383 965 2

295 987 328 1013 de
342 986 438 1013 scelere
452 986 590 1017 fateretur,
611 993 664 1010 non
678 991 765 1009 tamen
780 981 913 1007 sententiis
925 979 1345 1015 priusiudicumconninceretur‚
1399 979 1533 1014 Pignorat.
1551 978 1609 1004 Act.
1629 979 1730 1005 Locum
1744 987 1840 1013 purum
1855 979 1961 1013 pignori
1969 978 2097 1006 creditori
2109 979 2252 1014 obligauit,
2263 979 2341 1014 eique
2357 977 2363 983 “
2379 985 2381 987 ’
2425 973 2434 1002 .’

296 1032 376 1058 quam
392 1022 521 1056 supplicio
535 1021 710 1048 addiceretur.
763 1017 800 1043 ld.
822 1026 871 1051 pro
892 1017 920 1042 L.
940 1015 1034 1042 Manil.
1047 1024 1080 1048 45
1095 1025 1116 1042 c.
1131 1023 1156 1049 15
1173 1015 1230 1048 Qu
1242 1020 1346 1041 tantum
1400 1022 1520 1042 mentum
1535 1014 1661 1040 emtionis
1674 1014 1798 1041 tradidit:
1819 1022 1845 1041 et
1858 1024 1918 1041 cum
1932 1024 1993 1041 eum
2005 1015 2094 1042 locum
2108 1015 2277 1042 inaedificare
2285 1011 2387 1048 vellet,

298 1058 457 1086 auctoritate
475 1057 623 1092 perfecerit.
661 1054 697 1080 ld.
714 1054 785 1079 Fam.
800 1058 823 1084 8,
839 1058 852 1082 8
873 1053 899 1078 Si
909 1052 968 1088 quis
988 1051 1050 1078 huic
1064 1050 1293 1078 Senatusconsulto
1308 1051 1347 1076 in·
1359 1056 1386 1082 25
1400 1057 1426 1077 ta
1439 1050 1487 1077 sibi
1501 1050 1680 1076 controuersia
1693 1058 1708 1076 a
1724 1051 1815 1077 vicino
1830 1049 1861 1076 de
1875 1051 2025 1083 latitudine,
2047 1051 2120 1086 quod
2134 1051 2198 1078 alias
2207 1050 2320 1086 probare
2331 1058 2366 1076 no
2382 1062 2386 1073 l

295 1094 454 1126 terccffiss'et,
483 1088 847 1125 aucloritasperscriberetur.
885 1090 916 1115 Et
937 1089 990 1115 Att.
1004 1095 1027 1120 ς,
1042 1097 1057 1114 2
1065 1087 1116 1123 fin.
1138 1086 1266 1113 Nondum
1275 1087 1348 1112 enim
1401 1093 1466 1120 erat,
1485 1087 1551 1121 petit
1563 1094 1577 1112 a
1592 1085 1734 1118 creditore,
1754 1092 1783 1112 vt
1795 1086 2000 1113 instrumentum
2017 1095 2031 1113 a
2044 1088 2069 1113 se
2083 1087 2212 1114 traditum
2230 1086 2360 1115 auctorita
2373 1086 2380 1092 '
2438 1086 2440 1094 '

297 1131 355 1157 satis
369 1131 418 1156 huc
432 1136 487 1156 erat
500 1128 619 1159 allatum,
640 1135 694 1160 quo
708 1124 788 1150 modo
802 1125 897 1151 Caesar
910 1124 993 1150 ferret
1005 1123 1037 1149 de
1057 1123 1217 1149 auctoritate
1238 1122 1348 1157 perscri-
1401 1123 1516 1149 hiberet.
1571 1120 1611 1155 Est
1626 1131 1682 1158 ergo
1695 1122 1758 1148 idem
1773 1122 1978 1149 instrumentum
1996 1123 2122 1149 emtionis
2136 1123 2201 1158 quod
2212 1121 2376 1152 aufitoritatis

297 1173 348 1202 pta.
392 1165 449 1193 l'id.
469 1175 493 1190 n.
508 1173 520 1196 3
542 1165 648 1190 Senatus
665 1160 820 1192 nuclei-itas,
868 1160 911 1186 vln'
928 1162 1001 1186 etiam
1029 1158 1057 1185 de
1076 1159 1243 1194 Praescriptis
1257 1158 1348 1184 aucto·
1400 1168 1449 1185 non
1463 1158 1516 1184 idco
1530 1157 1675 1184 auctoritas
1690 1158 1774 1184 emtio
1796 1158 1907 1189 (audior
1921 1162 2081 1194 enimpotius
2094 1159 2228 1191 venditor)
2254 1167 2351 1189 rerum,

296 1202 428 1230 ritatibus.
466 1199 597 1233 Qiinc‘til.
620 1207 639 1229 t,
660 1200 676 1223 6
694 1196 749 1222 Peti
765 1196 829 1222 solet
843 1196 988 1222 aut<loritas
1002 1195 1034 1221 ab
1047 1195 1201 1221 oratoribus
1215 1194 1256 1221 vel
1267 1193 1347 1220 histo·
1401 1196 1493 1227 ximus,
1513 1193 1658 1220 auctoritas
1677 1191 1710 1226 est
1724 1196 1764 1219 ius
1775 1193 1890 1227 dominii,
1911 1194 1975 1231 quod
1987 1196 2069 1221 inkac
2078 1194 2160 1230 specie
2173 1196 2315 1230 aliquispcr
2327 1203 2362 1220 em
2374 1196 2385 1202 ’“

298 1238 370 1265 ricis.
406 1237 461 1262 Cic.
475 1236 507 1261 de
521 1236 613 1268 Arusp.
629 1234 744 1267 Resp.45
763 1233 793 1258 Et
807 1241 839 1258 eo
847 1232 933 1258 feciffe
949 1231 1058 1258 auctore
1067 1231 1091 1257 se
1098 1230 1207 1262 diceret,
1222 1230 1296 1256 cuius
1303 1237 1347 1255 au·
1357 1238 1389 1263 3ο
1402 1233 1507 1265 accepit.
1543 1231 1649 1256 Interim
1660 1239 1715 1255 cum
1727 1232 1754 1255 in
1769 1229 1815 1256 bac
1828 1229 1935 1262 tabella,
1956 1233 1984 1256 in
1996 1231 2041 1257 hoc
2054 1231 2230 1258 instrumento
2244 1229 2374 1258 auctorita
2393 1249 2395 1253 ⁴
2420 1257 2424 1261 ,

296 1273 427 1300 ὁὶοιιῐῑιῐίε
441 1271 574 1297 neminem
590 1270 670 1304 pollet
682 1268 829 1295 l'oenitcre.
866 1267 903 1294 Id.
913 1276 961 1302 pro
969 1267 1058 1293 Domo
1070 1267 1164 1301 sua117
1186 1266 1256 1298 Esto,
1269 1265 1348 1291 colle·
1399 1268 1551 1301 primeretur
1565 1265 1667 1297 auctor,
1685 1274 1700 1291 a
1713 1274 1759 1301 quo
1773 1264 1873 1299 emiffes,
1908 1267 2050 1301 uiproinde
2059 1264 2188 1302 praestare
2201 1264 2371 1301 illudfaflum
2391 1288 2393 1293 ,
2422 1293 2423 1296 Ἴ

295 1310 368 1344 gium
382 1317 435 1334 non
451 1306 603 1333 adhibuisti.
626 1305 707 1340 quid?
728 1304 760 1330 de
775 1304 890 1338 collegio
907 1304 967 1339 quis
980 1302 1086 1329 tandem
1100 1302 1192 1329 affuit?
1222 1302 1348 1328 Posuerat
1403 1301 1508 1334 deberet,
1518 1300 1545 1335 fi
1559 1304 1616 1337 quir
1629 1301 1752 1335 aliusstbi
1764 1310 1815 1328 rem
1839 1275 1966 1328 verzgitam
1979 1301 2096 1335 aſjbrtum
2114 1304 2226 1334 veniret,¹
2246 1301 2327 1333 verbo,
2432 1296 2433 1335 J

294 1345 366 1371 enim
379 1343 565 1370 aucloritatem
578 1342 606 1368 in
622 1350 691 1371 vno,
708 1349 776 1375 quae
790 1340 825 1366 est
838 1341 866 1365 in
875 1339 915 1365 his
930 1338 1065 1365 omnibus.
1102 1338 1268 1364 Aucloritate
1276 1346 1350 1372 prae·
1402 1335 1648 1399 ἃίοηεηὲῗρναψανε
1668 1337 1778 1363 deberet:
1813 1337 1872 1363 hinc
1891 1337 2043 1365 Au&oritas
2063 1338 2164 1365 videtur
2171 1337 2318 1374 ‚lig-nificare
2334 1333 2376 1368 αἷῖῗ
2386 1339 2391 1359 '=
2419 1360 2421 1365 ,

294 1381 416 1407 cellentes
431 1379 529 1405 medici
543 1378 714 1411 Scribon.Ep.
727 1377 788 1403 init.
821 1376 919 1402 Premit
932 1375 1048 1410 aliquem
1056 1374 1201 1401 auftoritas
1216 1372 1347 1407 Qiinc'til.
1397 1381 1448 1409 pro
1461 1376 1500 1400 eui
1528 1377 1582 1399 ione
1595 1372 1663 1408 apud
1682 1372 1845 1399 Venuleium
1860 1373 1889 1399 in
1902 1373 1919 1400 l.
1932 1373 1979 1400 vlt.
1993 1374 2025 1400 D.
2041 1374 2073 1401 de
2087 1373 2280 1406 auctionibus,
2298 1373 2325 1400 Si
2338 1373 2383 1400 ali
2420 1400 2422 1402 ,

295 1419 321 1449 6,
330 1425 351 1450 ς.
373 1416 429 1442 Cic.
444 1423 492 1449 pro
500 1415 621 1441 Muraen.
636 1415 671 1447 67
682 1413 767 1439 Tolle
780 1411 870 1438 mihie
885 1412 959 1438 causa
972 1420 1071 1437 nomen
1079 1410 1188 1437 Catonis
1197 1420 1205 1435 :
1226 1410 1346 1436 Remoue
1361 1414 1389 1441 35
1403 1419 1460 1436 rem
1473 1409 1543 1436 mihi
1557 1409 1708 1441 tradideris,
1722 1415 1748 1435 et
1761 1409 1870 1435 eandem
1879 1418 1928 1444 pro
1940 1409 2071 1436 dereliGm
2085 1409 2216 1442 habuero,
2237 1409 2326 1436 amitti
2339 1418 2363 1437 a!
2377 1412 2387 1431 ὓ

294 1461 323 1479 ac
336 1451 517 1478 Praetermitto
525 1450 721 1481 auctoritatem,
734 1447 896 1482 congredere
910 1456 1013 1474 mecum
1021 1446 1179 1473 criminibus
1188 1445 1255 1480 ipfis.
1278 1446 1347 1477 Affy-
1401 1452 1483 1472 tatem
1495 1445 1589 1481 placet.
1626 1446 1777 1471 Peculiarem
1795 1446 1896 1471 titulum
1909 1448 1984 1472 etiam
1997 1452 2084 1472 notare
2102 1445 2203 1472 uidetur
2245 1446 2301 1472 Cic.
2316 1445 2348 1472 de
2368 1453 2372 1457 ·
2388 1474 2391 1477 ,

294 1488 340 1520 rii,
353 1494 381 1514 vt
389 1487 421 1514 ab
436 1486 538 1512 vltimis
553 1485 740 1511 auffmritatem
755 1486 880 1518 Repetam
902 1483 940 1510 ld.
954 1483 986 1509 de
994 1483 1056 1509 Diu.
1067 1491 1106 1508 ic.
1117 1491 1134 1508 1.
1157 1483 1188 1508 Et
1203 1481 1235 1509 de
1243 1481 1346 1508 Senect.
1402 1482 1478 1516 Resp.
1497 1490 1528 1515 ¹4
1541 1490 1562 1507 c.
1577 1489 1595 1515 7
1614 1481 1716 1507 Multae
1729 1481 1787 1507 sunt
1801 1480 1895 1508 domus
1912 1481 1940 1507 in
1954 1480 2001 1508 hac
2014 1481 2081 1513 vrbe
2100 1489 2124 1508 P.
2139 1488 2165 1508 C.
2186 1488 2265 1516 atque
2279 1480 2348 1508 haud
2359 1481 2374 1507 s
2391 1499 2393 1502 -

297 1526 324 1550 61
354 1522 427 1556 Quid
441 1522 473 1548 de
493 1521 593 1553 Paullo,
601 1526 645 1546 aut
658 1520 785 1546 Africano
794 1520 906 1554 loquar?
926 1526 971 1545 aut
984 1520 1072 1546 vtiam
1081 1525 1140 1544 ante
1147 1517 1214 1551 dixi,
1222 1517 1254 1544 de
1262 1516 1348 1544 Maxi·
1401 1526 1484 1552 paene
1497 1516 1620 1543 cunetae:
1649 1517 1709 1542 iure
1723 1517 1842 1551 optimo,
1857 1517 1900 1543 sed
1907 1523 1995 1544 tamen
2011 1518 2070 1544 iure
2077 1517 2194 1553 priuato,
2214 1518 2273 1544 iure
2281 1516 2372 1544 heredi
2380 1525 2392 1539 ιε

295 1568 348 1589 mo,
365 1567 481 1594 quorum
494 1566 547 1582 non
559 1556 586 1582 in
595 1556 721 1582 sententia
728 1555 821 1586 solum,
835 1554 965 1581 sedetiam
974 1555 1001 1580 in
1009 1561 1073 1580 nutu
1082 1553 1218 1580 {tendebat
1232 1553 1350 1580 auelori-
1402 1554 1462 1580 iure
1480 1552 1657 1583 au&oritati5‚
1676 1553 1735 1580 iure
1750 1553 1887 1588 mancipii,
1908 1553 1967 1580 iure
1981 1554 2052 1580 nexi.
2079 1554 2272 1588 Vsucapionem
2279 1553 2399 1589 *speciat¹

294 1596 349 1622 tas?
371 1594 408 1621 Id.
418 1602 466 1628 pro
474 1593 606 1619 Cluent.c.
621 1600 645 1622 ςι
656 1592 710 1625 Ego
718 1591 818 1617 veroin
828 1590 877 1616 isto
885 1590 1113 1624 generelibentius
1121 1599 1180 1616 cum
1189 1589 1392 1624 miiltorum,40
1401 1591 1483 1625 telligi
1496 1590 1583 1615 volunt
1591 1588 1711 1619 Budaeus,
1734 1589 1881 1621 Turnebus,
1901 1591 1957 1616 alii.
1993 1589 2042 1617 Sed
2049 1589 2113 1616 idem
2127 1591 2246 1625 respicere
2256 1597 2328 1624 puto,
2343 1598 2358 1625 q
2378 1590 2390 1611 *¹
2412 1607 2415 1619 ;

296 1637 353 1658 tum
368 1629 486 1657 hominis
499 1626 703 1662 eloquentissimi
723 1634 748 1652 ct
765 1626 942 1661 sapientillimi
967 1627 997 1652 L.
1020 1626 1097 1653 Crassi
1116 1625 1349 1652 auctoritatemse-
1402 1625 1508 1652 Caecin.
1522 1633 1543 1650 c.
1557 1626 1591 1650 26
1609 1623 1709 1650 dixerat
1723 1624 1816 1650 Ratam
1835 1624 2021 1651 auctoritatem
2035 1634 2049 1652 a
2070 1625 2130 1652 iure
2143 1625 2222 1652 ciuili
2237 1625 2315 1652 sumi.
2390 1630 2392 1632 ’

297 1675 375 1702 quor.
412 1664 480 1691 Atid.
493 1664 525 1689 de
544 1664 601 1689 Fin.
616 1672 632 1689 2
646 1671 667 1687 c.
683 1671 715 1694 ¹3-
754 1663 826 1688 Caes.
842 1663 869 1688 B.
883 1663 912 1689 C.
929 1671 950 1694 1,
967 1670 1003 1694 35.
1049 1663 1124 1688 Curt.
1139 1669 1166 1696 7,
1180 1664 1207 1693 6,
1226 1670 1264 1694 ¹4-
1300 1661 1346 1686 Su-
1401 1668 1480 1688 totum
1491 1660 1546 1693 hoc,
1558 1659 1624 1695 quod
1629 1659 1863 1686 auctoritatemius
1877 1660 1982 1686 dominii
1995 1659 2037 1693 effi*
2052 1659 2208 1694 ostendimus,
2226 1670 2255 1687 ex
2266 1664 2320 1688 iure
2336 1663 2384 1687 cius
2412 1666 2420 1687 i

296 1702 399 1737 perauit
412 1700 597 1726 auRoritatem
611 1697 774 1724 consuetudo
796 1698 928 1730 Qiinffil.
950 1707 969 1729 ι,
985 1706 1005 1730 5.
1051 1697 1188 1731 Suscipere
1204 1696 1349 1723 auftorita-
1402 1704 1432 1723 vt
1444 1705 1493 1722 non
1509 1704 1578 1721 omne
1591 1698 1630 1721 ius
1648 1698 1685 1721 ita
1697 1702 1808 1728 vocetur,
1815 1696 1863 1731 fid
1872 1698 1943 1722 cuius
1956 1696 2054 1727 au&or‚
2065 1695 2098 1730 {sl
2111 1697 2258 1732 respublica.
2362 1692 2382 1703 ”
2397 1693 2433 1746 »ῳ

296 1745 350 1764 tem
372 1737 428 1763 Cic.
444 1735 522 1761 Acad.
540 1743 559 1766 1,
573 1742 609 1766 19.
667 1733 704 1758 ld.
719 1732 751 1758 de
765 1732 864 1758 Senec‘t.
878 1734 907 1766 57
926 1732 1052 1759 Tenebat
1066 1742 1120 1758 non
1134 1732 1216 1758 modo
1233 1730 1349 1757 auctori·
1440 1732 1608 1762 AVCTORO,
1615 1734 1667 1756 {ire-
1681 1730 1978 1766 [μηθοφορῶπρόςσίὸηρον
1987 1732 2045 1766 GL]
2053 1734 2161 1768 Accepta
2169 1732 2275 1759 mercede
2283 1738 2379 1767 operam
2396 1726 2410 1741 ³

295 1779 386 1804 tatem,
408 1771 451 1797 sed
464 1771 544 1802 etiam
559 1768 702 1803 imperium
716 1768 744 1794 in
758 1769 825 1794 suos.
863 1768 901 1794 Id.
917 1767 949 1793 de
964 1768 1055 1794 Diuin.
1073 1777 1092 1800 ι,
1102 1776 1114 1800 5
1132 1769 1277 1801 Qiumque
1286 1766 1348 1792 huic
1358 1771 1392 1798 45
1402 1766 1515 1793 vendere.
1537 1763 1846 1800 Diffumfflinprimisde
1853 1767 2052 1800 Gladiatoribus,
2066 1768 2228 1804 quiprctiose
2235 1771 2262 1794 in
2269 1767 2350 1794 ludum
2357 1771 2385 1803 gl
2398 1756 2433 1788 ῖῗῗ,

295 1809 335 1836 rei
349 1816 471 1842 magnam
484 1805 672 1832 auctoritatem
693 1803 851 1838 Pythagoras
869 1803 922 1829 iam
942 1809 1001 1828 ante
1023 1802 1162 1828 tribuisset.
1219 1803 1275 1829 Cic.
1297 1811 1346 1836 pro
1403 1805 1495 1829 torium
1510 1801 1664 1827 addicebant.
1685 1800 1751 1827 Non
1763 1801 1835 1828 vitae
1848 1809 1939 1828 amore
1948 1802 2092 1835 gladiovos
2100 1804 2132 1830 ad
2140 1803 2380 1831 lanistasauctorati
2391 1799 2429 1828 '‘R-

295 1844 358 1877 Syll.
373 1853 400 1870 ιο
420 1843 478 1869 Hoc
500 1848 587 1868 totum
599 1840 731 1867 eiusmodi
746 1839 797 1869 est,
819 1838 935 1869 Iudices,
955 1840 986 1864 vt'
997 1838 1015 1864 li
1030 1847 1079 1872 ego
1094 1838 1139 1863 lim
1155 1838 1302 1863 inconstans
1320 1846 1348 1863 ac
1403 1837 1725 1864 mortisnomenmilitiae
1733 1836 1800 1863 datis
1819 1837 1898 1863 Tert.
1907 1836 2010 1864 adNat.
2020 1844 2038 1868 ι,
2048 1843 2080 1867 18.
2102 1839 2176 1873 Quod
2187 1838 2424 1866 AfinioPolliomn

295 1881 371 1911 leuis,
392 1889 439 1906 nec
452 1878 606 1905 testimonio
622 1876 701 1903 fidem
715 1875 801 1902 tribui
817 1874 982 1906 conuenerit,
1002 1883 1049 1900 nec
1064 1873 1213 1899 defensioni
1233 1872 1350 1899 auClori-
1403 1874 1489 1900 buitur
1503 1874 1548 1899 hoc
1561 1873 1669 1903 verbum,
1688 1880 1753 1899 certe
1768 1873 1866 1898 dubium
1877 1871 1919 1905 est.
1966 1875 2032 1899 Nam
2047 1873 2094 1900 sub
2115 1874 2171 1900 Cic.
2186 1876 2256 1902 Fam.
2271 1884 2309 1907 ιο,
2321 1882 2352 1906 32
2366 1872 2422 1909 st!

299 1923 390 1943 tatem.
419 1914 514 1941 Valere
533 1913 692 1940 auctoritate
700 1912 767 1946 apud
776 1912 893 1945 aliquem
916 1911 984 1944 Nep.
999 1918 1024 1942 9,
1039 1919 1064 1942 2,
1080 1918 1098 1936 1.
1117 1908 1353 1936 Pseudo-Cimm—
1406 1908 1446 1934 die
1458 1910 1569 1944 legitur,
1595 1907 1796 1934 Gladiatoribus
1815 1908 1927 1934 Fadium
1943 1908 2090 1942 quendam,
2117 1910 2233 1938 militem
2253 1909 2423 1943 Pompeianui

297 1959 350 1987 th.
364 1953 415 1977 iret
430 1951 458 1976 in
471 1949 532 1976 exil.
546 1957 563 1983 7
583 1950 638 1974 Vos
651 1947 742 1979 credo,
762 1946 914 1975 retinebitis
930 1946 1042 1972 vestram
1057 1945 1226 1977 libertatem,
1246 1944 1294 1979 qui
1305 1952 1350 1970 ne·
1362 1950 1394 1976 50
1405 1944 1469 1979 quia
1484 1952 1544 1970 cuin
1557 1943 1687 1977 depressus
1700 1943 1729 1969 in
1742 1942 1834 1969 ludum
1848 1943 1889 1969 bis
1904 1944 1984 1977 gratis
1997 1944 2170 1978 depugnaffet‚
2189 1947 2297 1974 auctore
2316 1945 2367 1972 sese
2380 1945 2422 1971 noi
2438 1953 2441 1975 ι

298 1997 351 2023 que
366 1993 437 2013 tanta
449 1985 543 2012 valetis
557 1983 726 2014 aue‘toritate,
739 1991 826 2016 neque
839 1988 973 2008 tantorum
981 1980 1131 2008 officiorum
1142 1981 1287 2015 impensam
1295 1980 1350 2014 egi·
1403 1979 1460 2009 bat,
1480 1993 1526 1999 -—
1544 1978 1639 2005 viuum
1653 1978 1799 2004 combuffit.
1837 1980 1886 2010 Sic,
1905 1988 2015 2014 mquam,
2035 1979 2126 2014 editur,
2143 1991 2191 2008 non
2205 1981 2342 2009 aufiorare
2356 1982 2399 2006 v'el
2409 1989 2422 2006 a

298 2024 342 2050 stis
354 2024 384 2049 'in
398 2021 526 2057 patriam?
563 2019 602 2046 Id.
616 2019 648 2045 de
663 2019 726 2044 Nat.
742 2018 822 2043 Deor.
839 2025 859 2049 1,
874 2025 901 2042 10
920 2017 1043 2043 Tantum
1061 2017 1156 2050 opinio
1170 2015 1350 2050 praeiudicata
1407 2015 1508 2042 &orari
1521 2015 1583 2041 sese.
1621 2014 1732 2048 Quin&
1748 2013 1820 2041 Decl.
1833 2022 1883 2046 302
1901 2013 1982 2040 Illum
1995 2015 2109 2042 maiores
2123 2017 2317 2051 prohibuerunt
2336 2015 2422 2042 theatr

299 2065 414 2095 poterat,
433 2064 462 2083 vt
475 2056 555 2082 etiam
568 2054 620 2080 line
631 2054 736 2080 ratione
749 2053 849 2079 valeret
868 2050 1021 2078 auctoritas.
1076 2051 1224 2077 Plurimum
1238 2051 1308 2076 valet
1320 2051 1350 2076 in
1406 2051 1456 2085 qui
1469 2050 1584 2078 vtilitate
1598 2052 1702 2082 (melius
1721 2050 1839 2082 vilitate)
1859 2050 1908 2085 qui
1921 2050 2020 2085 gula&
2035 2050 2199 2084 auctor-asset,
2217 2056 2236 2079 i.
2255 2061 2283 2078 ea
2294 2053 2355 2086 Iege,
2366 2057 2397 2076 vt
2410 2059 2421 2075 α

300 2094 415 2122 consiliis
428 2092 571 2120 aufto-ritas
592 2089 702 2124 Quin&
719 2098 741 2121 3,
755 2094 777 2118 8.
823 2088 878 2115 Cic.
899 2088 952 2113 Ate.
969 2095 995 2120 9,
1009 2095 1025 2119 9
1043 2085 1142 2113 Scribis
1153 2085 1271 2112 Peduceo
1283 2094 1352 2145 ‘quo-
1406 2086 1522 2120 quamdiu
1537 2087 1603 2111 laute
1618 2087 1744 2118 aleretur,
1764 2085 1852 2111 deinde
1861 2093 1996 2122 pugnaret.
2031 2089 2212 2124 Argumentum
2225 2083 2268 2119 est,
2287 2085 2416 2118 Qtidam,

301 2140 353 2166 que
373 2129 464 2156 nostro
483 2126 592 2163 probari
607 2125 679 2161 quod
702 2124 834 2160 quierint,
854 2123 930 2149 cuius
943 2122 1087 2149 auctoritas
1101 2121 1216 2148 multum
1231 2129 1280 2155 apu
1308 2128 1351 2146 me
1365 2125 1393 2151 55
1408 2125 1509 2154 patrem
1522 2119 1654 2153 sepeliret,
1668 2120 1820 2146 auetorauit
1839 2122 1874 2147 se.
1927 2122 2025 2148 Patere.
2040 2131 2072 2154 2,
2093 2131 2134 2155 30,
2150 2130 2159 2148 1
2177 2122 2256 2149 Tum
2274 2121 2312 2147 M:
2326 2120 2358 2147 Pe
2381 2132 2387 2141 ι
2411 2127 2420 2155 s,

300 2167 380 2194 valet.
417 2165 492 2191 Hanc
506 2162 692 2190 aufioritatem
706 2165 835 2195 quantum
849 2159 916 2194 apud
931 2158 991 2185 illos
1004 2167 1078 2192 reges
1099 2172 1145 2177 -—-
1164 2156 1307 2183 valituram
1314 2156 1351 2182 es·
1408 2154 1559 2182 Praetorius
1569 2154 1721 2194 'Sertorium
1737 2155 1807 2180 inter
1820 2164 1930 2181 coenam
1938 2156 2045 2182 Etoscae
2052 2157 2200 2190 interemit,
2217 2155 2370 2190 Romanisq.
2380 2183 2392 2191 .
2410 2158 2419 2165 ’“

301 2204 326 2229 se
339 2200 496 2228 existimetis
516 2199 554 2225 Id.
570 2207 619 2232 pro
634 2198 663 2224 L.
676 2198 747 2223 Man.
762 2199 798 2229 46
811 2206 831 2222 c.
847 2199 883 2222 16.
919 2194 1026 2221 Versari
1044 2194 1072 2220 in
1085 2191 1289 2220 auetoritatibus
1314 2190 1352 2218 Id.
1407 2198 1462 2218 tam
1475 2189 1629 2221 vic'loriam,
1649 2189 1767 2224 partibus
1782 2189 1834 2216 suis
1848 2190 1999 2222 excidium,
2019 2191 2069 2218 sibi
2083 2192 2256 2226 turpiffimam
2269 2198 2384 2218 mortem

301 2238 334 2265 de
348 2238 422 2264 Orat.
438 2244 448 2261 1
462 2245 482 2262 c.
498 2243 536 2267 39.
572 2233 650 2260 Id.de
658 2233 750 2258 Diuin.
766 2241 785 2264 1,
799 2235 833 2258 62
854 2230 1017 2257 Carneadem
1029 2238 1093 2264 ergo
1113 2235 1254 2263 antepones
1270 2227 1354 2253 Plato·
1406 2226 1472 2253 iimo
1488 2225 1638 2252 auetorauit
1655 2225 1786 2258 facinore,
1802 2228 1821 2251 i.
1837 2224 1966 2261 quaeJiuit,
1979 2233 2066 2253 etarce
2086 2229 2143 2254 tuit.
2181 2225 2345 2264 Frequentius
2358 2236 2370 2253 e
2386 2228 2390 2247 Γ

301 2274 331 2300 ni
345 2279 370 2299 et
384 2271 502 2299 Socrati?
532 2269 580 2305 qui
593 2274 622 2295 vt
635 2270 768 2294 rationem
781 2276 836 2293 non
858 2265 1009 2297 redderent,
1030 2265 1188 2291 aue‘toritate
1203 2267 1291 2289 t'amen
1305 2262 1353 2289 hos
1405 2265 1450 2288 tic.
1472 2261 1641 2292 Auctoratus,
1656 2260 1684 2286 tle
1704 2270 1750 2296 quo
1761 2259 1856 2293 statim.

303 2310 421 2336 minutos
436 2304 608 2342 philosophos
623 2304 768 2330 vincerent.
811 2302 849 2329 Id.
873 2303 925 2327 Att.
943 2310 981 2333 ιο,
997 2310 1003 2326 ι
1026 2301 1087 2326 Eius
1102 2300 1186 2334 igitur
1199 2298 1269 2325 mihi
1281 2297 1353 2324 viuit
1363 2296 1399 2321 60
1444 2302 1636 2336 AVCTOBO
1646 2303 1682 2336 ιζ,
1710 2296 1758 2323 ari.
1815 2295 2028 2331 Aufloremfieri,
2047 2296 2270 2334 auHoritatemque
2281 2299 2355 2336 fitam
2369 2305 2380 2325 t

302 2344 460 2373 auctoritas:
484 2348 510 2368 et
523 2340 673 2368 simillimus
686 2339 743 2366 eius
759 2337 831 2364 filius
844 2337 938 2364 eodem
951 2337 987 2363 est
999 2335 1069 2371 apud
1081 2344 1123 2362 me
1143 2334 1277 2370 pondere,
1299 2341 1353 2368 quo
1406 2335 1562 2368 interponere
1568 2332 1707 2368 significat.
1743 2333 1834 2367 Pomp.
1850 2332 1878 2358 in
1892 2331 1910 2358 l.
1927 2340 1954 2366 4.
1969 2332 2001 2358 D.
2016 2331 2048 2359 de
2061 2333 2163 2360 auctor.
2178 2340 2261 2361 tutor.
2297 2335 2324 2362 Si
2335 2340 2387 2362 tut

304 2381 358 2408 fuit
372 2380 433 2406 ille:
454 2386 532 2413 quem
546 2377 647 2404 saluere
660 2375 744 2402 velim
758 2373 849 2401 iubeas
869 2373 1023 2408 plurimum.
1181 2368 1203 2407 ff
1223 2378 1236 2403 ς
1256 2369 1354 2396 Aucto-
1408 2368 1545 2408 ἑὶοιέιιιι-ἶ
1564 2369 1609 2394 cui
1624 2367 1819 2394 administratio
1832 2368 1931 2395 tutelae
1945 2369 2059 2395 concess'a
2072 2369 2180 2402 nonest,
2200 2369 2229 2398 id
2236 2376 2347 2398 ratuma
2363 2374 2369 2383 ·

304 2417 368 2444 ritas
388 2414 511 2442 interdurn
525 2412 670 2450 adspcciem
684 2418 810 2437 externam
824 2410 946 2445 refertur,
967 2411 994 2434 in
1014 2413 1133 2444 quantum
1153 2406 1240 2433 bonam
1261 2407 1356 2442 opinio·
1407 2414 1437 2432 re
1451 2404 1545 2431 haberi
1557 2412 1612 2430 non
1626 2403 1712 2444 debet.
1891 2401 1912 2441 ff
1936 2412 1952 2430 2.
1979 2404 2104 2431 Addicere
2118 2408 2204 2440 pretio
2221 2406 2300 2441 Apul.
2314 2407 2381 2434 Met.

306 2461 360 2478 nem
373 2454 467 2478 excitat
480 2449 509 2476 ἀι·
521 2459 556 2481 eo,
569 2451 612 2485 qui
625 2447 692 2474 illam
707 2446 787 2474 habet.
836 2446 943 2472 Sueton.
961 2444 1052 2471 Claud.
1066 2453 1087 2470 c.
1103 2452 1133 2476 30
1152 2441 1306 2469 Auctoritas
1319 2440 1358 2467 di·
1411 2448 1467 2473 225.
1487 2440 1552 2466 Elm.
1571 2439 1672 2466 Mulier
1688 2438 1846 2466 exsecrando
1858 2439 1969 2466 metallo
1980 2440 2138 2474 pudicitiam
2151 2442 2224 2468 suam
2237 2441 2386 2475 auctorata,
2409 2457 2419 2474 4

307 2488 424 2523 gnitasue
439 2487 542 2513 formae
557 2493 611 2511 non
626 2483 714 2510 defuit
726 2482 768 2509 vel
781 2481 858 2507 stanti
872 2481 914 2508 vel
929 2480 1040 2507 sedenti.
1075 2481 1159 2519 Neque
1172 2478 1202 2505 de
1218 2477 1358 2506 hominibus
1369 2475 1400 2506 65
1436 2483 1500 2504 ‚Av
1509 2482 1556 2502 CT
1565 2482 1612 2502 OR
1621 2482 1673 2502 A'r
1683 2483 1702 2502 v
1712 2482 1735 2507 s,
1755 2483 1780 2507 a,
1801 2483 1855 2501 um.
1892 2474 1905 2508 [
1913 2476 1971 2502 Vet.
1986 2475 2068 2502 Glols.
2088 2475 2166 2502 ἐυθαι
2180 2478 2238 2503 ἐτως
2249 2471 2280 2503 εἷς
2292 2475 2364 2505 &inor
2377 2477 2397 2504 ἓ
2414 2490 2415 2493 ¹

306 2530 404 2550 tantum
410 2521 450 2557 fic
462 2521 564 2552 dicitur,
578 2519 626 2557 fid
635 2519 664 2545 de
678 2519 749 2546 rebus
761 2521 835 2544 etiam
848 2518 916 2548 aliir,
935 2519 962 2542 in
974 2522 1092 2552 quantum
1099 2514 1187 2551 Jenfics
1199 2512 1296 2547 nostros
1310 2522 1359 2539 mo·
1410 2511 1524 2544 βάλλων,
1542 2510 1586 2545 ’19⁶1'
1612 2509 1775 2550 ffiqu,ueixos]
1798 2511 1851 2553 Qi
1858 2510 1887 2547 fi‘
1899 2509 2051 2542 αιιὸἶοναιιῐι,
2071 2514 2089 2537 ι’,
2104 2487 2232 2544 vendidit,
2251 2512 2352 2539 addixit
2363 2522 2376 2539 ο
2396 2521 2422 2539 er

307 2565 375 2586 vent.
426 2558 533 2584 Vitruu.
553 2556 636 2583 Praef.
650 2554 843 2582 Aedificiorum
858 2552 1029 2588 publicorum
1044 2551 1215 2577 auctoritates
1228 2549 1359 2584 egregiae,
1412 2551 1539 2583 vitamque
1553 2546 1612 2574 adeo
1621 2549 1703 2583 Juam.
1739 2546 1807 2574 Hor.
1822 2548 1871 2578 bat.
1885 2555 1912 2579 2,
1925 2553 1952 2581 7,
1966 2555 1997 2579 59
2015 2547 2089 2580 Qud
2101 2548 2194 2580 refert,
2213 2548 2257 2575 vri
2267 2548 2355 2583 virgis
2390 2556 2420 2575 er

310 2598 329 2622 i.
347 2592 461 2630 aedificia
476 2592 510 2618 ad
521 2593 653 2627 exemplum
668 2590 810 2627 magnifica.
864 2589 903 2615 Id.
919 2597 942 2621 3,
956 2597 972 2614 2
992 2586 1117 2622 Aspee'tus
1132 2586 1226 2613 habeat
1244 2585 1360 2612 auclori-
1414 2593 1465 2619 que
1480 2583 1569 2610 necari
1583 2582 1739 2609 Auctoratus
1753 2590 1805 2614 eas,
1824 2591 1858 2609 an
1870 2582 1942 2616 turpi
1963 2582 2063 2611 clausus
2077 2583 2106 2609 in
2123 2592 2182 2610 arca
2201 2591 2247 2610 etc.
2289 2585 2349 2611 Vet.
2372 2583 2418 2616 f,

310 2637 399 2658 tatem.
456 2629 487 2654 Et
504 2635 532 2660 5,
552 2636 571 2659 4
591 2627 688 2653 Cantio
702 2625 855 2652 harmoniae
874 2625 989 2651 maxime
1003 2632 1112 2658 grauem
1125 2622 1205 2648 habet
1216 2621 1359 2648 auclorita-
1415 2620 1471 2654 Qui
1486 2620 1510 2646 se
1523 2619 1640 2645 vendunt
1652 2617 1727 2651 ludo,
1747 2617 1879 2645 auctorati
1891 2617 2023 2645 dicuntur.
2059 2618 2119 2645 Liu.
2140 2626 2180 2654 37,
2195 2627 2223 2646 to
2242 2620 2281 2646 Eo
2294 2620 2376 2654 pigno
2392 2622 2398 2646 ζ’

310 2673 374 2697 tem,
392 2667 410 2690 i.
424 2662 654 2689 vimmouendorum
669 2665 814 2688 animorum.
851 2662 883 2688 Et
902 2663 929 2692 6,
944 2669 964 2686 11
983 2660 1052 2686 Cum
1066 2667 1133 2693 opus
1148 2657 1291 2689 venustate,
1300 2665 1360 2692 pro·
1368 2658 1406 2687 70
1414 2657 1454 2682 lut
1466 2655 1634 2682 auctoratum
1655 2653 1703 2680 fibi
1720 2654 1768 2680 effe
1781 2653 1948 2688 proditorem
1960 2673 1968 2685 ‚
1986 2659 2066 2680 ratus.
2117 2654 2175 2680 Seu.
2195 2655 2228 2682 de
2245 2656 2335 2682 Morte
2354 2655 2377 2682 C

311 2699 483 2737 portionibus
504 2704 529 2724 et
544 2697 703 2731 symmetriis
724 2696 848 2722 habuerit
868 2696 1073 2727 audieritatem,
1092 2701 1154 2721 tnnc
1173 2693 1263 2727 fucrit,
1275 2692 1362 2727 gloria
1416 2692 1493 2719 Noui
1509 2690 1649 2717 auciorati.
1684 2689 1761 2724 Apul.
1776 2690 1841 2716 Met.
1860 2698 1877 2716 2
1891 2698 1916 2724 p.
1929 2697 1982 2722 125,
1995 2698 2008 2722 3
2036 2689 2088 2716 Hic
2102 2689 2254 2719 auctoratus
2273 2690 2306 2718 ad
2318 2700 2349 2718 cu
2378 2703 2383 2711 ·

313 2735 470 2766 Architecti.
663 2731 684 2769 ff
713 2734 729 2758 6
755 2732 856 2758 Plinius
873 2731 961 2767 paffim
975 2730 1162 2759 autStoritatem
1177 2730 1269 2756 tribuit
1281 2728 1361 2760 rebus,
1415 2728 1507 2754 mariti
1520 2727 1562 2753 tui
1573 2726 1684 2753 fidenter
1696 2724 1802 2763 acceffit.
1859 2724 1973 2760 Promiffi
1992 2724 2032 2752 illi
2043 2732 2116 2752 erant
2133 2726 2198 2753 mille
2217 2730 2295 2760 numi,
2314 2727 2371 2755 ea.1
2380 2733 2396 2762 ιζ’,
2412 2749 2419 2756 ,,

316 2782 380 2810 quas
393 2771 505 2798 indicare
520 2770 575 2795 vult
583 2768 700 2804 pluribus
711 2769 818 2802 placere,
839 2774 862 2793 et
875 2770 903 2793 in
917 2768 999 2802 aliquo
1018 2768 1087 2793 velut
1107 2761 1196 2793 hondre
1209 2763 1260 2799 effi’.
1289 2774 1314 2790 v.
1336 2773 1362 2800 g.
1417 2764 1466 2799 qui
1480 2772 1535 2789 non
1549 2763 1680 2798 integrum
1694 2769 1788 2796 corpus
1808 2770 1886 2788 mane
1897 2761 2059 2794 restituerit,
2080 2761 2212 2797 quidquid
2230 2761 2291 2789 in'de
2312 2762 2344 2790 de
2381 2764 2396 2791 »ἶ
2417 2767 2419 2770 ⁴

313 2817 351 2842 33,
367 2817 383 2835 2
402 2807 420 2833 s.
437 2811 450 2836 8
469 2805 618 2832 Anulorum
632 2803 787 2830 a11&oritati
800 2803 888 2829 forma
901 2802 1042 2829 constituta
1055 2802 1101 2834 est,
1121 2810 1266 2838 quamquam
1279 2801 1319 2827 hic
1326 2804 1362 2834 st-
1417 2800 1633 2833 diniinutumque
1647 2797 1738 2829 fuerit,
1756 2797 1783 2823 id
1797 2806 1878 2824 omne
1891 2797 1924 2823 de
1936 2796 2004 2824 facie
2019 2797 2063 2824 sua
2075 2797 2208 2824 desectum
2220 2794 2316 2826 sarcire
2328 2799 2396 2836 cong}

314 2845 365 2871 mul
376 2843 410 2870 ad
422 2845 462 2868 ius
474 2840 654 2877 &facultatem
672 2837 844 2875 gestandormn
863 2840 992 2865 anulorum
1009 2838 1152 2874 respicitur.
1204 2836 1243 2863 Id.
1257 2844 1301 2869 29,
1315 2838 1331 2862 6
1343 2837 1361 2862 s.
1376 2841 1408 2869 75
1417 2842 1469 2863 tur.
1504 2833 1700 2862 Add.Tern¹ll.
1715 2833 1747 2859 ad
1759 2833 1870 2866 Martyr.
1892 2843 1912 2859 c.
1928 2841 1948 2866 5.
1983 2832 2051 2859 Plin.
2065 2842 2105 2866 14,
2119 2833 2175 2866 1123
2195 2833 2224 2860 de
2236 2835 2348 2869 vitibus,
2376 2848 2396 2871 .³.

314 2889 346 2914 39
367 2880 491 2912 Magnam
505 2875 691 2903 auctoritatem
706 2874 768 2901 huic
781 2874 889 2901 animali
904 2873 1026 2908 perhibet
1040 2873 1167 2908 Nigidius
1179 2879 1224 2899 etc.
1260 2873 1290 2898 Et
1298 2880 1335 2904 33,
1344 2879 1362 2906 7
1418 2877 1475 2898 tum
1489 2870 1623 2904 sublimes,
1641 2875 1669 2897 vt
1681 2868 1863 2896 vindemiator
1873 2868 2024 2895 aufiioratus
2036 2878 2132 2904 rogum
2144 2879 2172 2896 ac
2191 2870 2326 2898 tumulum
2344 2879 2387 2898 ac*

316 2917 334 2943 s.
351 2920 379 2948 38
399 2913 594 2941 Αιιὲὶοιίῐᾶιειιι
614 2910 700 2937 colori
721 2910 832 2942 (rubro)
852 2910 927 2936 fuiss'e
936 2930 943 2941 ‚
961 2918 1015 2936 non
1034 2910 1126 2935 miror.
1183 2909 1214 2934 Et
1229 2916 1264 2939 32,
1278 2916 1293 2934 z
1307 2908 1324 2933 s.
1340 2915 1362 2933 ιι
1425 2908 1515 2934 Vtitur
1527 2908 1572 2933 hac
1584 2915 1641 2933 voce
1654 2904 1859 2932 adiudicandum
1868 2906 2008 2940 periculum
2016 2905 2136 2942 praesens
2147 2909 2223 2938 vitae,
2238 2906 2305 2942 quod
2311 2905 2372 2934 'inde
2386 2926 2387 2929 ,

317 2951 470 2979 Auctoritas
485 2949 609 2975 bacarum
622 2947 747 2979 (curalii)
769 2953 823 2971 non
838 2946 925 2971 minus
937 2945 1064 2972 Indorum
1072 2943 1252 2980 quoqueviris
1267 2943 1365 2978 pretio·
1417 2950 1530 2979 apparet,
1551 2945 1609 2979 quia
1621 2940 1728 2976 excipit,
1743 2943 1761 2967 i.
1777 2940 1982 2974 nominatimstbi
1991 2947 2061 2967 cauet
2069 2939 2211 2976 praestari,
2223 2941 2368 2979 sidelapsus*
2382 2943 2387 2949 ²

317 2989 343 3015 sa
358 2985 405 3019 est,
422 2993 501 3021 quam
514 2983 622 3010 feminis
635 2981 731 3009 nostris
743 2982 856 3008 vniones
870 2980 963 3007 Indici.
1019 2982 1049 3008 Et
1070 2989 1116 3014 14,
1136 2989 1166 3014 ¹4
1180 2980 1197 3006 s.
1213 2987 1241 3014 ι7
1258 2978 1364 3013 Quibus
1418 2986 1469 3009 tur,
1489 2988 1575 3015 rogum
1590 2987 1619 3005 ac
1631 2978 1754 3004 tumulum.
1811 2976 1848 3002 Id.
1865 2978 1905 3009 36,
1921 2984 1945 3009 ις
1958 2976 1976 3002 s.
1990 2984 2026 3010 24
2047 2976 2075 3002 de
2089 2977 2206 3003 Curionis
2217 2978 2315 3005 theatro
2327 2977 2369 3005 illo

317 3023 387 3051 vinis
400 3020 542 3048 auctoritas
554 3019 638 3045 fuerit
652 3019 680 3044 in
693 3018 736 3044 sita
749 3017 852 3049 mensa,
875 3017 913 3043 M.
926 3017 1012 3042 Varro
1025 3016 1065 3043 his
1082 3015 1172 3043 verbis
1185 3014 1274 3042 tradit.
1334 3016 1365 3040 Er
1377 3019 1409 3044 80
1419 3016 1470 3047 tili,
1493 3013 1616 3041 Faciebat
1629 3012 1862 3048 amphitheatrum,
1882 3019 1908 3039 et
1922 3011 2099 3046 gladiatorum
2113 3012 2257 3047 spe&acula
2265 3013 2373 3046 edebat,-¹

322 3068 359 3092 12,
373 3069 392 3092 4
423 3058 516 3084 Tanta
535 3055 613 3083 ebori
631 3053 775 3081 auctoritas
788 3058 859 3085 erat,
878 3051 952 3078 vrbis
966 3052 1068 3078 nostrae
1081 3050 1264 3079 trecentesimo
1286 3059 1365 3077 anne.
1419 3050 1502 3085 magis
1523 3053 1611 3086 (quam
1626 3049 1779 3086 gladiatores
1796 3048 1879 3084 ipsos)
1899 3047 2064 3075 austoratum
2080 3051 2090 3081 (
2097 3049 2145 3085 sua
2156 3048 2297 3084 curiofitate
2313 3053 2346 3076 in·
2359 3062 2380 3073 a:

318 3093 389 3121 Ibid.
419 3093 484 3120 Ideo
506 3090 616 3119 for-tanis
637 3090 665 3116 in
685 3089 849 3116 tributorum
864 3085 1023 3114 anfioritate
1035 3088 1114 3113 tertia
1127 3095 1167 3113 res
1188 3087 1241 3113 fuit
1259 3086 1365 3113 ebenus.
1419 3090 1507 3114 ruinae
1516 3087 1655 3121 periculum
1666 3083 1814 3116 adduHum)
1835 3084 1962 3118 populum
1977 3084 2054 3110 Rom.
2068 3085 2257 3112 circumferens
2275 3086 2382 3120 (mms-¹

319 3131 361 3156 sic
368 3128 519 3165 saepiffime,
546 3129 642 3163 quoties
655 3125 753 3161 aliquid
764 3124 850 3160 cupide
861 3123 980 3161 vficrpari
1002 3124 1043 3149 vel
1061 3122 1156 3148 decoris
1170 3122 1278 3158 ociosus
1292 3122 1366 3159 causa
1421 3132 1449 3149 ex
1457 3121 1580 3158 fidilibus
1598 3131 1627 3148 ex
1640 3131 1688 3148 vno
1702 3119 1803 3152 cardine
1812 3119 2003 3154 pendentibus.)
2108 3142 2112 3145 ,
2156 3117 2191 3159 'ff
2210 3130 2238 3148 2.
2248 3122 2286 3149 Ex
2304 3123 2382 3148 3153.

324 3159 440 3197 qllendits
475 3163 522 3191 Sed
534 3166 607 3190 etiam
620 3163 707 3188 Varro
728 3161 758 3187 R.
774 3161 805 3187 R.
820 3169 842 3192 2,
857 3168 879 3193 5,
893 3168 905 3192 3
926 3160 976 3186 Bos
989 3159 1016 3184 in
1025 3158 1146 3193 pecuaria
1159 3158 1274 3184 maxima
1289 3158 1366 3184 debet
1413 3157 1609 3195 significatione.
1647 3155 1806 3184 obseruatio
1815 3155 2089 3184 suoiamvindicanda
2096 3156 2218 3190 nomine,
2238 3163 2264 3184 et
2279 3157 2362 3184 satisa
2378 3166 2380 3174 ι

323 3200 371 3226 esse
383 3199 554 3230 auctoritate,
583 3197 736 3233 praesertim
754 3196 781 3223 in
795 3196 885 3227 Italia,
907 3203 973 3230 quae
989 3193 1096 3221 abubus
1109 3202 1206 3220 nomen
1220 3193 1318 3220 habere
1336 3193 1366 3220 fit
1381 3199 1409 3228 85
1420 3201 1446 3221 ta
1459 3193 1596 3220 consensus
1610 3192 1760 3228 patrocinio
1774 3191 1854 3218 Tert.
1869 3191 1900 3217 de
1915 3192 1978 3218 Cor.
1993 3201 2015 3218 c.
2029 3200 2054 3218 2.
2071 3195 2089 3219 i.
2105 3194 2271 3229 comprobata.

323 3235 477 3262 existimata.
513 3236 580 3270 Qiin
590 3233 685 3261 Pallad.
700 3234 756 3259 lun.
772 3240 799 3267 7,
814 3234 830 3258 6
851 3232 936 3266 Apum
951 3239 1063 3266 pugnam
1078 3229 1219 3264 compescit
1237 3244 1281 3249 —
1299 3229 1367 3256 mul·
1456 3236 1478 3256 A
1493 3236 1513 3256 v
1529 3236 1545 3256 c
1561 3236 1582 3256 Τ
1597 3235 1616 3256 o
1631 3235 1650 3256 R
1664 3235 1686 3255 Α
1699 3235 1721 3255 Τ
1737 3235 1746 3254 ι
1761 3233 1781 3254 0
1812 3227 1934 3254 venditio
1954 3227 2140 3262 gladiatorum.
2158 3229 2218 3256 Vet.
2231 3228 2316 3256 schol.
2328 3228 2382 3260 H»,

324 3272 464 3312 sate-aquae
477 3270 562 3296 imber
575 3268 698 3305 aspersus.
735 3267 802 3294 Inest
817 3267 859 3294 illi
878 3267 971 3307 (melli,
985 3275 996 3292 e
1007 3275 1053 3327 lup
1066 3274 1133 3300 aqua
1147 3265 1246 3305 mulsa)
1261 3264 1292 3291 ad
1312 3265 1366 3292 ori·
1419 3273 1450 3297 2,
1470 3273 1503 3300 7,
1528 3274 1567 3298 59.
1886 3299 1891 3304 .
2057 3297 2062 3307 1
2099 3298 2107 3308 ,
2362 3285 2373 3297 Ἴ,

325 3315 395 3341 ginis
407 3306 466 3331 suae
480 3308 587 3340 (apum)
605 3303 777 3340 reparandam
792 3301 960 3330 concordiam
973 3301 1007 3328 du
1020 3310 1056 3328 cis
1075 3300 1228 3328 auctoritas.
1309 3299 1330 3339 ff
1348 3309 1366 3335 7
1457 3308 1478 3327 Α
1489 3307 1534 3327 vc
1543 3308 1564 3327 Τ
1574 3307 1594 3328 o
1603 3307 1622 3327 R
1633 3307 1654 3327 A
1663 3306 1687 3326 M
1697 3305 1744 3326 ΕΝ
1753 3305 1774 3325 Τ
1783 3304 1839 3325 ν·Μ
1848 3319 1856 3331 ,
1883 3308 1902 3325 1.
1928 3308 1953 3326 n.
1979 3298 2075 3333 [μιθος
2087 3310 2118 3325 εις
2130 3296 2201 3326 δὲλον
2213 3299 2277 3334 GL]
2303 3300 2351 3326 Pre
2370 3314 2373 3320 ι

326 3341 501 3370 Αιιᾶοιὶῑειῐες
515 3340 644 3374 publicae,
660 3348 709 3376 pro
721 3342 805 3367 literis
813 3339 929 3375 publicis,
949 3341 966 3364 i.
981 3339 1089 3373 Scriptis
1100 3335 1270 3370 instrumentis
1284 3337 1317 3363 acl
1323 3338 1368 3363 ali·
1422 3335 1518 3362 iusdam
1532 3337 1599 3363 velut
1608 3343 1715 3372 pugnae,
1729 3330 1884 3370 millenisque
1893 3345 1900 3360 :
1919 3341 1948 3361 vt
1962 3334 2093 3370 Qnintffil.
2112 3335 2141 3361 in
2154 3335 2268 3362 Gladiat.
2281 3344 2303 3362 c.
2318 3343 2335 3369 9

325 3377 388 3415 quid
396 3375 558 3412 probandum.
593 3377 648 3403 Cic.
664 3376 722 3402 Αᾶ.
739 3384 748 3402 ι
763 3375 791 3402 in
804 3376 880 3402 Verr.
893 3382 910 3409 7
922 3383 944 3400 c.
959 3382 971 3406 3
996 3372 1153 3408 Legationes
1177 3381 1235 3398 cum
1256 3372 1368 3406 publicis
1379 3379 1414 3404 90
1423 3371 1519 3398 ficilem
1535 3373 1610 3404 sane,
1621 3371 1677 3398 ‚sub
1690 3369 1738 3397 illo
1757 3370 1910 3405 praesertim
1929 3371 2145 3402 auctoramento,
2166 3370 2295 3398 habuisset
2308 3370 2374 3398 miw

326 3411 528 3441 auc'ioritatibus
541 3420 568 3436 ac
583 3411 739 3438 testimoniis
753 3410 909 3438 conuenisse:
966 3408 1133 3440 Auctoritas,
1152 3407 1302 3434 iudicmmct
1310 3408 1367 3444 svn-
1423 3407 1466 3434 sed
1483 3408 1571 3434 noluit
1587 3407 1716 3442 gladiator
1727 3406 1829 3432 viuere.
1883 3406 1939 3433 Cic.
1952 3406 2004 3434 Off.
2020 3415 2046 3439 ι,
2064 3414 2107 3439 150
2120 3415 2144 3432 c.
2159 3415 2193 3440 42
2219 3405 2371 3440 Illiberalea

327 3450 468 3476 tentiaviri
480 3449 576 3488 grauis.
624 3448 685 3473 Pilis
698 3455 723 3474 et
737 3446 832 3481 gladiis
843 3466 851 3479 ,
872 3444 1056 3472 nonconfiliis
1069 3453 1100 3471 ne
1121 3452 1154 3470 ue
1167 3442 1370 3470 auctoritatibus
1423 3449 1449 3470 et
1463 3443 1564 3470 sordidi
1578 3442 1697 3479 quaestus
1710 3443 1934 3469 mercenariorum
1948 3442 2081 3475 onmium,
2094 3450 2210 3476 quorum
2223 3451 2327 3478 operae,
2340 3451 2379 3470 ιιιη
2419 3470 2422 3479 ⁴

328 3485 423 3512 nostris
435 3482 468 3510 de
483 3490 541 3510 iure
554 3481 661 3516 publico
674 3483 832 3518 disceptatur
847 3482 903 3509 Cic.
916 3481 987 3508 Fam.
995 3482 1021 3513 6,
1035 3489 1053 3506 ι.
1090 3482 1104 3506 l
1123 3499 1128 3505 .
1143 3478 1199 3505 Cic.
1208 3488 1256 3513 pro
1263 3480 1370 3506 Cluent.
1424 3488 1484 3506 rum
1495 3485 1563 3506 artes
1578 3484 1710 3506 emuntur.
1734 3477 1771 3503 est
1784 3478 1856 3504 enim
1869 3479 1898 3504 in
1912 3477 1966 3504 illis
1981 3478 2036 3513 ipsa
2050 3485 2158 3510 merces,
2178 3477 2347 3506 aue'toramen
2369 3490 2375 3506 ,ι

328 3529 372 3554 139
391 3529 412 3546 c.
429 3527 460 3552 50
477 3519 508 3546 Et
520 3516 567 3544 illa
586 3519 673 3544 oratio
686 3519 773 3552 potius
791 3517 919 3553 temporis
937 3517 998 3548 mei,
1016 3524 1094 3551 quam
1108 3514 1203 3542 iudicii
1216 3520 1242 3540 et
1254 3515 1371 3542 auctori·
1425 3515 1527 3541 vitutis.
1563 3515 1671 3543 Sueten.
1683 3512 1782 3540 Tiber.
1797 3521 1815 3548 7
1832 3513 1968 3541 Rudiariis
1982 3521 2089 3549 quoque
2100 3513 2261 3548 quibusdam
2279 3521 2358 3541 reuoc
2369 3529 2373 3543 s

329 3557 389 3583 tatis
402 3555 463 3582 fuit.
499 3553 536 3580 Id.
552 3554 622 3580 Fam.
638 3561 681 3587 ι,7
707 3554 796 3587 Qtarc
809 3562 848 3587 ea,
861 3551 1060 3589 quae'scribam,
1081 3551 1113 3578 fic
1128 3549 1234 3583 habeto,
1255 3560 1297 3577 me
1311 3560 1369 3577 curn
1382 3554 1414 3581 93
1426 3550 1592 3577 §loramento
1599 3556 1703 3577 centum
1710 3548 1838 3576 millium.
1874 3549 1986 3576 Nullum
1993 3548 2047 3575 fine
2054 3547 2252 3576 au&oraixiento
2260 3548 2359 3576 malum'
2372 3567 2374 3569 -

332 3591 380 3618 illo
393 3598 417 3618 te
430 3588 632 3618 communicata.
644 3588 674 3614 de
689 3588 760 3615 illius
774 3589 806 3615 ad
824 3597 850 3616 te
862 3589 989 3616 sententia
1003 3593 1082 3623 atque
1101 3585 1257 3613 auctoritate
1276 3585 1371 3613 scribe·
1425 3586 1545 3613 mercede
1559 3592 1584 3613 te
1596 3586 1664 3613 vitia
1673 3584 1810 3619 >solicitant
1826 3585 1884 3612 Sen.
1905 3585 1951 3620 Ep.
1964 3586 2007 3617 69.
2061 3583 2199 3620 Philippus
2212 3594 2257 3612 rex
2274 3583 2356 3617 homi,
2373 3603 2375 3605 -

331 3635 369 3653 re.
408 3628 463 3653 Huc
470 3625 548 3662 ufer,
562 3623 627 3660 quod
633 3623 707 3660 saepe
717 3627 820 3659 ponitur
827 3624 989 3657 Auctoritas,
1019 3632 1048 3650 ro
1062 3624 1123 3655 loco,
1130 3620 1183 3656 fine
1196 3619 1342 3654 testiinonio,
1358 3631 1369 3648 c
1425 3622 1491 3648 nalis
1513 3622 1616 3648 animae
1636 3620 1736 3648 crebris
1758 3620 1962 3647 auCtoramentis
1984 3619 2141 3646 accendebat
2162 3621 2199 3647 Id.
2224 3621 2257 3648 de
2275 3619 2363 3648 Benef.
2376 3619 2385 3638 ’Δ

327 3662 496 3698 scriptoribus
515 3659 629 3697 defiemto.
685 3660 740 3686 Cic.
758 3659 789 3686 de
802 3661 876 3687 Orat.
889 3669 910 3694 1,
925 3665 968 3691 180
987 3629 1061 3687 bium
1080 3657 1179 3685 destitit
1199 3663 1309 3692 vterque
1324 3666 1370 3683 no-
1426 3658 1522 3684 Patere.
1539 3666 1564 3690 2,
1579 3659 1614 3684 66
1633 3660 1660 3684 in
1673 3658 1711 3684 M.
1724 3658 1862 3683 Antonium
1873 3655 1997 3686 inuehens,
2013 3657 2056 3690 qui
2062 3659 2200 3691 praemium
2214 3659 2238 3683 ei
2243 3655 2343 3693 propos
2366 3671 2375 3682 ,Γ

336 3695 417 3723 strsun
431 3697 458 3723 in
471 3705 500 3724 ea
514 3696 590 3723 causa
602 3715 609 3727 ,
626 3695 654 3722 in
668 3694 886 3727 auctoritatibus,
908 3696 936 3722 in
950 3695 1094 3730 exemplis,
1114 3693 1142 3720 in
1156 3691 1370 3722 testamentorum
1425 3694 1458 3719 ad
1465 3694 1493 3729 fi·
1505 3698 1580 3729 caput
1592 3694 1718 3720 Ciceronis
1730 3691 1852 3726 aff'errcn
1871 3689 1961 3722 Nihil,
1979 3692 2069 3726 inquit,
2084 3691 2160 3726 egisti
2173 3692 2211 3719 M.
2227 3687 2361 3724 Antoni,·‘⁴
2410 3707 2412 3710 .

336 3732 468 3764 formulis,
487 3731 537 3759 hoc
550 3731 587 3758 est
600 3732 627 3758 in
642 3730 732 3757 medio
745 3730 802 3756 iure
822 3731 897 3757 ciuili
916 3731 1035 3758 versari?
1086 3727 1217 3764 Qiinffll.
1237 3735 1260 3760 5,
1276 3736 1297 3754 ιι
1317 3730 1504 3764 Iamiooquam
1517 3729 1604 3764 egisti,
1621 3727 1770 3756 mercedem
1782 3725 1951 3753 caelestiffimi
1963 3725 2019 3752 oris
2031 3731 2057 3752 et
2070 3726 2202 3755 clariffimi
2216 3718 2389 3763 capitiubs'
2406 3741 2407 3744 =

337 3768 468 3793 sententiis
483 3767 589 3802 quidem
601 3768 740 3794 Poetarum
752 3774 805 3791 non
818 3767 952 3793 orationes
966 3766 1048 3794 modo
1062 3766 1119 3793 sunt
1136 3763 1265 3796 refertae,
1284 3763 1327 3790 sed
1342 3764 1372 3790 li·
1424 3764 1560 3797 met-ando,
1575 3763 1775 3791 audiet-amento
1794 3769 1828 3788 ue
1836 3760 1944 3788 funebri
1957 3760 1989 3788 ad
2003 3762 2196 3790 conseruatoris
2203 3761 2379 3799 quondamR
2409 3785 2415 3795 ἶ

336 3801 380 3829 bri
395 3803 474 3828 ctiam
486 3802 720 3838 philosophorum:
739 3801 795 3836 qui,
809 3809 967 3836 quamquam
982 3802 1112 3830 inferiora
1124 3799 1215 3828 onmia
1228 3800 1373 3834 praeceptis
1424 3800 1543 3835 tantique
1551 3800 1674 3827 Consulis
1687 3798 1780 3826 iri-itan
1800 3805 1818 3822 ο
1832 3804 1932 3823 necem.
1987 3797 2084 3825 Patere.
2111 3798 2159 3825 lib.
2181 3807 2213 3832 2,
2233 3803 2264 3830 28
2280 3797 2354 3831 Sylla·
2367 3803 2389 3827 ’μ
2402 3808 2412 3817 ἰ

338 3837 390 3864 suis
404 3846 431 3863 ac
446 3838 530 3864 literis
542 3840 671 3871 credunt,
696 3843 814 3872 repetere
827 3843 914 3863 tamen
930 3837 1116 3865 au&oritatem
1129 3845 1143 3864 a
1156 3834 1279 3872 plurimis
1295 3835 1372 3861 verfi-
1425 3836 1574 3870 exemplum
1586 3832 1787 3871 proscriptionis
1801 3831 1905 3858 inuenit
1915 3851 1924 3864 ,
1944 3837 1973 3858 vt
1992 3832 2021 3859 in
2037 3842 2088 3868 qua
2101 3835 2210 3862 ciuitate
2222 3832 2382 3870 petulantis

339 3872 387 3900 bus
401 3881 455 3898 non
472 3872 647 3900 fastidierunt.
702 3871 761 3900 Vid.
789 3872 815 3898 F.
832 3872 859 3898 F.
878 3872 963 3900 Sabin.
983 3873 1056 3901 Le&
1071 3873 1168 3900 subsec.
1187 3879 1206 3902 1,
1215 3878 1238 3904 3.
1263 3870 1371 3905 (Lamp.
1424 3871 1457 3897 tii
1473 3871 1602 3898 iudicium
1614 3868 1738 3897 histrioni
1751 3866 1857 3894 exoleto
1870 3866 2002 3901 redditur,
2021 3869 2049 3895 in
2063 3878 2093 3896 ea
2107 3870 2221 3906 iugulati
2237 3869 2304 3897 ciuis
2315 3867 2338 3895 R

339 3909 415 3935 Grut.
424 3908 462 3934 Τ.
479 3916 488 3934 ι
502 3916 526 3942 p.
538 3911 618 3942 1026)
654 3909 695 3938 Sic
704 3907 855 3935 Aufitoritas
865 3926 873 3940 ‚
891 3914 938 3945 pro
952 3908 1112 3943 Testimonio,
1126 3906 1319 3946 probationeque
1331 3909 1418 3935 ctu-¹05
1427 3906 1579 3934 stitueretur
1592 3905 1833 3946 auctoramentum,
1847 3902 2049 3940 plurimumque
2057 3904 2176 3944 haberet,
2189 3905 2236 3942 qui
2249 3903 2319 3941 plur·
