2474 4182
414 62 783 114 coM²

523 162 636 189 Dextera
644 158 776 186 commissa
789 157 896 185 dextrae
916 158 1082 193 ‹›uid.Epist.

993 195 1083 221 Nocte

50 93 135 132 1057

47 170 89 196 das
102 174 178 196 ,vtcro
191 164 322 194 commissa
334 164 467 198 luporum.

47 214 72 237 2,
85 213 118 237 3¹.
188 203 285 229 Domus
318 200 429 235 plumbo
466 200 523 226 qu.
537 207 575 230 14,
589 204 632 228 310
659 195 687 221 de
704 195 769 221 dolio
790 196 918 230 Diogenis.

39 239 193 271 sommissa,
213 239 313 264 Gemina
330 237 387 262 sen.
402 237 480 262 Herc.
494 235 553 260 Oet.
570 236 641 266 1697.
712 229 780 256 Add.
794 230 875 256 Ouid.
890 233 946 256 Am.
957 240 975 262 1,
991 239 1022 261 ις,
1037 233 1083 263 46.

39 273 186 318 'Dispositio
200 272 307 307 digestas
321 282 362 298 res
375 277 453 306 atque
467 271 537 296 inter
550 269 575 294 se
589 265 733 293 commissas
747 266 864 293 deuincit
884 266 1017 300 (Quinctil.
1027 274 1053 300 7,
1063 274 1081 291 ι.

45 311 150 336 Solucre
163 308 307 335 commissas
320 309 404 341 acies,
422 309 546 333 Dsrimcre
555 303 678 338 praelium
700 302 817 336 l’ropcrt.
833 312 860 335 4,
876 312 902 336 4,
916 310 954 335 39.
1001 303 1081 328 Com-

38 323 144 372 lmissum
152 364 160 376 ‚
177 344 241 379 quod
253 347 309 380 quis
317 343 403 378 perdit
415 351 444 369 ex
455 343 505 377 Iege
521 347 591 375 quam
603 338 716 363 violatur.
787 339 868 371 Quod
886 340 945 373 quis
957 338 1082 372 professus

0 386 2 393 '
45 390 98 408 non
116 379 152 405 est
170 380 238 415 apud
259 380 425 415 publicanos,
444 385 492 412 pro
505 373 638 401 commisso
652 378 755 399 tenetur
775 374 884 407 Qun&
899 374 968 400 Deci.
983 382 1025 406 341
1038 380 1081 408 pr.

46 415 234 449 floenel-1359
248 417 400 450 explicatur,
421 411 500 446 Qiod
513 409 572 444 quis
584 409 710 448 professus
723 418 776 435 non
790 409 826 436 est
838 410 936 444 perdar.
1009 407 1081 435 Paul-

45 453 82 478 lus
98 451 125 477 in
139 451 156 477 Ι.
173 453 266 478 Cotem
281 452 311 477 1).
326 451 357 476 de
370 448 499 484 publicari.
513 450 539 471 et
552 444 647 479 vechg.
665 446 795 472 Dominus
807 446 882 471 nauis
894 445 911 471 li
926 444 1020 471 illicite
1034 443 1080 469 ali-

45 486 109 522 quid
124 487 152 512 in
165 496 231 513 naue
244 487 285 513 vel
300 487 371 520 ipse,
387 484 426 510 vel
440 481 559 508 vectores
574 480 749 515 imposuerint
763 490 768 505 :
804 482 878 507 nauis
891 489 998 515 quoque
1016 479 1079 506 fisco

4 540 6 544 -
45 522 204 549 vindicatur.
240 524 319 556 Quod
339 520 355 547 li
378 520 480 546 absente
500 516 611 542 domino
631 517 657 542 id
672 525 686 542 a
700 517 824 551 magistro
837 517 879 543 vel
894 516 1080 550 gubernatore,

44 565 89 585 aut
101 565 206 593 proi-cta
216 579 223 591 ,
241 565 350 584 nantaue
362 555 451 588 aliquo
467 552 566 578 facium
580 553 609 578 lit
622 563 627 578 :
661 553 708 586 ipsi
717 553 825 587 quidem
838 553 921 588 capite
935 551 1082 586 puniuntur

0 603 4 622 :
28 591 32 624 ζ
45 594 182 620 commistis
195 593 338 621 mercibus,
357 590 429 616 nauis
442 594 530 615 autem
547 589 657 614 domino
671 589 826 615 restituitur.
897 589 953 614 Cic.
969 588 1044 613 Verr.
1059 593 1082 618 3,

8 651 9 654 ,
44 637 78 664 27
93 639 114 655 c.
129 638 145 662 9
172 629 378 656 Calunmiatorcs
400 634 431 651 cx
451 625 505 650 ilnu
520 625 566 650 suo
586 624 723 659 apposuit,
744 625 790 659 qui
813 624 887 650 illam
908 622 1083 650 hereditatem

29 664 142 691 y·Vencri
158 665 282 697 Erycinae
295 661 453 688 commissam
469 661 517 687 else
531 661 656 686 dicerent.
729 661 822 686 Iulian.
836 660 864 685 in
877 660 894 685 l.
916 668 924 685 1
942 657 964 696 §.
984 659 1030 685 vlt.
1049 658 1082 684 D.

28 698 76 730 ide
95 700 182 735 stipul.
204 701 301 726 feruor.
323 697 370 724 Sed
389 697 416 722 in
437 696 547 724 secunda
559 696 725 730 obligatione
738 697 846 722 Maeuio
861 696 1010 727 commista,
1031 694 1084 720 Ti-

29 736 95 762 ·'tius
111 736 264 770 exceptione
278 733 363 760 debiti
376 732 586 758 submonebitur.
629 733 686 758 Vid.
706 738 885 758 COMMrrTO
905 740 931 756 n.
946 740 971 763 4.
1044 730 1085 757 Sic

42 772 114 798 Grat.
129 780 180 806 374
193 778 216 797 et
226 776 281 804 433.
351 771 393 794 Ira
407 769 539 794 commissa
553 767 805 803 videturpromerita.

77 814 94 834 c
102 813 120 834 o
129 814 152 833 Μ
163 814 186 833 M
195 813 203 832 1
215 812 236 832 T
245 811 266 830 T
276 811 291 831 E
302 811 322 830 N
334 812 352 831 D
363 812 382 830 v
392 813 496 836 s,a,mu.
505 804 597 830 Partic.
605 804 660 830 Cic.
669 804 722 829 Att.
732 811 768 832 ιο,
777 811 788 828 2
810 803 942 828 Fortunae
951 801 1008 826 sunt
1016 808 1086 826 com-

702 839 744 866 sic
761 839 833 864 Brut.
847 837 879 863 ad
892 838 949 863 Cic.
963 837 1035 862 Fam.
1054 844 1085 867 ιι,

27 790 37 856 *tx-⁸2
28 767 29 771 Α

42 842 169 869 mittenda
184 841 272 868 omnia
282 861 289 872 ‚
310 840 362 866 sine
375 841 417 875 spe
432 849 559 867 conamur
573 839 633 866 vlla.

29 885 73 904 ⁴·20
91 878 151 905 Non
160 876 367 903 comniitcndum
382 876 484 911 putaui,
499 883 545 902 etc.

77 919 94 940 C
103 919 122 940 o
131 919 154 939 M
164 919 187 938 Μ
197 921 206 939 1
216 920 228 939 S
237 919 249 938 S
260 920 279 938 v
291 920 313 938 Μ
323 932 331 944 ,
358 912 375 937 i.
407 921 432 938 n.
470 911 687 944 [πλημμέλημα]
723 907 849 935 DcIiHum
870 911 973 943 itemque
988 905 1087 942 aliquid

28 944 97 990 {fidei
110 946 205 981 nostrai·
219 948 374 981 conunffliun.
412 948 468 974 Cic.
483 957 531 982 pro
545 946 616 973 Sulla
632 953 663 979 72
676 955 697 971 c.
711 947 743 971 26
763 944 870 978 Ecquod
884 944 962 970 huius
975 942 1085 973 saelum,

39 990 83 1011 aut
96 985 260 1011 commissum
270 1004 278 1016 ,
298 993 352 1010 uon
365 984 449 1010 dicam
462 983 601 1015 audacius,
621 981 663 1007 scd
672 980 759 1015 quod,
780 987 825 1006 etc.
898 981 1084 1006 Sacrumcom-

40 1019 142 1046 missum
152 1040 159 1053 ‚
178 1020 251 1055 quod
264 1029 349 1055 neque
363 1019 464 1054 expiari
479 1019 585 1054 poterit.
605 1017 686 1051 impie
700 1016 864 1042 commissum
876 1016 913 1041 est
933 1014 1084 1051 Cic·de1?e'

0 1071 2 1074 v
28 1055 92 1091 gib.
107 1065 130 1088 :,
145 1065 177 1082 22
191 1066 212 1082 c.
228 1065 252 1089 9.
325 1057 449 1089 lutcL‘igit
461 1057 509 1081 mle
522 1052 682 1087 commistum,
702 1052 767 1088 quod
777 1062 792 1078 a
802 1051 923 1087 prudente
936 1048 1084 1082 commistum

0 1114 4 1121 .
39 1089 73 1125 cst
85 1099 173 1118 contra
180 1092 258 1128 sacra
271 1098 294 1117 ct
306 1087 436 1127 religionis·
446 1111 453 1123 ,
476 1089 541 1126 quod
552 1099 628 1126 genus
643 1087 809 1124 cxpz‘aripoſji'
822 1094 922 1124 negant.
947 1085 1005 1112 Vni.
1018 1086 1084 1125 Tus-

39 1127 91 1154 ncb.
105 1127 139 1153 ad
151 1128 175 1154 h.
189 1129 204 1154 l.
277 1127 373 1161 Turpe
396 1128 462 1153 lior.
477 1128 563 1153 Carni.
577 1135 599 1158 3,
613 1132 656 1159 27,
671 1133 709 1157 39.
781 1124 926 1150 Enuntiare
940 1121 1085 1151 commista,

39 1164 153 1190 Alterius
161 1163 258 1199 fierem
284 1163 407 1189 nobiscum
427 1165 603 1188 communicata
619 1162 726 1186 mutare
746 1159 801 1186 Cic.
817 1159 899 1185 Tusc.
913 1166 941 1190 2,
956 1165 980 1183 z.
1036 1156 1084 1195 Fa7

38 1199 89 1225 teri
103 1200 237 1225 commissa
255 1199 316 1224 Stat.
331 1198 394 1224 Silu.
410 1206 433 1231 ς,
446 1206 468 1231 5.
521 1198 595 1232 Virg.
611 1197 675 1223 Aen.
691 1197 760 1228 1,136
782 1195 840 1222 Post
854 1193 921 1220 mihi
935 1201 990 1218 non
1005 1190 1085 1231 simili

37 1243 123 1270 poena
138 1235 270 1261 commissa
279 1235 378 1260 Luctis.
449 1233 570 1265 Seruius,
590 1233 641 1259 Hic
665 1233 751 1258 sermo
778 1240 792 1257 a
809 1229 918 1265 pecunia
938 1227 1083 1255 descendit:

38 1271 210 1306 antiquorum
240 1271 311 1296 enim
344 1278 436 1296 omncs
468 1278 568 1304 poenae
578 1289 586 1301 ,
607 1268 774 1303 pecuniariae
788 1267 906 1292 suerunt.
978 1264 1084 1297 Negare

39 1306 133 1333 Claud.
148 1307 176 1332 in
188 1315 226 1341 pr.
240 1306 318 1332 Cous.
327 1306 382 1332 Stil.
392 1308 444 1338 256.
469 1307 493 1332 h.
508 1315 528 1331 e.
549 1306 614 1331 Rem
628 1304 730 1330 nostrae
744 1301 806 1328 fidei
819 1301 955 1327 creditam.
1027 1300 1085 1325 Plo-

39 1351 97 1369 rare
110 1343 176 1369 Hor.
191 1343 277 1369 Carm.
291 1350 314 1374 3,
329 1349 369 1376 27,
383 1350 421 1373 39.
491 1341 606 1368 Prodere
620 1339 752 1370 commissa
784 1338 851 1363 Hor.
863 1337 943 1363 serm.
957 1344 982 1366 1,
1000 1344 1027 1368 3,
1044 1343 1084 1368 95.

39 1378 137 1406 Secreta
151 1379 266 1404 reuelare.
341 1377 436 1403 Punire
456 1377 502 1403 Sil.
531 1385 569 1409 13,
589 1378 642 1408 368.
715 1374 820 1400 Tacere
841 1373 908 1398 Hor.
925 1372 1006 1398 Serm.
1022 1380 1040 1402 1,
1055 1381 1083 1405 4,

40 1418 80 1447 84.
153 1414 274 1448 Togae,
295 1416 313 1439 i.
332 1412 481 1447 Tam-estis
494 1414 588 1438 credita
603 1412 669 1437 Hor.
684 1410 712 1435 in
725 1409 788 1435 Arte
802 1409 873 1435 Po'e't.
888 1413 929 1442 84.
1001 1408 1084 1442 Speci-

39 1452 101 1475 atim
115 1449 255 1476 Commisih
282 1449 421 1481 dicuntur,
441 1452 524 1483 inquit
549 1446 692 1477 Asconius,
712 1446 788 1478 Qiae
808 1450 899 1471 contra
917 1443 1084 1470 voluntatem

39 1484 170 1511 testatoris
197 1485 266 1512 faeta
288 1492 332 1511 aut
352 1494 404 1510 non
424 1483 493 1510 fa&a
506 1482 539 1508 ab
551 1481 663 1514 herede,
682 1482 765 1507 multa
779 1480 872 1514 aliqua
880 1487 1019 1514 poenaque
1030 1478 1083 1513 ple-

38 1519 161 1553 ciuntur,
180 1521 214 1547 ad
228 1520 292 1546 illud
302 1521 356 1546 Cic.
373 1520 446 1544 Verr.
460 1527 477 1544 2
489 1527 510 1543 c.
525 1526 541 1550 9
560 1518 587 1543 Si
600 1517 838 1551 conuniffiuuqu'id
845 1516 917 1546 esset,
938 1515 1021 1541 multa
1029 1520 1086 1541 erat·

37 1557 144 1582 Veneri.

36 1590 146 1624 Qtineh
166 1591 236 1617 Decl.
256 1598 309 1623 341.
328 1593 346 1616 ι’.
368 1592 573 1621 committuntur,
591 1598 621 1615 ac
641 1590 682 1614 vel
699 1586 796 1623 publico
815 1588 920 1620 cedunt,
938 1589 978 1613 vel
991 1590 1031 1613 cui
1043 1588 1083 1612 lex

0 1647 4 1662 ·.
35 1626 148 1662 affigunt.
184 1627 259 1653 SicIn
268 1625 432 1652 commissum
447 1625 557 1656 cadere,
574 1626 604 1651 [n
619 1624 746 1650 commiffi
761 1625 864 1651 causam
876 1623 994 1650 incidere
1013 1623 1084 1649 Mar-

34 1662 97 1688 tiau.
124 1661 142 1688 l.
168 1661 317 1693 interdum,
335 1664 363 1688 16
385 1662 416 1687 D.
438 1661 470 1687 de
489 1660 637 1694 publicanis
650 1667 675 1686 et
688 1660 811 1694 vectigal.
882 1659 1019 1686 Interdum
1035 1666 1082 1683 nec

0 1706 2 1722 t
33 1697 184 1724 vendendus
197 1697 234 1724 cst
248 1698 353 1730 seruus,
372 1697 420 1731 qui
434 1697 463 1722 in
474 1696 639 1722 commissum
654 1696 779 1722 ceciderit
791 1707 796 1721 :
831 1694 875 1721 sed
896 1703 944 1728 pro
961 1702 993 1719 eo
1007 1693 1082 1719 aesti-

34 1732 118 1760 matio
137 1742 152 1759 a
172 1733 283 1759 domino
304 1732 388 1759 danda
410 1732 454 1759 est.
495 1732 560 1758 Diui
576 1732 648 1758 enim
662 1732 773 1757 Seuerus
787 1735 813 1757 et
825 1730 975 1757 Antoninus
990 1728 1081 1755 rescri-

0 1779 2 1782 ·
34 1770 160 1804 pserunt:
199 1777 281 1804 quum
307 1769 328 1794 is
351 1769 450 1800 seruus,
466 1768 512 1802 qni
536 1767 625 1794 aftum
646 1767 751 1793 domini
771 1766 863 1801 gellisse
883 1766 1033 1797 diceretur,
1052 1765 1081 1791 in

34 1805 198 1831 commissum
217 1803 360 1834 cecidisset,
389 1804 481 1830 venire
493 1812 548 1829 non
561 1803 693 1835 debuisse,
711 1802 755 1829 sed
770 1812 818 1837 pro
834 1811 867 1829 eo
888 1801 942 1829 viri
961 1800 1028 1827 boni
1042 1810 1082 1827 ar-

7 1850 9 1853 ’
33 1841 134 1867 bitratu
146 1840 355 1866 aestimationem
369 1839 514 1874 oportuisse
529 1839 596 1865 dari.
667 1837 690 1876 §.
700 1847 710 1864 1
728 1838 813 1865 Iidem
827 1839 907 1865 etiam
922 1837 1012 1863 eadem
1027 1837 1081 1871 epi-

33 1876 99 1903 stola
117 1876 315 1911 rescripserunt,
332 1875 349 1902 si
370 1876 430 1910 quis
451 1875 618 1910 improfeffus
640 1875 731 1901 seruus
750 1874 849 1907 fuerit,
869 1882 895 1901 et
909 1873 1038 1908 probetur
1052 1873 1081 1899 in

0 1911 1 1914 ’
33 1912 198 1939 commissum
223 1912 358 1943 cecidisse,
382 1918 407 1937 et
425 1917 471 1937 ant
490 1919 602 1937 vxorem
623 1910 728 1936 domini
741 1911 884 1945 corrupisse
897 1910 1014 1940 dicatur,
1035 1914 1081 1935 aut

33 1948 105 1975 aliud
126 1947 193 1983 quid
212 1948 319 1982 grauius
340 1946 481 1978 admisisse,
498 1952 526 1972 vt
545 1946 684 1981 cognoscat
705 1953 882 1980 procurator:
919 1952 944 1972 et
963 1945 981 1971 fi
996 1946 1023 1971 in
1038 1944 1079 1970 his

33 1983 114 2011 causis
135 1989 284 2018 compertus
304 1983 349 2014 fit,
369 1982 538 2014 aestimetur,
559 1988 584 2008 et
607 1981 639 2008 ad
666 1991 780 2017 poenam
811 1982 924 2009 domino
952 1981 1080 2007 tradatur.

0 2049 3 2054 Ι
34 2017 58 2057 5.
72 2028 88 2046 2
106 2019 189 2046 Iidem
203 2018 260 2045 diui
273 2019 383 2045 Seuerus
397 2025 422 2044 et
436 2018 585 2044 Antoninus
602 2018 790 2052 rescripserunt
804 2026 810 2042 ε
844 2018 983 2052 mancipiis
1008 2025 1080 2043 com-

0 2067 3 2079 :
33 2054 126 2086 missis,
146 2063 186 2082 res
198 2054 341 2089 peculiares
357 2063 410 2080 non
425 2054 473 2080 esse
486 2054 514 2080 in
533 2053 624 2080 eadem
645 2055 739 2080 causa:
775 2053 824 2080 nifi
845 2054 910 2086 hoc,
928 2052 1001 2088 quod
1020 2062 1081 2087 pro-

32 2090 95 2126 prio
108 2090 217 2116 nomine
231 2090 260 2116 in
271 2090 372 2116 causam
387 2089 512 2116 commissi
526 2089 628 2116 incidit.
698 2088 721 2126 5.
734 2098 747 2122 3
773 2089 887 2123 Quoties
903 2091 962 2124 quis
980 2089 1076 2115 manci·

33 2126 78 2161 pia
90 2125 196 2152 inuce'ta
209 2125 334 2160 professus
353 2134 407 2151 non
428 2126 525 2156 fuerit,
543 2125 596 2152 siue
618 2125 736 2155 venalia,
755 2125 809 2150 siue
834 2125 958 2151 vsualia3:
995 2132 1080 2157 poena

35 2161 161 2188 commisii
177 2161 221 2188 est.
289 2161 357 2187 ibid.
371 2159 393 2197 §.
407 2170 426 2194 4
445 2160 519 2187 Serui
534 2161 582 2194 qui
595 2161 623 2186 in
637 2160 699 2193 fuga
711 2161 785 2191 sunt,
806 2160 834 2185 in
844 2158 1011 2185 commissum
1023 2166 1079 2183 non

12 2209 13 2212 ¹
33 2197 143 2229 cadunt,
162 2205 242 2231 quum
255 2195 308 2222 sine
321 2195 458 2222 voluntate
471 2195 575 2222 domini
595 2195 658 2221 fines
676 2194 764 2229 egressi
781 2195 850 2221 sunt.
921 2193 1006 2220 Paullo
1022 2191 1079 2228 post

0 2251 1 2254 η
31 2230 56 2269 5.
70 2240 98 2258 ιο
115 2232 182 2258 Diui
196 2239 302 2266 quoque
315 2231 409 2257 fratres
422 2230 610 2265 rescripserunt
623 2239 629 2254 :
663 2239 745 2265 quum
760 2230 869 2265 quidam
883 2239 939 2256 non
952 2229 1079 2264 perfrau-

9 2284 13 2292 ι
32 2268 107 2299 dem,
127 2267 170 2294 sed
195 2275 241 2302 per
261 2275 379 2293 errorem
400 2267 429 2293 in
447 2267 550 2293 causam
568 2266 696 2293 commisii
709 2266 873 2298 incidissent,
891 2271 920 2292 vt
934 2265 1018 2300 duplo
1033 2274 1078 2291 ve-

31 2303 125 2340 &igali
136 2302 254 2330 contenti
268 2302 406 2338 publicani
420 2303 509 2329 seruos
521 2301 698 2328 restituerent.
768 2300 791 2334 5.
809 2310 838 2329 12
857 2302 884 2328 Si
898 2302 959 2337 quis
978 2301 1076 2336 profes-

0 2334 3 2373 s
31 2340 72 2366 sus
84 2338 152 2375 apud
166 2337 336 2373 publicanum
351 2338 450 2370 fuerit,
466 2347 521 2364 non
533 2344 622 2365 tamen
635 2337 749 2372 vectigal
768 2335 895 2371 soluerit,
915 2336 966 2364 hoc
986 2345 1078 2363 conce-

31 2375 108 2402 dente
123 2373 282 2410 publicano,
300 2380 329 2400 vt
341 2374 427 2400 solent
440 2374 527 2400 facere
540 2383 546 2398 :
581 2374 639 2400 diui
652 2374 763 2401 Seuerus
776 2380 801 2400 et
813 2374 965 2400 Antoninus
985 2372 1077 2399 rescri-

0 2428 1 2436 ι
31 2412 153 2446 pserunt,
173 2418 214 2437 res
228 2411 257 2436 in
269 2410 435 2436 commissum
448 2419 502 2436 non
514 2409 616 2436 cadere.
654 2411 746 2444 Quum
759 2410 832 2436 enim
841 2409 1002 2443 (inquiunt)
1017 2414 1078 2440 pro-

28 1019 35 1091 -Q

32 2491 65 2509 ex
79 2482 157 2510 bonis
172 2481 393 2516 publicanorum,
413 2481 456 2507 vel
469 2481 661 2509 fideiussorum.
732 2480 844 2506 Callistr.
861 2479 879 2504 l.
893 2487 902 2504 1
918 2478 945 2504 ff.
964 2478 995 2504 de
1016 2478 1076 2504 iure

3 2524 5 2527 ⁴
31 2518 86 2546 sisci
107 2517 236 2544 Aduersus
250 2517 320 2552 leges
333 2517 498 2544 commissum
513 2517 614 2544 fae’tum
629 2516 687 2541 effe.
758 2516 789 2541 Et
804 2515 821 2541 l.
835 2523 851 2541 z
866 2515 895 2541 C.
905 2513 937 2540 de
945 2514 1074 2548 Veeligal.

0 2585 2 2588 y
30 2553 219 2586 Commissum,
237 2553 310 2588 quod
323 2559 383 2578 ante
396 2553 610 2587 quinquennium
622 2550 723 2577 facium
735 2550 842 2576 dicitur.
878 2550 947 2577 Suet.
958 2550 1043 2584 Calig.
1052 2559 1075 2577 c.

31 2598 63 2626 41
81 2591 150 2617 Cum
164 2597 211 2624 per
224 2587 404 2622 ignorantiam
417 2587 560 2622 scripturae
574 2586 656 2613 multa
669 2587 802 2613 commissa
817 2586 918 2613 fierent.
966 2587 1073 2620 leian.

33 2659 67 2686 ad
94 2655 205 2686 'ei-edem
217 2658 441 2685 transmittuntur.

479 2659 551 2684 Nam
566 2658 638 2693 quod
651 2659 816 2685 commissum
835 2658 886 2690 est,
906 2657 992 2684 statim
1014 2657 1078 2684 desi-

34 2695 74 2722 nit
87 2695 217 2728 ειυς-επὶ,
236 2694 283 2729 qui
295 2694 395 2720 crimen
410 2694 551 2727 contraxit,
570 2694 774 2729 dominiumque
787 2694 828 2721 rei
841 2693 966 2728 vectigali
982 2694 1079 2728 (zlrei-

27 2730 157 2767 publicae,
175 2731 217 2756 vel
243 2732 281 2762 ei,
300 2733 370 2756 cuius
394 2728 426 2762 est
448 2727 581 2766 vcfflgal)
600 2730 757 2765 acquiritur.
829 2730 975 2765 Eapropter
1007 2738 1078 2756 com-

33 2766 97 2794 miffi
112 2765 273 2801 persecutio,
290 2765 353 2792 sicut
366 2765 491 2792 aduersus
507 2765 652 2801 quemlibet
665 2767 844 2801 possessorem,
862 2765 896 2792 sic
911 2772 938 2793 et
952 2766 1076 2792 aduersus

31 2801 156 2830 heredem
171 2801 305 2836 competit.

31 2836 120 2873 &igah
141 2837 204 2864 Eam
225 2837 371 2872 rem-q'uae
393 2837 530 2864 commisso
551 2838 683 2866 vindicata
704 2838 756 2871 est,
777 2837 901 2864 dominus
920 2847 1009 2865 emere
1021 2846 1077 2864 non

30 2873 204 2909 prohibetur,
224 2873 266 2899 v'el
279 2881 326 2908 per
337 2874 363 2900 se
371 2893 380 2906 ‚
398 2873 440 2899 vel
454 2883 501 2908 per
515 2874 590 2907 suos,
605 2874 648 2901 vel
660 2883 707 2909 per
721 2874 804 2906 alios,
824 2874 922 2909 quibus
941 2873 991 2900 hoc
1004 2883 1078 2900 man*-

30 2909 142 2936 daucrit.
184 2909 342 2941 Commisso,
361 2912 379 2935 i.
394 2909 422 2935 ob
435 2909 596 2943 commistum,
611 2911 652 2937 vel
663 2917 782 2946 tanquam
800 2909 931 2943 commisto.
1003 2910 1077 2945 Papi-

30 2945 101 2973 nien.
115 2944 132 2971 l.
147 2951 164 2980 7
178 2946 352 2979 Imperatores
366 2945 398 2971 D.
413 2945 445 2971 de
455 2945 605 2980 publicanis
617 2952 643 2973 et
655 2945 779 2980 veffigal.
797 2946 865 2973 Item
878 2946 1076 2980 rescripserunt,

30 3015 258 3051 eiigaldntulifl'et.

41 3061 43 3064 ’
66 3057 83 3079 c
91 3051 111 3078 '0
119 3058 144 3077 M
154 3057 180 3078 M
188 3058 198 3078 ι
209 3059 222 3079 s
231 3059 244 3079 s
252 3050 290 3079 ιό
299 3070 305 3082 ,
323 3051 392 3078 onis.
413 3052 433 3079 f.
453 3053 608 3088 [συμβολὴ]
645 3051 820 3080 Committcndi
836 3050 923 3086 astus,
943 3057 970 3080 in
980 3056 1076 3089 primis

1 3110 4 3114 ,
29 3096 84 3114 cum
96 3085 126 3113 de
137 3087 398 3128 certaminibus-sermo
411 3086 460 3122 est,
477 3088 531 3116 oid.
547 3096 726 3116 coMMrrTo
740 3098 765 3115 n.
779 3097 800 3121 3.
859 3089 930 3116 Suet.
938 3091 1005 3124 Aug.
1014 3099 1035 3116 c.
1043 3095 1075 3122 89

31 3123 167 3157 Componi
178 3125 266 3149 tamen
279 3122 382 3158 aliquid
396 3123 428 3150 de
442 3125 482 3158 se,
501 3125 550 3151 nisi
563 3132 589 3151 et
603 3125 688 3157 serio,
706 3131 732 3151 et
751 3134 766 3151 a
779 3124 1014 3159 praestantissimis,
1033 3126 1075 3152 of-

31 3193 262 3222 commissionibus.
282 3193 442 3222 obsolefieri.
514 3197 555 3224 Sic
588 3196 790 3224 Commissiones
810 3205 894 3224 meras
914 3206 1075 3232 componere

30 3230 151 3270 Caligula
164 3229 230 3265 apud
235 3229 370 3256 διιείσης.
380 3238 414 3263 53.
435 3231 464 3257 de
471 3231 579 3268 scriptis
589 3234 700 3266 Senecae,
707 3239 826 3268 tanquam
839 3232 873 3259 od
891 3232 1076 3267 ostemationem

27 3266 216 3301 commrſjronum
229 3268 387 3300 comparatis.
459 3267 515 3294 Cic.
535 3269 588 3296 Att.
608 3271 647 3301 16,
666 3276 679 3302 ,-
693 3276 738 3304 pr.
762 3269 890 3296 Rumoris
903 3270 992 3296 nescio
1005 3269 1072 3304 quid

0 3307 5 3316 *
29 3302 164 3330 afflaucrat
173 3321 181 3334 ‚
199 3300 377 3328 commissione
399 3302 561 3330 Graecorum

0 3353 2 3372 ς
29 3339 85 3366 zion
96 3338 181 3364 fuiss'e.

28 3372 183 3412 §ratissimos
195 3372 358 3399 mirabiliter
371 3374 464 3408 cupio,
482 3373 563 3409 idque
579 3376 616 3402 ita
630 3376 750 3402 futurum
763 3377 812 3402 esse
829 3376 936 3404 confido
949 3387 956 3404 ε
992 3384 1019 3404 et
1037 3383 1074 3403 te-

0 3446 2 3450 ·
31 3411 91 3448 clim
103 3418 170 3444 ago,
189 3415 217 3448 vt
230 3408 330 3449 iaiirab
345 3408 399 3443 ipsa
415 3409 592 3438 commiffione
603 3411 636 3438 ad
655 3421 715 3444 me,
734 3412 958 3446 quemadmodum
978 3413 1074 3447 accipi-

30 3444 108 3473 antiu-
119 3445 148 3472 hi
161 3444 234 3477 ludi,
254 3444 349 3470 deinde
363 3445 474 3471 omnino
487 3445 653 3482 reliquorum
664 3447 720 3474 dies
734 3447 849 3482 singulos
866 3449 1033 3484 prosequare.
1053 3451 1073 3475 i.

27 3477 71 3509 Ab
85 3480 141 3518 ipso
170 3483 278 3516 rincipio
292 3480 412 3507 ludorum.
457 3480 564 3508 Sueton.
576 3483 675 3517 ‹Aug.c.
683 3491 716 3517 43
736 3483 925 3510 Commiffione
936 3484 1073 3517 ludorum,

0 3527 3 3537 ·
31 3515 128 3552 quibus
139 3521 150 3543 t
169 3521 271 3543 cattum
287 3516 407 3542 Marcelli
421 3515 566 3544 dedicabat.

0 3554 3 3559 '
29 3550 164 3580 eontracta*
174 3552 222 3579 else
234 3551 387 3579 commistio.
410 3553 428 3578 i.
437 3553 563 3587 piaculum
575 3553 729 3588 commrfficm.

65 3593 112 3627 CO
121 3594 145 3614 M
154 3593 293 3627 MIgSOR
303 3608 311 3621 ,
329 3588 393 3615 bris.
418 3597 453 3614 m.
478 3589 701 3621 συμβαλλομαὲχιι·
718 3589 798 3617 Glols.
812 3590 859 3617 Gr.
874 3584 930 3618 lat.

64 3629 83 3652 c
91 3629 144 3650 om
153 3629 177 3649 M
186 3629 196 3648 1
206 3629 220 3650 s
228 3630 242 3650 s
250 3629 269 3650 o
278 3630 297 3650 R
308 3631 314 3650 ι
326 3631 347 3650 ν
356 3630 473 3656 s‚a‚um.
495 3624 556 3650 Adi.
575 3623 823 3660 [πλημμελητικδε]
858 3626 913 3652 Lex
925 3625 1072 3653 commisso-

30 3657 82 3692 ria,
95 3658 123 3685 de
135 3667 182 3694 qua
193 3655 227 3691 est
237 3658 349 3686 Titulus
357 3660 382 3687 ss.
393 3665 428 3692 18,
441 3668 453 3692 3
473 3658 507 3692 ‘st
518 3659 628 3686 conditio
639 3659 783 3687 contractus·
794 3664 908 3688 emtionis
920 3663 1074 3689 venditionis

588 3305 608 3339 (
617 3304 694 3331 intell.
717 3303 871 3337 Ludorum)
880 3323 883 3326 ⁴
893 3305 1074 3340 frequentiam

30 3728 148 3771 laudati)
166 3728 280 3764 pretium
298 3729 329 3762 fit
347 3732 510 3764 exsolutum,
544 3731 658 3757 inemtus
679 3730 753 3757 fieret
766 3730 868 3766 fundus
886 3733 957 3760 verbi
976 3736 1072 3770 gratia.

29 3763 100 3797 llud.
116 3762 139 3801 §.
151 3771 168 3791 2
185 3763 321 3805 Eleganter
332 3767 490 3803 Papinianus
525 3781 572 3787 —-
607 3767 694 3793 statim
714 3767 1006 3802 atquecommissalex
1024 3768 1071 3801 est,

29 3799 143 3838 statuere
163 3799 331 3841 venditorem
352 3802 463 3836 debere,
482 3808 572 3830 vti-um
588 3803 794 3830 commifforiam
817 3801 986 3838 (astionem)
1004 3804 1072 3831 velit

29 3843 168 3876 εξειῗεετε,
187 3843 221 3861 an
232 3840 320 3876 pptms
331 3839 445 3873 pretium
458 3846 547 3875 petere
562 3850 568 3865 z
603 3848 650 3866 nec
665 3839 748 3873 posse.
765 3838 783 3864 fi
803 3839 1008 3866 commifforiam
1020 3837 1072 3867 ele}

8 3874 10 3901 Ι
29 3876 85 3906 git,
103 3869 191 3907 postea
201 3874 313 3899 vanai-'ea

43 3912 48 3922 ¹
164 3912 250 3935 voi..
283 3908 298 3936 1

1100 487 1128 507 10

1104 669 1129 695 ¹5

1101 846 1136 865 20

1102 1204 1135 1229 30

215 1557 244 1582 In
264 1555 439 1588 ¹commissum
473 1554 586 1580 veniunt
603 1562 650 1586 ea,
669 1562 737 1587 quae
759 1553 819 1587 quis
839 1552 965 1587 professus
979 1560 1034 1577 non
1047 1550 1083 1576 est
1098 1563 1135 1589 40

1097 1740 1131 1767 45

1098 1918 1130 1944 50

1098 2101 1128 2126 55

1093 2273 1129 2298 60

31 2446 151 2474 semones
163 2447 324 2478 recitantur,
344 2445 509 2472 commissum
523 2447 598 2472 cessat
612 2454 618 2470 τ
655 2455 738 2481 quum
759 2446 859 2479 poterit
879 2443 1001 2469 satisfieri
1013 2443 1076 2468 risco
1091 2446 1125 2479 65·
1141 2450 1177 2471 01
1186 2450 1215 2470 o.

375 2801 480 2828 Paullus
494 2801 511 2828 l.
528 2810 549 2828 11
563 2803 657 2829 Cotem
671 2801 726 2840 §.4
739 2802 771 2828 D.
786 2802 818 2829 de
835 2801 984 2836 publicanis
997 2808 1022 2828 et
1035 2810 1078 2828 ve-
1095 2811 1127 2841 75
1141 2803 1202 2830 Liu.
1215 2812 1241 2836 2,
1255 2811 1295 2836 25.
1333 2804 1394 2829 Item
1414 2803 1483 2838 Ager
1502 2804 1638 2838 captiuus,
1669 2807 1713 2840 qui
1725 2804 1848 2830 militibus
1864 2804 1947 2831 diuidi
1952 2805 2056 2841 solebat.

29 2980 132 3016 pupillo
145 2981 282 3007 remittere
293 2981 318 3008 se
336 2990 448 3016 poenam
467 2982 610 3015 commiffi,
626 2982 644 3009 fi
660 2983 730 3008 intra
755 2981 827 3008 diem
851 2981 1013 3009 tricesimum
1032 2991 1076 3008 ve·
1091 2987 1124 3013 80
1139 2984 1267 3010 summam
1281 2983 1397 3011 rescidit.

609 3519 710 3546 Arnob.
723 3529 742 3554 4
757 3529 781 3554 p.
797 3524 842 3554 148
859 3520 960 3547 Piaculi
974 3520 1074 3547 dicitur
1087 3530 1120 3557 93
1134 3527 1218 3550 tirrae.

337 3887 367 3929 ‘l
381 3872 406 3912 5ι
418 3883 433 3908 3
460 3876 491 3905 In
512 3875 716 3904 commissoriam
733 3875 814 3902 etiam
833 3874 884 3908 hoc
897 3875 963 3902 solet
975 3884 1070 3909 conue-
1080 3879 1185 3915 [offuit
1197 3876 1229 3904 ad
1241 3884 1349 3904 omnem
1360 3876 1494 3905 rationem
1509 3876 1692 3904 humanitatis.

1528 73 1562 112 c
1614 76 1687 114 ,o
1769 74 1816 114 M
2098 95 2189 134 ,053

1148 159 1269 200 nire,·vt
1281 159 1309 198 ¹si
1331 159 1454 199 venditor
1475 162 1587 188 eundem
1600 162 1713 190 fundum
1728 162 1869 196 venderet,
1886 172 1985 199 quanto
1998 170 2108 198 minoris
2127 182 2187 200 vcn-

1148 195 1260 225 diderit,
1279 194 1305 234 id
1328 203 1342 221 a
1364 205 1454 235 priore
1473 204 1574 223 emtore
1588 200 1682 233 exigat.
1754 199 1857 225 Paullus
1873 199 1888 225 l.
1905 206 1931 231 38
1949 203 1979 228 D.
1992 204 2022 229 de
2038 207 2187 235 minoribus

1148 231 1218 257 XXV
1234 239 1324 270 amus,
1346 231 1475 256 Aemilius
1490 233 1615 259 Larianus
1636 235 1668 260 ab
1687 235 1789 261 Ouinio
1809 235 1922 261 fundum
1942 238 2111 268 Puteolanum
2130 243 2189 278 lege

1148 267 1325 305 00n¹n¹¹l101'¹‹'1
1341 273 1456 306 emersit,
1473 267 1531 306 data
1546 277 1616 302 parte
1631 272 1769 304 pecuniae,
1789 272 1835 303 ita,
1849 276 1877 297 vt
1892 271 1908 297 fi
1925 272 1993 298 intra
2006 273 2072 301 duos
2089 282 2188 306 menses

1147 301 1180 328 ab
1194 307 1310 340 emtionc
1323 302 1423 342 reliqui
1437 308 1517 342 prem
1532 311 1630 336 partem
1645 306 1785 332 dimidiam
1800 316 1853 333 non
1875 307 2004 340 sonuisset,
2024 309 2138 338 intuitus
2153 317 2188 340 es.

1147 337 1197 378 set:
1234 344 1298 376 item
1314 339 1331 362 n
1345 345 1414 363 intra
1428 337 1493 377 ¹alios
1506 338 1571 364 duos
1584 343 1682 367 menses
1694 343 1830 377 reliquum
1850 343 1965 377 pretium
1985 352 2039 370 non
2058 351 2188 376 muneras.

1144 375 1197 403 let,
1216 372 1337 398 similiter
1352 374 1412 399 essct
1426 379 1547 399 incmtus.

1181 414 1198 434 c
1208 414 1260 449 om
1271 416 1292 433 M
1304 416 1310 434 1
1322 415 1333 433 S
1342 417 1354 435 s
1364 411 1385 435 ἤ
1394 416 1411 449 ¹³.
1422 416 1441 435 Α
1452 429 1460 440 ,
1482 417 1519 434 ae.
1536 409 1554 435 f.
1573 409 1702 445 [συιοιφῆ]
1741 411 1861 439 Ιαηέῗιινα
1869 420 1892 439 et
1898 421 2025 451 compages
2032 423 2121 448 eorum,
2130 427 2192 452 quae

1145 451 1343 470 commutantia:
1380 446 1436 471 Cic.
1452 445 1483 470 dc
1496 445 1617 470 Vnmcrs.
1633 454 1657 471 ει
1674 447 1775 473 Deinde
1789 449 1817 474 in
1830 449 1923 475 orbem
1937 453 2026 483 torsit,
2046 458 2074 478 vt
2087 454 2193 487 etipsae

1148 480 1250 510 secum,
1271 487 1295 504 et
1317 480 1385 506 inter
1406 481 1430 506 se
1447 489 1479 506 ex
1493 481 1750 515 coinn1illilra,quae
1764 492 1777 508 e
1791 485 1901 515 regione
1914 487 1990 519 essct,
2009 488 2183 522 iungerentur

1147 515 1244 541 Molles
1258 514 1404 548 digitorum
1419 516 1601 542 commisturae
1621 517 1676 542 Cic.
1692 518 1723 542 dc
1737 518 1799 545 Nat.
1815 512 1894 547 Deor.
1909 530 1934 553 2,
1951 531 2003 554 130.
2066 524 2124 550 Ofl’a
2134 509 2194 551 suls.

1147 550 1215 576 iee‘ta
1228 550 1335 584 corpori
1350 551 1486 577 mirabiles
1501 552 1679 578 commilliiras
1693 552 1789 580 habent
1811 556 1866 581 Cic.
1882 557 1916 582 N.
1927 559 1956 583 D.
1966 567 1979 583 2
2114 562 2194 587 Com.

1147 587 1268 612 milsurae
1283 585 1402 611 dentium
1424 586 1541 613 Scribon.
1558 593 1610 621 184.
1624 590 1678 619 196.
1749 589 1878 623 Lapidum
1899 593 1956 619 Sen.
1975 595 2028 628 Qi.
2053 596 2114 622 Nat.
2132 605 2144 622 2
2166 599 2184 623 6

1148 623 1215 648 Cato
1229 622 1259 648 R.
1274 622 1305 647 R.
1323 629 1370 653 135,
1386 631 1404 654 4
1421 623 1540 657 defunc,
1561 624 1590 649 In
1611 624 1776 650 commiflinra
1798 626 1908 653 abibunt
1933 630 2008 662 pedes
2036 631 2082 657 ΙΙΙ,
2103 635 2120 657 i.
2135 616 2194 659 [suni

1148 660 1313 684 committitur
1334 664 1357 683 ct
1380 657 1508 693 alligatur.
1546 659 1605 685 Col.
1625 667 1647 691 3,
1667 666 1705 693 17,
1724 669 1742 692 4
1759 661 1805 686 Per
1820 662 1899 695 ipsam
1914 666 2105 693 commissuram
2142 677 2194 703 qua

1148 694 1263 720 nascitur
1283 693 1393 719 materia
1418 702 1504 725 noua,
1523 694 1551 719 de
1573 698 1631 720 uite.
1704 696 1877 723 Connnill'ura
1898 700 2040 727 verborum
2063 688 2186 735 Qii'nctil

1151 739 1218 770 924,
1233 737 1263 763 37
1277 736 1299 754 et
1312 737 1356 762 90.
1429 729 1617 772 Counmffurae
1628 729 1773 761 liiantes,vt
1789 732 1815 757 in
1831 741 1910 767 opere
1924 736 1991 761 male
2004 737 2096 764 ιιιιιᾶο
2110 724 2197 773 (Qum

1152 765 1207 792 ehl.
1222 774 1258 804 iz,
1270 773 1297 797 9,
1312 773 1349 799 17.
1420 765 1493 790 Idem
1510 772 1536 798 7,
1551 774 1586 794 ιο,
1603 769 1639 791 16.
1711 767 1775 793 Non
1790 769 1871 794 modo
1885 777 1912 795 vt
1933 770 1979 797 sint
2000 773 2093 800 ordine
2113 776 2196 801 collo-

1152 802 1316 836 catiscnjus,
1337 799 1526 826 elaborandum
1539 800 1590 831 cst,
1609 800 1651 826 sed
1666 808 1693 827 vt
1708 803 1776 829 inter
1791 805 1815 829 se
1828 804 1929 837 iuncii,
1950 813 2028 842 atque
2047 810 2084 835 ita
2103 811 2196 837 cohae—

1152 844 1255 867 renteS,
1274 846 1306 862 ne
1322 836 1488 862 commissura
1502 836 1633 870 pelluceat
1648 844 1652 859 τ
1690 846 1783 871 corpus
1797 840 1843 871 iit,
1865 849 1918 866 non
1937 844 2063 870 membra.

1190 878 1267 898 com
1280 879 1302 897 m
1315 880 1322 898 1
1333 879 1422 899 ssvr.
1434 874 1480 898 Ᾱι
1491 879 1500 898 ι
1512 878 1524 898 s
1535 892 1542 904 ,
1563 882 1584 898 e.
1622 871 1682 898 Adi.
1719 874 1808 906 Veget.
1831 876 1861 901 de
1876 877 1913 902 Re
1927 878 1984 904 Ver.
1999 888 2020 911 ε,
2037 888 2059 912 ¹3
2084 890 2102 914 4
2126 881 2198 909 Solet

1153 908 1181 934 in
1198 907 1264 933 locis
1278 908 1382 933 olsuolls
1397 914 1422 933 ct
1435 907 1671 934 cominifliiralibus
1685 906 1769 934 fistula
1785 909 1852 935 ficri.
1887 913 1953 938 Adtl.
1968 923 1993 946 2,
2008 923 2040 947 31.
2063 901 2071 912 '

1188 950 1510 975 εοιιιῖ,ιι33Λκιν3,
1536 944 1554 969 i.
1590 952 1628 969 in.
1669 944 1747 978 Apud
1761 944 1833 970 ictos
1852 948 1877 970 in
1900 949 2042 982 compedito,
2062 951 2126 977 (mod
2143 952 2196 979 vid,

1153 985 1169 1005 F
1180 986 1188 1004 1
1201 985 1219 1005 D
1229 986 1245 1005 E
1256 986 1288 1005 ic
1298 986 1317 1005 o
1326 986 1351 1005 M
1361 986 1384 1005 M
1395 987 1403 1005 1
1413 988 1425 1005 s
1435 988 1446 1005 s
1456 987 1476 1006 Λ
1486 986 1503 1005 n
1514 987 1522 1005 ι
1535 987 1551 1005 v
1562 987 1585 1006 s.
1639 979 1686 1005 Sed
1699 987 1749 1014 piso
1761 977 1902 1014 Qatjitorb
1910 1001 1918 1013 ,
1939 987 1978 1009 vel
1991 971 2074 1011 ludici
2090 988 2198 1023 delegato

1150 1018 1332 1050 generatimque
1352 1024 1392 1046 cv,
1419 1018 1458 1040 cui
1478 1015 1575 1050 aliquid
1592 1014 1740 1050 gerendum,
1759 1017 1801 1042 vel
1818 1016 2005 1044 disudzcandmn
2026 1027 2189 1050 commitatur

1150 1053 1237 1076 merito
1253 1050 1375 1085 tmproth
1395 1050 1490 1084 lsqffius
1509 1052 1537 1076 de
1550 1052 1578 1076 L.
1594 1053 1622 1076 L.
1635 1059 1658 1081 3,
1673 1055 1697 1077 6.
2190 1042 2198 1055 '

1188 1084 1462 1117 commonitas,
1498 1086 1552 1111 vid.
1572 1093 1806 1113 COMMOVEO.

1183 1128 1395 1158 COMMODE,
1416 1128 1701 1154 COMMODITAS,
1730 1127 2006 1157 COMMOD1T0‚
2041 1132 2202 1155 COMMo-

1152 1164 1217 1189 Do,
1244 1164 1511 1190 commonvms,
1546 1157 1599 1183 vid.
1618 1167 1673 1184 mox
1686 1157 1734 1193 fich
1756 1164 2004 1186 commonvm.

1188 1200 1204 1220 c
1214 1200 1232 1220 o
1242 1201 1266 1219 M
1276 1200 1299 1220 M
1309 1200 1328 1219 o
1337 1200 1355 1220 D
1365 1200 1386 1219 v
1395 1200 1411 1219 L
1422 1200 1443 1219 A
1455 1200 1475 1218 T
1489 1200 1497 1219 1
1509 1199 1527 1219 ο
1537 1213 1543 1224 ,
1563 1193 1633 1219 onis.
1671 1193 1690 1219 f.
1730 1193 1867 1228 [ἁρμονία]
1905 1196 2048 1228 (ἴωιεεηιιιι,
2065 1197 2203 1234 confiwsus.

1151 1230 1294 1264 Proportio
1310 1230 1346 1255 est
1366 1235 1438 1256 ratae
1457 1229 1538 1264 partis
1553 1229 1739 1255 membrorum
1753 1229 1780 1255 in
1793 1232 1869 1256 omni
1885 1239 1966 1265 opere
1981 1233 2064 1259 totius
2084 1242 2213 1260 commo-1

1151 1265 1254 1292 dulatio
1268 1265 1337 1292 Vitr.
1354 1273 1376 1297 3,
1395 1273 1403 1291 ι
1421 1271 1464 1300 pr.

1187 1308 1203 1328 C
1213 1308 1262 1328 ΟΜ
1276 1308 1298 1327 Μ
1309 1300 1328 1328 ὦ
1338 1308 1357 1327 D
1367 1307 1386 1325 v
1396 1308 1419 1326 M
1429 1321 1437 1334 ,
1458 1301 1476 1326 i.
1504 1309 1528 1326 n.
1568 1299 1703 1334 [daimon
1719 1299 1885 1337 ἒυχρῆ-ςημα]
1923 1301 1997 1336 Quod
2009 1302 2041 1337 fit
2054 1313 2107 1329 cum
2115 1303 2204 1337 Modo,

1150 1341 1194 1372 qui
1214 1338 1286 1363 nohis
1302 1339 1419 1372 placcat,
1438 1336 1538 1372 ipfizquc
1563 1336 1621 1362 adeo
1640 1337 1762 1367 ls‘tilitas,
1788 1345 1812 1363 ct
1829 1339 2021 1364 emolumentum.
2078 1340 2134 1366 Cic.
2154 1350 2204 1375 pro

1150 1374 1270 1399 Min-aen.
1285 1381 1321 1406 47
1343 1381 1363 1397 c.
1379 1381 1408 1404 25
1430 1372 1522 1398 Morbi
1544 1372 1707 1398 excusationi
1726 1381 1810 1406 poena
1831 1373 1920 1399 addita
1939 1374 1994 1400 est:
2021 1375 2144 1404 voluntas
2163 1377 2205 1403 of-

1151 1409 1226 1434 fensa
1241 1409 1406 1439 multorum,
1426 1408 1524 1442 quibus
1544 1414 1588 1433 aut
1606 1414 1698 1434 contra
1716 1408 1874 1435 valetudinis
1895 1410 2066 1436 commodum
2080 1411 2204 1438 laboran-

1150 1444 1214 1470 dum
1227 1444 1271 1474 est,
1285 1450 1329 1469 aut
1343 1443 1516 1469 incommodo
1530 1443 1621 1470 morbi
1636 1444 1715 1470 etiam
1724 1444 1820 1470 caeteri
1833 1445 1905 1470 vitae
1912 1445 2015 1471 fruelus
2022 1447 2203 1481 relinquendi.

1152 1480 1231 1506 Vitae
1243 1478 1385 1505 commoda
1399 1479 1502 1504 Luci-et.
1520 1488 1541 1511 3,
1557 1488 1581 1505 2.
1654 1480 1747 1505 Tacit.
1762 1480 1830 1505 Ann.
1845 1488 1871 1511 1,
1887 1488 1918 1506 22
1944 1482 2031 1514 Qiem
2052 1483 2157 1509 missum
2170 1484 2203 1510 ad

1150 1525 1198 1542 vos
1215 1524 1230 1542 a
1245 1515 1405 1541 Germanico
1419 1515 1538 1540 exercitu
1552 1514 1584 1540 de
1602 1515 1791 1541 communibus
1808 1515 1974 1548 commodis,
1992 1523 2022 1542 vt
2036 1526 2135 1553 ageret,
2150 1519 2205 1554 sci-

1150 1554 1218 1578 licet.
1279 1552 1374 1577 Horat.
1389 1551 1469 1584 Epist.
1486 1559 1512 1582 2,
1528 1558 1553 1581 2,
1567 1558 1580 1582 3
1600 1551 1631 1575 In
1645 1550 1753 1576 Publica
1767 1550 1907 1577 commoda
1922 1560 2043 1585 peccem,
2080 1554 2107 1579 Si
2122 1555 2204 1589 longo

1151 1589 1272 1614 sermone
1291 1596 1381 1613 morer
1396 1594 1441 1613 tua
1461 1593 1584 1620 tempora
1597 1587 1700 1613 Caesar.
1773 1587 1828 1612 Cic.
1843 1587 1916 1613 Fam.
1930 1596 1959 1620 3,
1980 1596 2009 1613 io
2037 1589 2112 1622 Qid
2133 1591 2204 1617 mihi

1151 1624 1255 1650 tandem
1270 1629 1327 1649 erat
1339 1622 1448 1654 vtilius,
1471 1622 1537 1656 quid
1552 1622 1701 1648 commodis
1721 1623 1788 1648 meis
1801 1623 1888 1656 aptius
1901 1624 1910 1649 3
1937 1632 2016 1657 quam
2035 1632 2080 1651 etc.
2153 1627 2204 1653 Ac-

1149 1659 1220 1686 cedit
1234 1659 1301 1685 illud
1316 1659 1344 1685 in
1358 1658 1547 1690 commodum,
1574 1657 1627 1684 vid.
1650 1665 1671 1684 A
1681 1663 1698 1683 C
1709 1663 1725 1683 C
1738 1665 1753 1683 E
1763 1664 1818 1684 DO.
1891 1658 2017 1686 Adimere
2032 1661 2127 1688 Horat.
2143 1663 2201 1688 Art.

1148 1696 1221 1721 Poet.
1231 1697 1285 1730 176.
1323 1696 1427 1729 Capere
1440 1694 1611 1720 commodum
1624 1702 1638 1719 e
1653 1702 1682 1720 re
1696 1693 1786 1728 aliqua
1800 1694 1868 1721 Ter.
1879 1695 1942 1720 Eun.
1955 1703 1978 1728 3,
1987 1702 2010 1728 ς,
2024 1704 2064 1729 25.
2100 1697 2203 1732 Capera

1147 1731 1217 1757 nihil
1238 1730 1375 1757 commodi
1395 1729 1490 1756 Catull.
1504 1737 1552 1761 59,
1572 1730 1611 1761 63.
1685 1730 1783 1756 Carere
1800 1731 1962 1762 commodis,
1986 1732 2040 1758 vid.
2062 1739 2203 1760 CAREO.

1148 1767 1217 1793 Ter.
1232 1767 1315 1792 Andr.
1329 1775 1356 1798 4,
1371 1775 1390 1799 1,
1403 1775 1422 1799 4
1442 1765 1533 1791 Tanta
1549 1764 1674 1791 vecordia
1691 1765 1780 1791 innata
1796 1766 1936 1801 cuiquam,
1955 1772 1985 1793 vt
1998 1767 2060 1800 fiet,
2080 1774 2110 1794 vt
2123 1769 2202 1796 malis

1147 1802 1259 1837 gaudeat
1273 1802 1366 1828 alienis
1375 1821 1383 1834 ,
1402 1808 1482 1835 atque
1495 1809 1527 1827 ex
1541 1800 1720 1827 incommodis
1738 1801 1846 1828 alterius
1859 1803 1903 1828 sua
1917 1810 2067 1837 comparet,
2086 1810 2115 1831 vt
2129 1814 2201 1832 com.

1148 1839 1244 1865 moda?
1317 1837 1452 1871 Consequi
1465 1837 1556 1863 omnia
1570 1836 1711 1863 commoda
1724 1846 1756 1863 ex
1769 1846 1798 1864 re
1814 1837 1926 1872 quadam
1940 1839 2060 1866 Sci-ibon.
2075 1841 2120 1875 Ep.
2160 1860 2167 1868 .

1147 1873 1292 1901 Consulere
1304 1873 1453 1899 commodis
1473 1873 1528 1899 Cic.
1543 1874 1581 1906 Q
1593 1873 1676 1899 Fratr.
1691 1880 1716 1904 1,
1730 1881 1748 1899 ι.
1820 1874 1902 1900 Ouid.
1918 1875 2010 1901 Amor.
2023 1884 2043 1908 ι,
2060 1884 2086 1908 2,
2100 1881 2129 1908 38
2150 1876 2201 1903 His

1148 1916 1176 1937 tu
1199 1909 1331 1936 militibus
1347 1910 1451 1944 superas
1474 1908 1651 1943 hominesque
1665 1908 1797 1943 deosque,
1832 1910 1905 1936 Haec
1917 1910 1970 1937 tibi
1986 1911 2004 1936 fi
2017 1912 2112 1938 Demas
2128 1922 2201 1939 com-

1146 1946 1243 1978 moda,
1258 1946 1342 1972 nudus
1357 1946 1415 1971 cris.
1473 1945 1555 1971 Suum
1566 1945 1664 1979 cuique
1679 1944 1882 1971 incommodum
1896 1946 2037 1973 ferendum
2051 1947 2087 1974 est
2100 1949 2199 1983 potius,

1148 1991 1230 2018 quam
1243 1982 1275 2008 de
1292 1982 1402 2008 alterius
1416 1980 1565 2007 commodis
1579 1979 1779 2007 Detrahendum
1794 1981 1910 2008 Cic.Off.
1923 1991 1935 2014 3
1956 1992 1978 2009 c.
1993 1985 2018 2009 6.
2090 1984 2129 2010 Id.
2144 1985 2200 2011 Att.

1150 2024 1188 2050 1'2,
1202 2025 1233 2053 27
1259 2019 1352 2044 Homo
1365 2025 1495 2051 nequam,
1515 2016 1564 2051 qui
1579 2022 1654 2042 tuum
1671 2016 1841 2043 commodum
1855 2026 1910 2043 non
1918 2017 2095 2052 Exspee’fflrit,
2115 2028 2200 2054 quum

1147 2054 1183 2080 ob
1210 2063 1267 2080 eam
1289 2062 1372 2080 vnum
1394 2054 1497 2079 causam
1519 2053 1607 2078 missus
1632 2053 1700 2078 esset.
1772 2053 1860 2078 Multa
1874 2053 1973 2079 Ferunt
1988 2055 2050 2079 anni
2062 2056 2200 2082 venientes

1146 2090 1286 2116 commoda
1301 2090 1387 2115 secum
1422 2089 1509 2114 Multa
1522 2087 1673 2113 recedentes
1689 2086 1810 2113 adimunt
1830 2088 1925 2114 Horat.
1940 2089 1970 2114 in
1982 2091 2047 2116 Arte
2060 2090 2132 2118 Poe't.
2145 2098 2198 2126 175.

1146 2125 1246 2155 Differ,
1270 2124 1377 2149 Habent
1395 2130 1493 2156 paruae
1511 2121 1652 2148 commoda
1673 2131 1767 2156 magna
1785 2131 1878 2150 morae
1902 2125 1984 2151 Ouid.
2002 2125 2067 2151 Fast.
2087 2134 2118 2159 3,
2136 2135 2198 2162 394,

1145 2160 1202 2185 Cic.
1379 2159 1414 2185 Vt
1429 2166 1461 2183 ne
1476 2158 1589 2184 minima
1603 2157 1713 2193 quidem
1726 2167 1756 2184 re
1768 2158 1823 2185 vlla
1836 2160 1914 2186 Bruti
1926 2160 2098 2188 commodum
2112 2163 2198 2190 vllum

1144 2193 1330 2229 impediamus.
1402 2193 1529 2220 Inhibere
1549 2193 1690 2220 commoda
1708 2194 1822 2220 alicuius
1842 2195 1925 2222 Ouid.
1942 2197 2035 2223 Amor.
2056 2205 2084 2230 3,
2103 2206 2132 2224 10
2139 2217 2149 2230 ,
2167 2206 2195 2232 4.

1144 2230 1277 2257 Inseruii·e
1297 2230 1351 2256 suis
1372 2229 1537 2261 commodis,
1561 2229 1614 2255 vid.
1639 2235 1649 2254 1
1665 2235 1853 2257 NsERV1o.
1923 2231 2096 2259 Labefaetare
2115 2239 2197 2269 atque

1144 2274 1298 2302 oppugnare
1312 2265 1453 2292 commoda
1467 2263 1579 2290 alicuius
1589 2283 1597 2296 ,
1620 2263 1673 2291 vid.
1687 2264 1736 2299 fid»
1754 2271 1771 2290 1.
1780 2272 1802 2291 A
1811 2271 1827 2291 Β
1836 2272 1852 2292 Ε
1862 2273 1885 2292 S.
1956 2267 2065 2294 Limare
2077 2277 2196 2296 commo-

1144 2302 1176 2328 da
1190 2301 1319 2331 alicuius,
1362 2303 1380 2325 i.
1417 2299 1546 2325 detrahere
1561 2299 1694 2325 commodis
1705 2301 1814 2327 alicuius
1820 2320 1829 2333 ,
1848 2308 1893 2328 aut
1904 2302 2017 2330 inuidere
2029 2305 2097 2331 Hor.
2113 2305 2194 2340 Epist.

1144 2345 1165 2369 ι,
1180 2345 1218 2369 14,
1234 2344 1274 2370 37.
1345 2335 1439 2361 Metiri
1453 2335 1617 2367 commodis,
1644 2334 1698 2362 vid.
1713 2342 1763 2362 ME
1774 2343 1879 2364 TIOR.
1952 2339 2037 2366 Natus
2057 2341 2108 2367 suis
2122 2350 2195 2369 com-

1142 2372 1230 2398 modis
1239 2392 1248 2404 ,
1267 2370 1320 2410 oid.
1335 2378 1387 2397 NA
1396 2378 1408 2398 s
1417 2377 1433 2397 C
1445 2377 1464 2396 Ο
1475 2378 1504 2397 R.
1561 2370 1626 2397 Non
1638 2370 1702 2398 licet
1715 2371 1756 2398 sui
1769 2372 1905 2399 commodi
1920 2376 1996 2402 causa
2007 2382 2104 2403 nocere
2117 2377 2195 2404 alteri

1143 2408 1199 2434 Cic.
1235 2406 1312 2433 Offic.
1348 2415 1379 2439 3,
1409 2415 1449 2439 23.
1521 2405 1635 2433 officere
1665 2408 1814 2435 commodis
1846 2409 1975 2444 alicuius,
2009 2412 2062 2438 vid.
2083 2419 2103 2439 0
2113 2420 2130 2440 F
2140 2420 2157 2440 F
2168 2420 2194 2440 1-

1286 2443 1342 2469 Cic.
1364 2442 1396 2469 de
1411 2444 1511 2475 Inusi,
1532 2451 1541 2468 1
1578 2443 1635 2477 Qi
1647 2452 1713 2475 vero
1733 2444 1770 2470 ita
1788 2445 1841 2471 sese
1862 2452 1948 2473 armat
1968 2447 2140 2483 eloquentia,
2164 2454 2195 2477 vt

1994 568 2015 584 c.
2025 566 2061 592 53.

1141 2488 1197 2506 non
1217 2487 1371 2514 oppugnare
1390 2477 1532 2505 commoda
1549 2479 1668 2513 patriae,
1697 2479 1742 2506 sed
1762 2488 1812 2514 pro
1831 2480 1873 2507 his
1893 2490 2009 2517 pugnare
2027 2484 2117 2519 poffit,
2145 2492 2193 2512 etc.

1141 2516 1353 2542 Praeter-mittere
1376 2514 1519 2541 commoda
1559 2516 1614 2541 Cic.
1630 2515 1788 2549 adQFrat.
1826 2536 1833 2543 .
1872 2537 1878 2544 .
1916 2537 1922 2544 .
1996 2520 2108 2547 Referre
2127 2521 2194 2548 ami-

1141 2552 1233 2578 citiam
1252 2552 1283 2577 ad
1303 2551 1377 2577 illius
1399 2550 1549 2582 commoda,
1563 2560 1643 2586 quem
1659 2552 1795 2586 diligimus
1834 2553 1908 2579 Idem
1927 2553 1960 2580 de
1979 2554 2043 2582 Nat.
2062 2557 2144 2584 Deor.
2165 2566 2193 2590 2,

1143 2595 1194 2620 123.
1231 2587 1338 2614 Seruii-e
1353 2586 1502 2614 commodis
1516 2587 1679 2622 vtilitatique
1689 2587 1801 2614 alicuius
1821 2588 1860 2615 Id.
1871 2590 1983 2624 QFrat.
1997 2597 2075 2624 1,1,8.
2113 2594 2194 2620 Com—

31 2626 49 2652 l.
63 2634 74 2652 1
106 2624 133 2651 ff.
148 2623 180 2650 de
187 2622 337 2650 Publicanis
351 2627 377 2647 et
388 2621 492 2657 Vce’tig.
513 2623 653 2650 Commissa
672 2622 844 2656 vedfigalium
864 2622 974 2648 nomine
996 2623 1077 2648 etiam
1086 2634 1122 2663 70
1140 2623 1238 2656 moda,
1256 2626 1283 2650 in
1303 2633 1330 2650 re
1349 2624 1459 2650 militari
1479 2623 1639 2655 dicebantur,
1666 2626 1707 2650 vel
1718 2625 1842 2656 Munera,
1867 2628 1908 2652 vel
1921 2627 2052 2661 Praemia,
2071 2629 2112 2656 vel
2121 2631 2193 2666 Agri

1140 2659 1256 2695 denique,
1275 2662 1318 2695 qui
1331 2658 1455 2685 dabantur
1468 2659 1599 2685 militibus.
1673 2660 1763 2686 Turn.
1779 2668 1801 2693 ς,
1817 2668 1829 2693 5
1849 2661 1884 2687 ad
1899 2661 1965 2688 illud
1983 2663 2064 2691 Ouid.
2079 2664 2111 2691 de
2125 2666 2191 2691 Arte

1140 2696 1201 2722 Am.
1216 2704 1234 2726 1,
1250 2703 1287 2728 131
1306 2695 1420 2721 Romule
1439 2694 1575 2721 militibus
1593 2695 1663 2723 scisti
1684 2695 1747 2722 dare
1760 2696 1901 2723 commoda
1913 2698 1998 2725 solus:
2034 2700 2107 2726 Haec
2120 2700 2192 2727 mihi

1139 2731 1158 2758 fi
1173 2731 1275 2758 dederis
1289 2731 1445 2764 commoda,
1464 2731 1540 2757 miles
1554 2740 1610 2758 ero.
1645 2731 1723 2758 Ludit
1737 2735 1765 2758 in
1779 2739 1853 2768 raptu
1867 2733 2020 2761 Sabinarum.
2063 2736 2191 2762 Caeterum

1141 2767 1322 2794 Commodum
1341 2770 1415 2793 etiam
1433 2773 1488 2793 erat
1505 2767 1620 2800 Praeda,
1651 2777 1700 2804 qua
1712 2768 1801 2794 onusti
1816 2768 1924 2795 domuin
1944 2769 2066 2797 redibant
2074 2771 2188 2803 milites,

2112 2806 2188 2834 Idem

1141 2848 1166 2871 2,
1179 2849 1194 2873 4
1201 2848 1221 2866 1.
1234 2842 1265 2865 it.
1278 2838 1454 2873 Stipendium,
1468 2839 1522 2866 vid.
1538 2847 1551 2866 s
1560 2846 1582 2866 T
1590 2847 1599 2866 1
1608 2847 1623 2866 r
1633 2847 1649 2866 E
1657 2847 1678 2866 N
1688 2847 1707 2867 D
1716 2848 1726 2867 1
1735 2847 1757 2866 v
1766 2847 1804 2866 M.
1823 2842 1935 2876 Denique
1948 2842 2088 2877 Priuilegia
2095 2845 2188 2876 omnia,

1139 2877 1226 2912 quibus
1246 2882 1375 2902 uterentur
1392 2877 1503 2904 militem
1528 2876 1599 2911 quale
1619 2875 1683 2902 illud
1693 2876 1760 2911 apud
1781 2876 1840 2902 Liu.
1854 2884 1878 2907 2,
1890 2885 1926 2909 24
1945 2876 1988 2903 Ne
2002 2879 2062 2911 quis
2082 2878 2187 2912 militis,

1140 2912 1204 2938 dum
1217 2912 1245 2938 in
1258 2911 1347 2938 castris
1361 2911 1436 2944 esset,
1445 2911 1515 2938 bona
1529 2912 1672 2944 venderet,
1690 2917 1735 2937 aut
1748 2910 1862 2943 liberos,
1876 2911 1929 2937 siue
1948 2919 2056 2946 nepotes
2069 2921 2188 2941 morare-

1139 2953 1193 2974 tur.
1231 2948 1337 2974 Sueton.
1352 2947 1407 2974 Cal.
1421 2957 1442 2973 e.
1456 2956 1495 2982 44
1520 2947 1667 2975 Commoda
1686 2947 1812 2973 emeritae
1824 2946 1939 2973 militiae
1958 2948 1991 2974 ad
2010 2949 2052 2975 sex
2066 2949 2186 2978 millium

1466 2983 1625 3011 immodeste
1638 2982 1781 3009 miffionem
1794 2982 1953 3016 postulantes
1967 2983 2033 3010 citra
2045 2986 2187 3013 commoda

1140 3021 1315 3046 emeritorum
1334 3019 1516 3054 praemiorum
1533 3019 1716 3046 exauctorauit
1740 3017 1779 3044 Id.
1793 3019 1859 3052 Aug.
1876 3027 1897 3045 c.
1913 3027 1958 3052 24.
2013 3020 2187 3049 Tribunatu:

1138 3056 1193 3082 Cic.
1207 3057 1279 3082 Fam.
1299 3063 1326 3090 7,
1341 3061 1363 3085 8.
1453 3055 1492 3082 Id.
1509 3056 1580 3082 Fam.
1596 3064 1624 3088 4,
1637 3062 1653 3080 2
1668 3061 1732 3080 extr.
1765 3054 1847 3088 Qiod
1867 3054 2010 3082 commodo
2024 3061 2071 3083 tuo
2084 3056 2145 3088 fiat,
2165 3060 2185 3085 i.

1132 3092 1231 3128 facile,
1249 3099 1273 3118 et
1285 3091 1341 3126 fine
1354 3089 1480 3124 molestia.-
1500 3100 1559 3126 quae
1573 3089 1749 3125 claufidafere
1755 3090 2007 3126 fimper,velutiper
2014 3092 2186 3128 parenthesin,

1132 3128 1269 3164 profertur
1283 3134 1307 3154 et
1319 3127 1466 3154 includitur.
1523 3126 1578 3152 Cic.
1593 3126 1665 3151 Fam.
1683 3133 1704 3158 1,
1719 3133 1729 3151 1
1754 3125 1802 3152 Sed
1816 3133 1847 3151 ex
1860 3125 1909 3152 illo
1927 3126 1951 3153 S.
1965 3128 1996 3154 C.
2017 3128 2090 3163 quod
2103 3134 2130 3156 te
2142 3139 2186 3156 re-

0 3167 5 3175 *
31 3158 211 3186 fendcbatur:
247 3157 458 3194 admonebatque
482 3161 635 3194 Praetores,
655 3170 687 3187 ne
712 3159 981 3195 paterentur‘nomen
999 3163 1075 3188 suum
1092 3165 1122 3194 85
1137 3164 1240 3190 ferente
1260 3163 1360 3190 factum
1384 3162 1433 3193 est,
1460 3161 1512 3188 tibi
1532 3161 1651 3187 decernit
1665 3167 1694 3187 vt
1706 3168 1796 3195 regem
1808 3160 1934 3194 reducas,
1954 3164 2029 3198 quod
2041 3165 2184 3192 commodo

1137 3199 1260 3235 Reipubl.
1276 3200 1363 3226 facere
1376 3198 1459 3233 poffis.
1477 3200 1496 3223 i.
1519 3204 1639 3232 quatenus
1653 3197 1715 3223 vtile
1727 3200 1790 3232 reip.
1804 3195 1847 3230 eff?
1861 3198 1949 3233 censes.
1998 3199 2085 3227 Etiam
2097 3201 2116 3227 fi
2130 3201 2186 3236 spa-

1138 3236 1206 3262 tium
1220 3236 1251 3262 ad
1266 3235 1407 3262 dicendum
1421 3233 1512 3259 nostro
1531 3232 1674 3259 commodo
1692 3241 1843 3267 vacuosque
1862 3232 1919 3260 dies
1930 3232 2107 3263 habuissemus
2125 3237 2181 3264 Cic.

1139 3271 1196 3298 A&
1209 3280 1218 3298 1
1234 3272 1262 3298 in
1282 3273 1358 3298 Verr.
1378 3277 1442 3297 extr.
1477 3269 1510 3295 Et
1528 3269 1612 3295 velim
1626 3267 1786 3302 aliquando,
1805 3277 1889 3303 quum
1907 3270 1960 3297 erit
1976 3278 2052 3299 tuum
2067 3281 2183 3299 commo-

1138 3307 1200 3333 dum
1209 3327 1217 3340 ,
1237 3307 1379 3334 Lentulum
1391 3312 1505 3340 puerum
1518 3304 1586 3331 visas
1613 3304 1651 3331 Id.
1666 3305 1720 3330 Att.
1735 3311 1770 3336 12,
1783 3309 1814 3334 28
1828 3312 1894 3332 extr.
1949 3306 1996 3334 Te
2009 3308 2038 3334 in
2052 3307 2183 3335 Tuscula-

267 3337 323 3364 Cic.
343 3337 397 3364 Λα.
419 3346 453 3370 ις,
471 3341 505 3365 26
524 3339 652 3375 Equidem
673 3340 735 3366 illos
747 3339 878 3367 celebrari
892 3346 918 3368 et
932 3342 980 3368 effe
994 3350 1074 3376 quani
1085 3348 1122 3373 90
1137 3351 1201 3369 nuru
1213 3344 1356 3369 venturum
1376 3339 1449 3376 quod
1467 3340 1583 3367 vtinam!
1610 3339 1710 3366 iterum
1727 3339 1843 3367 vtinam!
1865 3347 1913 3368 tuo
1932 3347 2019 3370 tamen
2039 3342 2182 3370 commodo

1136 3379 1174 3405 Id.
1182 3378 1219 3406 ib.
1227 3387 1261 3412 ις,
1269 3384 1349 3414 48pr.
1384 3378 1433 3404 Per
1440 3376 1610 3403 commodum
1618 3375 1735 3411 pluribus
1746 3374 1858 3409 illustrat
1867 3379 1974 3405 Gronou.
1982 3379 2015 3405 ad
2021 3379 2080 3406 Liu.
2089 3386 2130 3411 30,
2137 3386 2181 3411 29.

1174 3421 1192 3442 c
1203 3422 1222 3442 o
1231 3422 1255 3441 Μ
1264 3422 1288 3441 M
1299 3422 1317 3441 o
1328 3420 1347 3441 D
1355 3420 1376 3440 v
1385 3419 1401 3439 L
1410 3419 1430 3438 v
1440 3419 1482 3445 M,
1498 3413 1516 3438 i.
1538 3421 1563 3438 n.
1577 3419 1684 3447 paruum
1696 3412 1853 3439 commodum.
1874 3414 1975 3441 Arnob.
1985 3423 1994 3440 1
2006 3424 2030 3450 p.
2046 3422 2063 3448 7
2079 3415 2181 3440 Euenta

1135 3449 1198 3477 haec
1211 3451 1318 3480 omnia,
1334 3456 1401 3483 quae
1419 3447 1486 3474 fiunt
1503 3453 1529 3473 et
1543 3446 1664 3474 accidunt
1676 3447 1750 3474 mole
1767 3448 1815 3474 sub
1829 3447 1877 3475 hac
1894 3450 2003 3482 mundi,
2024 3448 2180 3476 commodu-

1135 3485 1168 3512 lis
1180 3495 1234 3519 nom
1247 3485 1360 3516 nostris,
1386 3483 1429 3510 sed
1441 3483 1521 3518 ipsius
1536 3482 1671 3517 pendenda
1684 3483 1744 3510 sunt
1762 3484 1912 3511 rationibus
1927 3484 2120 3519 ordinibusque
2133 3493 2180 3511 na-

1275 3519 1463 3548 Commodulis
1481 3519 1592 3551 nostris,
1619 3522 1638 3545 i.
1654 3519 1806 3552 Commodis,
1826 3530 1887 3556 quac
1906 3521 1976 3547 nobis
1994 3529 2084 3556 magno
2095 3520 2179 3547 videri

1129 3556 1244 3594 pqffimt,
1257 3557 1304 3593 sed
1315 3555 1450 3592 nihilfimt
1462 3557 1644 3590 comparatione
1652 3555 1746 3590 salutis
1760 3555 1834 3582 huius
1845 3554 1962 3589 uniuersi.

1170 3599 1188 3620 C
1197 3599 1217 3622 '0
1226 3600 1250 3620 Μ
1262 3600 1285 3618 Μ
1296 3590 1315 3619 ὄ
1325 3598 1343 3617 D
1353 3598 1374 3618 V
1382 3598 1406 3623 S,
1413 3599 1437 3623 a,
1445 3599 1499 3616 um.
1519 3590 1579 3617 Adi.
1599 3590 1752 3626 [πρόσφορσς,
1767 3591 1904 3623 ἐπιτήδεος,
1923 3589 2008 3622 δεξιὼ,
2027 3589 2178 3627 >coenubii-J

1134 3628 1209 3665 Qud
1218 3637 1278 3655 cum
1292 3626 1374 3654 modo
1388 3626 1436 3659 est,
1455 3624 1518 3658 iusto
1533 3629 1649 3661 nimirum
1663 3633 1687 3653 et
1698 3633 1772 3662 apto:
1789 3636 1843 3653 cum
1855 3626 1885 3652 de
1897 3627 1991 3653 bomine
2003 3625 2108 3659 dicitur,
2129 3637 2179 3653 mo-

1134 3665 1245 3692 deratum
1253 3684 1262 3696 ,
1280 3663 1457 3698 obsequentem,
1471 3661 1588 3696 facilem,
1603 3662 1733 3689 humanum
1747 3669 1834 3691 notan·
1853 3671 1905 3688 cum
1919 3660 1948 3687 de
1961 3661 2041 3694 rebus,
2060 3664 2100 3688 vel
2112 3672 2177 3689 men-

0 3700 1 3706 *
30 3693 190 3721 a'oenditore
201 3688 314 3728 adice-ei,
332 3702 362 3723 vt
374 3695 423 3722 nisi
439 3696 509 3722 intra
527 3700 627 3721 certum
641 3693 715 3721 diem
734 3695 788 3729 (stc
798 3695 904 3731 leian.
923 3697 941 3725 l.
961 3707 981 3731 4
998 3697 1072 3724 tituli
1079 3700 1216 3736 roofiaeram
1229 3697 1316 3732 uillam
1330 3705 1354 3724 ct
1365 3698 1544 3733 quantitatcm',
1557 3701 1581 3724 is
1593 3702 1657 3725 enim
1669 3697 1703 3731 est
1715 3698 1813 3730 modus,
1828 3698 1868 3723 vel
1878 3699 2100 3731 opportunitatem,
2120 3707 2176 3724 con.

1131 3739 1299 3766 venientium,
1314 3732 1478 3769 aptitudinem
1486 3752 1493 3764 ‚
1506 3741 1552 3760 etc.
1572 3734 1640 3770 quod
1648 3735 1763 3769 exemplis
1776 3737 1826 3759 iam
1838 3731 2015 3758 declarabitur.
2056 3733 2111 3766 Qui
2125 3733 2176 3767 pri-

1133 3778 1210 3799 vatus
1223 3768 1388 3797 intolerabili
1401 3768 1523 3803 superbia
1537 3770 1637 3803 fuerit,
1657 3779 1718 3796 eum
1737 3767 1908 3795 commodum
1923 3773 1949 3793 et
1968 3767 2008 3794 sui
2020 3768 2176 3803 cognoscen-

1133 3813 1186 3835 tem
1198 3806 1290 3833 videre
1304 3805 1332 3831 in
1345 3804 1453 3831 ciuitate
1465 3804 1524 3840 quis
1537 3805 1621 3840 potest
1640 3806 1670 3832 A.
1683 3803 1715 3831 ad
1729 3805 1794 3830 Her.
1807 3814 1825 3837 4
1839 3812 1859 3828 c.
1874 3807 1909 3833 18.
1980 3803 2036 3830 Cic.
2053 3812 2102 3838 pro
2116 3804 2176 3829 Mn-

1132 3851 1204 3870 racn.
1219 3843 1255 3867 66
1275 3840 1364 3867 Nemo
1376 3840 1479 3867 Catone
1493 3850 1595 3875 proauo
1612 3848 1660 3867 tuo
1674 3838 1853 3870 commodior,
1871 3836 1987 3871 comior,
2007 3838 2173 3866 moderatior

1741 3875 1783 3903 Sic
1794 3873 1869 3900 idem
1876 3873 1952 3901 Verr.
1965 3882 1989 3908 3,
2003 3882 2033 3906 23
2052 3873 2119 3901 Aliis
2133 3873 2173 3908 ³¹¹ss

1433 3913 1451 3939 6
1467 3912 1482 3938 S
2083 3907 2175 3934 huma-
