2474 4182
762 118 1013 158 DISSERT.
1049 121 1125 157 DE
1156 121 1501 160 PRAECIPVIS
1531 126 1763 163 LEXICIS
1788 128 1912 165 LAT.

289 247 311 266 „
329 218 582 266 redegit,etiam
600 216 640 251 de
659 212 780 250 ordine
804 212 942 251 dicendi
969 216 1104 264 optime
1122 214 1316 265 scripsit,at-

290 302 311 319 ,‚
329 287 397 323 que
427 273 539 322 plurts
571 267 727 316 epistolas
757 268 930 318 elegantes
951 269 1143 322 dod‘rasque
1170 284 1318 321 compo-

290 357 310 375 „
330 329 404 364 suit,
433 356 455 369 „
510 328 559 360 Ex
579 334 651 373 quo
667 321 765 361 fonte
781 324 971 362 dimanauit
998 336 1032 362 et
1049 326 1194 363 inualuit
1209 340 1319 373 error,

289 395 331 419 an
348 396 391 417 ex
411 378 601 415 'Ti-ithemii
629 377 842 434 οἰνιςορησίᾳ,
870 392 914 418 an
943 380 1107 428 aliunde,
1141 383 1318 419 incertum

287 437 359 477 ρᾶς
396 444 513 469 veram
538 440 653 470 tamen
676 446 825 472 aetatem
846 435 906 472 diu
931 435 977 472 est
994 437 1091 486 quod
1115 436 1318 488 explorauit

287 490 336 527 Cl.
356 486 472 524 Barth.
491 487 633 525 Aduers
649 502 679 538 3,
696 501 723 537 3.
750 490 805 527 his
824 489 938 527 verbis
955 505 962 527 :
998 491 1145 528 Videtur
1164 505 1235 529 non
1254 493 1316 529 diu

283 573 304 591 „
321 542 396 590 post
413 552 570 592 tempora
587 546 734 583 Henrici
753 548 798 582 11.
828 544 995 595 scripsisse.
1053 548 1143 584 Nam
1161 549 1196 584 in
1212 559 1314 585 voca-

282 626 304 644 „
320 596 405 634 bulo
425 600 531 635 Aetas
554 599 676 637 ordine
699 613 824 638 omnes
857 610 953 638 retro
977 602 1152 652 Principes
1175 615 1314 639 memo-

280 682 302 700 „
320 665 394 690 rans
415 655 450 690 in
467 653 538 692 hoc
554 653 673 691 desinit
689 671 699 699 3
736 658 832 692 Vixit
849 667 934 693 vero
952 658 1124 694 Henricus
1144 654 1314 695 secundus

280 738 303 757 ,‚
320 708 413 760 (quo
431 710 658 758 posteriorem
672 713 746 747 eius
763 712 916 748 nominis
932 709 1129 758 finouisset,
1158 725 1230 750 non
1248 713 1314 749 mi-

279 793 301 811 „
317 777 441 800 norem
461 765 556 801 hunc
582 765 739 814 diceret)
775 777 907 802 annum
922 765 1050 803 Christi
1076 767 1152 816 post
1177 765 1313 803 millesi-

278 832 415 867 „mum
432 848 441 864 ‚
478 831 549 857 non
567 828 681 857 tamen
698 820 816 857 multis
832 823 938 858 annis.
1011 823 1056 857 Vt
1081 823 1258 872 antiquior
1275 820 1312 859 sit

278 904 300 922 ,‚
318 874 377 910 hic
392 875 537 923 scriptor
552 887 656 925 quam
681 876 826 912 censeas.
856 904 879 922 „
939 875 1123 913 Consentit
1142 875 1310 913 Chronic.

278 928 434 966 Alberic.
455 932 527 966 MS.
585 959 607 977 „
623 931 731 967 Anno
752 944 778 966 M
794 944 811 965 L
826 944 837 965 1
851 943 862 965 1
878 943 890 965 1
930 929 1045 978 (male
1068 929 1239 982 exftripsit
1254 931 1313 967 Du

278 1011 299 1033 „
315 986 465 1036 Gangius
487 998 511 1020 M
527 998 544 1020 ι
562 998 583 1021 x
599 999 611 1021 1
625 999 638 1021 1
652 999 665 1022 1
690 996 788 1036 quem
804 986 909 1021 etiam
926 997 1077 1022 errorem
1105 988 1313 1038 propagauit

276 1068 300 1087 „
314 1037 447 1079 fabric.
464 1036 550 1077 Bibl.
566 1041 643 1078 Lat.
658 1041 673 1086 )
700 1053 791 1078 anno
810 1040 955 1078 decimo
973 1043 1079 1078 tertio
1091 1043 1312 1090 Imperatoris

276 1119 300 1141 „
318 1096 462 1131 Henrici
478 1093 541 1131 filii
557 1095 711 1133 Conradi
733 1125 744 1141 ‚
771 1096 889 1144 Papias
910 1094 1040 1132 librum
1060 1096 1161 1132 suum
1177 1126 1187 1144 ,
1216 1095 1312 1133 vide-

277 1178 299 1197 „
315 1149 397 1186 licet
407 1149 679 1187 Elementarium
697 1147 876 1188 doc‘lrinae
897 1151 1159 1188 erudimentum
1177 1150 1286 1187 edidit
1300 1180 1311 1198 ,

275 1233 297 1252 „
314 1204 410 1255 quod
428 1202 595 1253 probatur
610 1217 671 1254 per
687 1218 874 1243 numerum
890 1217 1081 1252 annorum,
1106 1204 1165 1243 vbi
1182 1208 1251 1255 agit
1266 1207 1310 1243 de

274 1288 297 1307 „
312 1258 482 1296 aetatibus
499 1259 623 1297 saeculi
641 1262 675 1296 in
703 1261 812 1309 prima
829 1260 926 1299 litera
943 1271 978 1299 et
995 1261 1214 1299 numerando
1229 1274 1309 1312 per-

272 1342 294 1361 „
311 1316 415 1362 tingit
442 1315 484 1351 ad
507 1315 603 1352 hunc
626 1327 767 1352 annum.
796 1344 820 1363 „

348 1392 485 1442 Scripsit
516 1408 534 1431 P
547 1408 568 1431 A
584 1408 601 1431 1>
616 1409 630 1431 1
644 1409 664 1432 A
679 1407 694 1431 s
710 1424 721 1441 ,
755 1403 892 1444 praeter
916 1394 1147 1444 Epistolarum
1178 1393 1309 1433 librum

267 1448 310 1487 ad
338 1448 514 1496 diuersos,
541 1462 648 1500 quem
676 1459 874 1486 memorant
903 1463 925 1485 T
942 1463 962 1486 R
977 1463 988 1485 1
1004 1463 1026 1485 T
1041 1464 1064 1486 H
1078 1463 1096 1485 13
1109 1464 1135 1486 M
1151 1464 1162 1486 1
1178 1464 1200 1486 v
1215 1464 1231 1487 s
1271 1460 1307 1488 ct

273 1517 291 1542 Β
306 1519 326 1541 E
342 1518 362 1541 R
378 1518 400 1541 G
416 1518 438 1540 o
453 1518 479 1540 M
494 1517 512 1540 E
528 1518 553 1540 N
566 1518 581 1541 s
599 1519 610 1540 1
626 1518 662 1548 s,
688 1506 787 1554 supra
814 1504 940 1541 laudati
967 1532 977 1551 ‚
1006 1504 1278 1542 Vocabularium
1295 1535 1306 1553 ,

267 1557 338 1597 siue
352 1588 362 1606 ‚
388 1568 425 1595 vt
447 1559 519 1608 ipse
535 1570 637 1597 vocat
656 1589 666 1606 ‚
695 1560 966 1597 Elementarium
991 1558 1172 1596 dostrinae
1193 1561 1307 1597 erudi-

267 1623 429 1653 mentum
448 1643 458 1659 ,
487 1616 583 1665 quod
598 1613 704 1660 fictile
718 1626 798 1662 opus
814 1626 915 1652 vocat
934 1614 1060 1669 Scalig.
1088 1618 1123 1652 in
1139 1619 1303 1666 Excerpt.

266 1672 427 1708 Puteanis
443 1697 454 1715 ,
487 1668 532 1705 ab
551 1669 626 1707 aliis
644 1670 788 1707 viciffim
803 1672 944 1718 egregie
962 1669 1136 1707 laudatum
1159 1670 1208 1708 ob
1226 1684 1304 1709 eru-

267 1726 440 1762 ditionem
468 1724 601 1762 summa
636 1738 717 1761 cum
743 1737 822 1761 cura
856 1728 1111 1770 coniunctam,
1146 1736 1181 1762 ct
1206 1735 1303 1764 vetu-

264 1780 368 1818 stiora
387 1782 505 1817 omnia
522 1779 679 1817 melioris
698 1788 802 1816 notae
819 1779 1005 1825 Glossaria,
1023 1779 1091 1816 siue
1106 1792 1303 1830 comparata

265 1834 336 1873 fiuc
359 1842 533 1882 excerpta.
598 1834 700 1872 Adeo
730 1836 821 1871 inter
840 1844 1014 1879 caete-105,
1034 1834 1162 1886 quibus
1190 1836 1302 1885 palam

266 1888 405 1940 profuit
431 1887 529 1926 labor
560 1889 620 1926 isle
644 1904 660 1926 Ρ
677 1902 825 1927 APIAE
850 1918 861 1937 ,
903 1888 1051 1938 plurima
1083 1904 1127 1926 ex
1159 1903 1204 1927 eo
1228 1903 1300 1928 non

267 1945 436 1983 diffitetur
461 1944 660 1982 transtulisse
691 1946 727 1981 in
744 1943 1017 1982 Vocabularium
1043 1944 1142 1982 suum
1162 1946 1301 1982 Vincen-

265 2003 337 2038 tius
358 1999 593 2046 Bellouacensts
621 2000 656 2037 l.'
673 2013 696 2038 1.
738 1999 877 2050 Speculi
905 1998 1106 2037 doc'lrinalis
1135 2012 1209 2050 cap.
1239 1999 1299 2037 vlt.

265 2058 348 2093 Non
365 2053 565 2104 grauabitur
580 2053 691 2093 ledior
705 2086 715 2104 ,
748 2053 771 2092 si
789 2054 955 2093 nonnulla
977 2055 1019 2093 ad
1044 2056 1141 2092 istius
1162 2054 1301 2092 laudem

265 2113 474 2161 pertinentia
494 2112 530 2148 in
544 2111 702 2148 medium
720 2109 937 2160 proferamus
951 2141 961 2157 ‚
995 2122 1086 2163 quae
1103 2112 1301 2160 impertiuit

266 2165 520 2204 Glossariorum
546 2179 619 2204 non
641 2165 826 2214 indiligens
855 2167 1079 2216 inuestigator
1099 2195 1110 2212 ‚
1145 2164 1303 2204 (1οᾶ1ίῖ1-

267 2234 346 2260 mus
378 2235 396 2258 B
413 2236 433 2259 A
448 2235 469 2258 R
484 2234 506 2257 T
521 2235 545 2258 11
559 2236 571 2258 1
585 2236 608 2260 v
621 2235 636 2259 s
661 2223 697 2258 in
719 2221 946 2269 Aduersariis.
1011 2251 1034 2269 „
1051 2220 1302 2259 Glossariorum

267 2306 289 2326 „
303 2286 460 2314 veterum
477 2277 652 2327 quendam
683 2278 826 2314 cinnum
849 2274 934 2313 fecit
960 2275 1066 2314 nobis
1091 2286 1169 2314 ante
1190 2288 1301 2314 annos

266 2333 374 2381 „iam
398 2333 669 2382 quadringentos
690 2334 805 2382 Papias
829 2327 1002 2381 Magister.
1064 2334 1103 2369 In
1132 2345 1177 2370 eo
1202 2345 1301 2370 com-

266 2417 290 2437 „
307 2388 480 2424 mentatio
498 2387 605 2424 multa
627 2386 716 2425 bona
727 2386 997 2439 leguntur,quae
1012 2400 1230 2439 nequaquam
1256 2399 1301 2425 ex

267 2441 381 2491 „aliis
419 2454 525 2492 quam
554 2444 700 2492 optimis
727 2442 926 2495 quibusque
953 2442 1155 2481 austoribus
1183 2441 1301 2481 hausta

267 2527 291 2546 ,‚
306 2496 404 2544 sunt,
429 2495 471 2534 ab
486 2495 548 2533 illo
563 2510 605 2535 an
623 2497 665 2535 ab
681 2497 750 2536 alio
765 2511 837 2537 non
854 2498 1002 2536 interest.
1060 2500 1165 2535 Certe
1183 2507 1301 2536 vetera

267 2583 291 2605 ,‚
309 2564 413 2590 manu
429 2560 562 2589 exarata
576 2551 730 2601 glossaria
748 2565 857 2602 paene
873 2567 890 2592 a
908 2553 1032 2600 verbo,
1048 2563 1085 2592 vt
1103 2554 1241 2601 dicitur,
1256 2553 1300 2592 ad

267 2640 290 2660 „
305 2605 452 2645 verbum
476 2608 512 2644 in
527 2606 588 2645 illo
607 2608 745 2658 reperio
767 2626 861 2632 ---
916 2612 998 2646 Non
1017 2609 1144 2647 dubito
1169 2607 1300 2656 autern,

266 2695 290 2714 „
306 2663 443 2712 Papiam
461 2660 634 2714 plerisque
658 2664 763 2700 etiam
783 2661 962 2701 bonorum
982 2663 1169 2703 ausseorum
1194 2666 1313 2706 inter-.

266 2750 290 2771 2,
306 2715 462 2767 pretibus
482 2716 594 2766 vfiun,
610 2720 670 2770 qui
687 2717 796 2756 hodie
810 2717 914 2756 nobis
929 2716 1080 2756 fuerunt.
1134 2716 1297 2756 Curiofis-

266 2805 291 2826 „
306 2771 388 2810 smne
403 2773 499 2808 enim
515 2775 634 2810 omnia
650 2771 800 2811 corrasit.
859 2774 985 2825 Neque
1008 2785 1093 2810 vero
1116 2771 1217 2810 facile
1238 2784 1298 2820 ge-

268 2860 291 2881 „
306 2840 370 2865 nus
385 2826 527 2879 aliquod
543 2825 644 2874 vasis,
660 2828 855 2877 mensurae,
871 2827 991 2879 poculi
1006 2837 1065 2865 aut
1081 2828 1298 2865 instrumenti

267 2915 290 2936 „
306 2881 447 2920 alterius
463 2880 589 2919 omisit.
651 2886 698 2920 Vt
714 2884 874 2933 suspicer,
897 2882 1084 2934 plerosque
1099 2881 1296 2921 Glossarum

269 2968 291 2989 ,‚
308 2937 550 2984 sarcinatores,
577 2936 705 2990 quibus
722 2950 868 2987 magnos
885 2941 917 2976 se
928 2937 1083 2976 fecerunt
1099 2937 1203 2976 nostri
1221 2939 1297 2975 aeui

268 3023 292 3043 ,‚
310 2991 412 3030 multi
440 2990 628 3030 dostiffimi
658 2995 722 3031 viri
737 3023 747 3041 ‚
784 2993 890 3031 huius
925 2996 1105 3031 minorum
1136 2994 1296 3042 gentium

267 3077 292 3101 ‚,
308 3047 569 3085 Grammatistae
589 3050 838 3086 commentaria
854 3047 908 3086 vel
930 3046 1132 3086 contraxisse
1151 3047 1204 3085 vel
1218 3046 1295 3085 sub·

269 3133 292 3155 „
310 3099 432 3149 legisse.
505 3101 641 3151 Virgilii
663 3132 674 3150 ,
704 3105 867 3150 Horatii,
901 3102 1071 3141 quenalis
1085 3132 1096 3150 ,
1135 3103 1296 3140 Martiani

269 3163 603 3209 „commentatores
633 3157 747 3195 laudat
773 3159 986 3196 nominatim
1013 3159 1050 3195 in
1070 3155 1295 3207 praefatione.

270 3244 293 3265 υ
310 3214 402 3248 Inter
416 3212 674 3249 Grammaticos
693 3214 1001 3264 Everium‚„quem
1019 3225 1087 3262 ego
1103 3211 1216 3250 nullus
1232 3225 1296 3250 no-

269 3298 292 3318 „
306 3268 341 3304 vi
358 3295 368 3313 ‚
398 3275 432 3302 et
445 3264 645 3303 Lucffatium
661 3268 837 3306 Placitum.
867 3267 1012 3305 Aduersi
1026 3280 1058 3316 3,
1073 3279 1102 3316 3.
1158 3270 1209 3306 Ex
1224 3280 1296 3305 me-

269 3352 293 3374 „
310 3319 456 3360 lioribus
473 3319 653 3371 Glossariis·
668 3332 767 3360 notat
783 3325 900 3374 Papias
917 3321 1096 3361 Accubare
1121 3331 1201 3361 toto
1217 3335 1296 3360 cor-

271 3407 293 3427 „
308 3389 395 3426 pore
409 3405 421 3423 ,
447 3375 674 3415 Accumbere
689 3377 833 3417 Cubito.
888 3378 982 3416 Idem
998 3390 1050 3428 35,
1065 3392 1105 3415 11.
1161 3377 1295 3416 Glossa-

271 3460 294 3481 ‚‚
309 3432 442 3468 riorum
459 3440 618 3468 veterum
635 3432 826 3482 exscriptor
840 3443 875 3471 et
887 3431 1009 3472 auster
1023 3432 1169 3482 diligens
1185 3442 1220 3471 et
1233 3445 1294 3471 co-

271 3515 294 3535 „
311 3485 426 3534 piosus
442 3487 558 3536 Papias
575 3487 738 3534 Magister
754 3500 806 3536 35,
824 3490 877 3527 16.
910 3508 912 3511 v
938 3491 1025 3527 sane
1041 3489 1074 3526 in
1091 3487 1153 3526 illo
1171 3490 1294 3526 Gram-

271 3570 293 3588 „
310 3541 438 3576 matieo
453 3542 587 3590 optima
597 3554 754 3593 quaeque
764 3555 835 3580 non
849 3538 1020 3594 incuriose
1036 3539 1196 3581 adnotata
1216 3543 1295 3581 sunt

271 3605 360 3647 „353
384 3605 436 3631 22.
496 3597 614 3646 Papias
640 3605 818 3634 enarrator
845 3596 916 3636 hoc
943 3611 1052 3649 genus
1078 3600 1294 3647 Scriptorum

270 3678 293 3699 ,‚
309 3649 431 3690 vnicus
459 3651 528 3696 36,
551 3663 598 3700 7„
651 3653 996 3691 Commentariorum
1030 3655 1066 3692 in
1088 3653 1228 3692 Boethii
1254 3652 1295 3691 li-

270 3733 293 3752 „
311 3700 413 3738 brum
437 3699 481 3738 de
505 3704 745 3744 consolatione
771 3706 1016 3758 philosophiae
1034 3721 1117 3746 >non
1151 3709 1294 3746 minima

269 3787 294 3806 „
312 3755 398 3793 olim
424 3753 492 3792 fuit
513 3758 721 3806 ειυέὶοτίως,
756 3774 846 3812 quos
874 3762 1028 3801 secutum
1044 3763 1086 3803 vse
1106 3773 1142 3801 et
1169 3763 1294 3801 exscri-

267 3842 290 3860 „
306 3809 398 3860 plissc
423 3821 594 3850 memorat
609 3816 726 3864 Papias
743 3815 953 3865 praefatione
974 3818 1024 3857 sui
1040 3817 1294 3857 Glossariorum

264 3895 287 3914 „
307 3865 423 3904 acerui
431 3866 480 3911 56
490 3894 502 3912 ,
516 3878 568 3904 10.
625 3871 782 3919 scriptor
795 3870 990 3911 vtiliffimus
1004 3874 1047 3911 ad
1062 3873 1295 3914 Christianum

1383 246 1405 268 „
1420 217 1527 267 lapsae
1539 218 1712 259 latinitatis
1733 235 1860 260 aeuum
1887 236 1923 271 4,
1941 236 1998 272 19·¹
2044 222 2307 262 FaustiRomani
2324 223 2413 273 glos·
2442 235 2446 242 “

1382 303 1405 322 „
1421 274 1492 320 sae,
1523 276 1705 323 Scriptoris
1719 279 1808 316 adeo
1827 277 1930 328 probi
1948 288 1982 315 et
1999 278 2137 323 eruditi,
2154 288 2190 314 vt
2207 279 2342 317 nullum
2357 280 2414 317 ad-

1383 360 1406 378 „
1424 330 1494 366 huc
1510 330 1672 378 viderim,
1687 346 1794 384 quem
1813 333 1859 370 illi
1885 332 2056 383 praeferre
2074 331 2179 369 velim
2198 362 2209 379 ‚
2239 338 2312 372 eius
2335 337 2412 386 qui-

1384 415 1406 433 „
1420 385 1501 422 dem
1516 387 1663 433 generis.
1723 391 1813 425 Eum
1830 389 2032 437 scriptorem
2050 387 2122 425 fere
2139 396 2256 425 totum
2272 419 2283 436 ,
2316 400 2412 428 certe

1382 470 1405 488 ,‚
1421 442 1609 478 maximam
1620 448 1751 488 partem
1759 443 1932 494 exscripsit
1944 446 2123 481 minorum
2134 444 2412 493 gentiumRhap-

1381 525 1404 543 ,‚
1422 496 1525 532 sodus
1542 495 1702 543 Magister
1717 499 1831 546 Papias
1857 513 1904 536 η.
1922 499 1982 536 vlt.
2025 501 2142 548 Papias
2157 498 2264 536 multa
2280 501 2410 536 Latinis

1380 580 1403 598 „
1419 550 1572 600 patribus
1588 563 1658 587 non
1677 552 1830 591 innutilia
1856 554 2024 602 congessit
2038 566 2100 602 35,
2117 565 2152 602 4.
2209 556 2410 591 Romanum

1380 636 1402 655 „
1418 619 1556 643 morem
1579 608 1695 655 paucis
1717 619 1858 645 omnem
1888 618 2020 647 enarrat
2043 612 2158 658 Papias
2180 608 2345 657 Magister
2374 610 2410 645 in

1380 691 1402 708 ,‚
1422 659 1651 708 Dic'lionario,
1668 664 1727 712 qui
1744 661 1798 698 vel
1814 674 1857 699 ex
1873 664 1971 702 Persii
1986 664 2126 716 aliisque
2142 663 2336 702 Scholiastis
2353 663 2410 701 sua

1379 745 1401 765 „
1416 716 1613 765 exscripsit,
1650 717 1704 754 vel
1732 716 1779 753 illi
1805 729 1849 753 ex
1870 719 1942 766 ipsi)
1958 749 1968 768 ,
2006 719 2060 757 vel
2085 733 2129 757 ex
2156 718 2407 770 antiquioribus

1378 799 1399 818 ,‚
1414 770 1520 808 ambo
1543 784 1603 819 35,
1629 783 1675 819 15.
1749 775 1854 820 Sagax
1880 772 1935 810 ille
1959 785 1992 811 ct
2016 774 2206 811 laboriosus
2237 775 2408 823 Magister.

1376 856 1398 872 „
1415 824 1496 863 ibid.
1527 855 1549 872 „
1602 825 1741 874 Quibus
1764 826 1944 864 luculentis
1963 831 2163 868 testimoniis
2189 829 2294 876 adde,
2321 840 2408 880 quae

1377 880 1483 918 habet
1503 879 1713 918 'frithemius
1728 882 1772 919 de
1783 882 2011 931 Scriptoribus
2021 884 2252 922 Ecclesiasticis
2271 899 2281 928 3
2311 913 2332 931 ,‚
2348 886 2407 920 Pa-

1378 965 1401 983 „
1416 938 1488 985 pias
1521 940 1659 973 natione
1687 936 1908 974 Lombardus
1928 951 1934 974 :
1971 940 2023 974 vir
2049 939 2272 977 saecularibus
2302 937 2406 976 literis

1376 1020 1400 1038 „
1418 990 1684 1037 eruditissimus,
1712 993 1969 1029 Grammaticus
1987 992 2075 1030 olim
2091 995 2152 1031 suo
2166 1005 2323 1044 tempore
2340 993 2406 1030 cla-

1377 1075 1400 1094 „
1417 1045 1583 1092 riffimus,
1610 1048 1749 1083 Graeco
1764 1056 1798 1084 et
1814 1049 1940 1085 Latino
1954 1048 2112 1085 sermone
2130 1050 2171 1086 ad
2186 1049 2324 1098 plenum
2352 1051 2405 1085 in-

1377 1130 1400 1149 „
1418 1099 1563 1138 stmdlus
1580 1114 1587 1137 :
1628 1103 1663 1137 in
1678 1101 1805 1138 diuinis
1823 1115 1964 1153 quoquc
1982 1103 2154 1152 scripturis
2177 1117 2247 1141 non
2269 1104 2404 1142 medio-

1376 1184 1398 1203 „
1415 1158 1517 1192 criter
1533 1158 1737 1193 exercitatus
1757 1170 1764 1192 :
1799 1156 1932 1207 Scripsit
1948 1161 2090 1206 gemino
2105 1158 2190 1206 stylo
2214 1160 2250 1195 in
2263 1169 2405 1210 Vtraque

1375 1241 1398 1259 „
1413 1210 1582 1248 Eteratura
1600 1211 1767 1262 quaedam
1781 1215 1917 1261 egregia
1932 1213 2115 1263 opuscula,
2145 1227 2164 1250 e
2182 1211 2306 1265 quibus
2323 1226 2404 1263 pau-

1374 1296 1397 1315 „
1413 1279 1451 1304 ca
1469 1266 1511 1304 ad
1525 1268 1683 1304 notitiam
1699 1278 1812 1304 meam
1828 1278 2067 1317 peruenerunt.

1431 1366 1453 1386 ‚,
1471 1339 1525 1374 De
1547 1337 1671 1374 ordine
1694 1336 1834 1374 dicendi
2049 1337 2082 1375 li.
2106 1350 2131 1375 1.

1427 1421 1451 1441 ,‚
1469 1395 1523 1430 De
1539 1392 1673 1441 linguae
1688 1391 1809 1430 latinae
1825 1391 2003 1431 vocabulis
2057 1392 2093 1430 li.
2110 1405 2135 1430 1.
2164 1390 2261 1430 Olim
2283 1393 2319 1429 in
2334 1389 2406 1429 hoe.-

2173 1446 2264 1486 libro
2279 1447 2407 1486 inueni.

1423 1531 1446 1550 „
1461 1502 1690 1553 Epistolarum
1714 1502 1758 1541 ad
1781 1502 1938 1541 diuersos
2038 1503 2071 1541 li.
2099 1515 2123 1540 1.

1456 1596 1473 1619 P
1487 1596 1507 1620 A
1523 1596 1541 1619 P
1554 1597 1567 1620 1
1578 1595 1597 1619 A
1612 1596 1631 1620 E
1659 1580 1927 1620 Vocabularium
1949 1581 2018 1621 fine
2039 1583 2306 1620 Erudimentum
2319 1609 2330 1628 ,
2364 1588 2403 1618 vt

1368 1646 1534 1685 vocatur,
1569 1637 1838 1675 Elementarium
1860 1637 1990 1687 saepius
2019 1648 2089 1676 erat
2117 1637 2214 1688 prelo
2239 1635 2403 1674 commis:

1367 1692 1444 1729 sum
1460 1722 1471 1740 ,
1497 1691 1689 1730 Mediolani
1716 1692 1762 1730 sc.
1781 1693 1881 1742 1476.
1915 1705 1976 1742 per
1992 1694 2203 1731 Dominicum
2227 1689 2266 1730 de
2285 1692 2402 1745 Vqspo-

1367 1745 1447 1784 late.
1464 1749 1583 1785 Venet.
1604 1753 1700 1797 1485.
1728 1760 1790 1797 per
1805 1745 1911 1785 Andr.
1939 1745 1978 1784 de
1994 1749 2140 1786 Bonetis.
2201 1751 2402 1798 iterumque

1366 1799 1450 1838 ibid.
1468 1809 1567 1851 1487.
1586 1815 1679 1850 1491.
1703 1812 1738 1840 et
1754 1802 1865 1851 1496.
1919 1805 1970 1839 Ex
1986 1817 2058 1855 quo
2076 1813 2235 1852 tempore
2249 1804 2309 1839 vix
2324 1813 2399 1838 cre·

1366 1854 1415 1892 do
1430 1853 1527 1892 fuisse
1549 1855 1747 1904 impressum
1766 1885 1777 1903 ,
1811 1857 1866 1894 vel
1888 1859 1923 1894 in
1945 1857 2060 1895 lucem
2080 1856 2240 1908 prodiisse
2262 1868 2399 1894 nouam

1365 1909 1570 1954 editionem,
1587 1923 1692 1958 quam
1709 1910 1854 1948 molitus
1869 1910 1916 1948 est
1932 1910 2094 1949 iohannes
2111 1910 2236 1962 Lydius
2252 1940 2264 1959 ,
2288 1920 2326 1948 vt
2345 1910 2398 1948 di-

1364 1963 1492 2000 scimus
1513 1976 1558 2000 ex
1573 1962 1680 2010 Ifizaci
1697 1963 1842 2000 Pontum·
1865 1964 1972 2001 literis
1994 1967 2037 2002 ad
2054 1958 2165 2018 St'ep‘h.
2184 1964 2400 2015 Stephanium

1365 2032 1411 2055 ex
1432 2026 1515 2067 part.
1538 2031 1598 2054 x1.
1632 2018 1747 2054 Crenii
1769 2010 2010 2054 Aniinanuerfi
2078 2021 2195 2056 Edidit
2224 2031 2401 2068 praeterea

1365 2071 1460 2110 Elias
1475 2069 1651 2120 Putschius
1668 2073 1756 2109 inter
1773 2073 2029 2110 Grammaticos
2044 2082 2177 2110 veteres
2191 2072 2395 2122 explicatioss

1368 2141 1428 2166 nes
1442 2137 1606 2166 notarum
1619 2137 1775 2166 veterum
1789 2141 1833 2164 ex
1850 2140 1868 2178 ¹²,
1883 2140 1936 2171 ni>
1947 2141 1961 2164 1
1973 2142 1995 2166 A
2009 2141 2029 2165 E
2050 2126 2231 2179 Glossario.

1777 2206 1983 2260 Hugutio.

1455 2278 1512 2315 De
1541 2289 1846 2315 HVGVTIONE
1878 2274 1946 2316 siue
1974 2289 2237 2314 vovi-tout:
2264 2306 2275 2323 ‚
2313 2288 2397 2314 nam

1365 2342 1516 2384 vtroque
1540 2333 1651 2370 modo
1667 2331 1842 2379 scribitur,
1875 2344 1981 2382 quem
2004 2332 2123 2370 itidem
2141 2331 2314 2381 exscripsit·
2331 2333 2396 2368 Ca-

1365 2387 1529 2429 thoman,
1546 2400 1653 2437 pauca
1677 2387 1869 2425 admodum
1885 2387 2068 2437 suppetunt
2091 2387 2243 2425 dicenda.
2316 2388 2395 2424 Fuit

1365 2442 1422 2482 ille
1445 2445 1583 2481 natione
1606 2438 1742 2479 Pisanus
1754 2449 1772 2488 ',
1808 2441 1997 2491 Episcopus
2027 2452 2143 2480 autem
2168 2440 2391 2480 Ferrariensis.
2435 2472 2437 2476 ,

1369 2513 1387 2536 1·
1400 2513 1421 2536 A
1434 2503 1479 2535 P'1
1491 2512 1512 2535 A
1525 2512 1552 2535 M
1568 2498 1745 2546 excepitet
1754 2495 1904 2534 similiter
1919 2496 2099 2551 exscripsit.
2155 2499 2236 2535 Eius
2253 2495 2393 2534 obitum

1363 2556 1454 2591 circa
1477 2553 1521 2590 A.
1554 2552 1582 2590 ’111
1595 2563 1684 2590 0οΧ
1699 2565 1712 2588 1
1727 2565 1753 2588 1.
1809 2551 1922 2589 statuit
1947 2542 2075 2606 Vghell.
2105 2551 2174 2590 Ital.
2204 2555 2276 2589 Sac.
2299 2553 2346 2588 T.
2371 2562 2393 2589 2

1362 2620 1395 2658 p.
1413 2608 1497 2656 576.
1525 2609 1586 2659 qui
1615 2606 1700 2658 haec
1729 2606 1773 2644 de
1793 2605 1938 2644 homine
1972 2606 2108 2656 scripsit.
2170 2608 2285 2655 „Vgo
2320 2603 2392 2643 fiue

1362 2660 1560 2713 &Vguccio
1578 2659 1694 2700 floruit
1708 2662 1816 2699 'Anno
1836 2662 1924 2710 1196.
1954 2661 1996 2699 *in
2017 2663 2254 2700 monumentis
2275 2670 2392 2699 autem

1363 2744 1386 2763 ‚‚
1401 2716 1923 2766 AbbatiaeNonantulanaeVgo
1937 2715 2139 2767 appellatur,
2165 2717 2274 2754 Anno
2296 2725 2390 2765 1197.
2448 2755 2451 2758 ,

1362 2801 1385 2820 ,,
1400 2773 1507 2810 Anno
1528 2785 1611 2810 vero
1632 2784 1727 2822 ¹199-
1763 2771 1818 2809 die
1842 2771 1964 2810 octaua
1988 2770 2109 2809 mensis
2124 2769 2333 2821 Septembris
2354 2773 2390 2808 in

1362 2856 1385 2876 „
1402 2825 1559 2865 fauorem
1577 2826 1811 2867 Nonantulani
1833 2826 1979 2865 Abbatis
2008 2836 2127 2865 contra
2154 2824 2388 2863 Mutinensem
2441 2872 2447 2881 .

1361 2912 1384 2931 „
1399 2882 1613 2933 Episcopum
1630 2884 1706 2921 tulit
1732 2881 1943 2919 sententiam.
2003 2884 2087 2920 Fato
2109 2881 2275 2920 conceffit
2298 2883 2388 2918 circa

1360 2936 1384 2985 ,ζ
1400 2949 1528 2975 annum
1545 2950 1627 2976 1212.
1656 2967 1678 2986 „
1731 2936 1870 2986 Qubus
1886 2937 2040 2975 addenda
2063 2937 2157 2985 sunt,
2173 2949 2261 2989 quae
2283 2934 2386 2973 habet

1359 2991 1494 3031 Chron.
1519 2991 1747 3031 Nonantulan.
1771 2994 1844 3028 MS.
1906 3020 1929 3040 ‚,
1953 2995 2015 3030 Per
2032 2992 2116 3030 hacc
2132 3003 2295 3041 tempora
2316 2987 2401 3047 (fij¹

1361 3077 1383 3097 „
1397 3061 1424 3085 c.
1445 3052 1485 3085 Α.
1515 3046 1623 3096 1192.)
1652 3049 1759 3097 Agno
1775 3048 1904 3096 Vgutio
1920 3049 2060 3085 natione
2075 3047 2230 3095 Pisanus,
2247 3044 2398 3099 Episco->

1360 3132 1383 3151 „
1397 3115 1461 3152 pus
1476 3101 1688 3140 Ferrarienfis
1701 3132 1712 3148 ‚
1740 3102 1912 3154 qui'datus
1927 3115 1944 3140 a
1960 3103 2038 3140 sede
2052 3099 2253 3152 Apostolica
2267 3099 2383 3141 C'oad-
2450 3110 2455 3119 ¹

1359 3187 1382 3206 ,‚
1396 3152 1490 3195 iutor
1512 3156 1640 3195 Abbati
1662 3157 1860 3194 Monasterii
1882 3157 2113 3196 Nonantulani
2139 3157 2302 3208 prodigo-⁴
2317 3155 2383 3192 ho—

1359 3242 1382 3261 „
1398 3214 1552 3256 mini„ex
1568 3211 1798 3262 libroPapiae,
1814 3215 1874 3264 qui
1891 3212 1958 3250 illie
1974 3213 2033 3260 est,
2048 3212 2173 3251 librum
2186 3211 2382 3248 Deriuatio-

1361 3295 1384 3314 ‚,
1402 3281 1484 3305 num
1502 3267 1708 3317 composuit.
1740 3279 1762 3316 „
1825 3271 1865 3304 Et
1882 3269 2120 3318 accommode
2134 3264 2380 3317 nomerqsuum
2396 3276 2412 3318 J

1359 3333 1394 3361 et
1410 3321 1552 3372 patriam
1568 3322 1683 3372 prodit
1699 3322 1738 3360 in
1752 3321 1964 3372 praefatione
1977 3323 2019 3371 ad
2033 3319 2253 3369 Glossarium,
2281 3319 2380 3372 quod
2398 3323 2401 3331 ¹

1358 3378 1528 3425 nondum,
1538 3388 1574 3415 vt
1584 3378 1696 3425 sciam,
1705 3379 1793 3427 typis
1803 3376 2119 3429 euulgatumhodie
2133 3374 2389 3413 delitescitMS.¹

1356 3435 1394 3471 in
1418 3432 1590 3471 nonnullis
1605 3431 1837 3473 Bibliothecis.
1882 3481 1887 3484 Ι
1902 3434 1990 3482 „Si
2005 3432 2082 3484 quis
2102 3440 2249 3482 quaerat,
2265 3430 2381 3479 operis

1358 3487 1500 3538 „huius
1526 3490 1602 3540 quis
1629 3486 1726 3526 adsor
1766 3488 1822 3536 (fi
1842 3483 1982 3548 qqgffor)
2024 3481 2129 3523 fuerit
2145 3515 2156 3533 ,
2192 3485 2379 3523 dicendun‘l

1357 3573 1381 3592 „
1397 3543 1464 3591 est,
1491 3545 1595 3580 Deus.
1648 3545 1682 3581 Si
1698 3540 1960 3634 quaer53..quod
1976 3540 2202 3590 operishuius
2210 3539 2312 3578 fuerit
2326 3541 2378 3575 in-

1357 3628 1381 3647 „
1395 3598 1621 3636 strumentum
1636 3628 1647 3646 ,
1681 3598 1802 3648 respon
1827 3595 1956 3633 endum
1979 3595 2027 3644 est
2040 3623 2051 3641 ,
2068 3638 2069 3641 Ἴ
2086 3594 2180 3646 quod
2203 3596 2306 3644 patria
2324 3594 2376 3630 Pi-

1358 3683 1382 3703 ,‚
1399 3653 1495 3691 sanus
1517 3656 1661 3691 nomine
1681 3647 1846 3701 Hug‘l‘ltiO.
1873 3678 1896 3698 „
1950 3647 2201 3695 Vocabulistam
2224 3648 2379 3686 nostrum

1358 3707 1538 3760 aliquoties
1554 3699 1850 3753 laudatss‘decatius
1863 3707 1900 3742 in
1913 3702 2002 3742 libro
2017 3703 2060 3741 de
2075 3702 2271 3752 genealogia
2279 3704 2376 3740 Deo·
2438 3700 2439 3706 ’

1358 3777 1448 3802 rum.
1502 3765 1561 3800 An
1578 3755 1724 3808 idem'ffl:
1737 3757 1795 3798 ille
1813 3757 1838 3796 11
1851 3772 1876 3795 v
1889 3772 1912 3795 G
1923 3772 1948 3796 v
1963 3771 1986 3795 ‘r
2004 3770 2063 3810 10,
2078 3759 2137 3810 qui
2157 3756 2282 3796 librum
2297 3758 2375 3794 scri-

1358 3817 1420 3868 psit
1437 3818 1480 3855 de
1490 3815 1722 3862 Animalibus,
1748 3825 1853 3865 quem
1869 3813 1983 3850 laudat
1999 3811 2375 3862 cumAlbertoMagno
2428 3838 2450 3843 ψ

1357 3872 1528 3912 steuchus
1552 3875 1679 3922 cap-¹11.
1706 3869 1985 3908 Annotationum
2004 3869 2041 3906 in
2053 3869 2251 3906 Leuiticum
2263 3893 2277 3913 ,
2293 3877 2389 3928 non,

2324 3929 2380 3957 ita
