2474 4182
291 205 354 243 139
692 188 732 226 A
789 182 827 220 D
893 179 930 219 v
1800 177 1840 217 A
1895 176 1929 216 E
1984 177 2022 216 A·
2357 149 2444 231 140„

294 282 380 316 Atque
394 280 435 307 his
449 280 581 307 causarum
600 273 733 303 aeioribus
751 269 926 297 honorarium
946 270 990 296 seu
1002 278 1101 297 merces
1114 270 1158 296 sua
1176 267 1335 295 soluebatur.
1424 273 1445 292 A
1455 272 1473 292 n
1483 272 1580 293 VORs
1589 273 1606 293 E
1619 274 1643 293 Μ
1651 287 1659 300 ,
1680 267 1713 294 al.
1738 274 1759 294 A
1769 273 1788 294 D
1798 274 1817 293 v
1827 274 1846 294 o
1855 274 1868 293 s
1878 273 1894 293 Ε
1905 274 1945 298 Μ,
1973 265 2175 300 Aduersarium,
2197 268 2305 294 hostem.
2332 266 2426 298 Festus.

299 318 357 344 VM,
372 318 501 342 ‘son-ent,
517 315 548 341 ad
564 315 666 340 Sueton.
696 309 760 334 Ner.
777 315 812 340 ¹7·
843 306 910 333 Ter.
926 307 990 332 Eun.
1006 315 1034 339 4,
1047 308 1074 337 6,
1087 313 1115 338 25
1146 304 1216 331 Volo
1229 312 1278 338 ego
1292 303 1335 328 ad·
1388 302 1486 328 Laudat
1499 301 1540 327 hic
1554 302 1671 338 Scaliger.
1692 304 1751 329 Vct.
1765 303 1845 329 Gloff.
1869 302 1989 328 Aduores
2004 303 2116 334 ‘'rozi-rios,
2140 303 2295 334 imssaznbwr.
2440 310 2442 312 ·

293 354 341 379 effe
356 352 398 378 hic
411 352 550 378 aduocatos
563 346 638 373 nobis
652 345 679 369 in
693 342 769 369 turba
784 342 840 368 hac.
879 342 934 368 Cic.
948 351 997 376 pro
1012 343 1037 368 P.
1053 341 1122 373 Sylla
1135 346 1159 370 81
1173 349 1194 365 c.
1207 348 1238 372 ²9
1265 340 1335 365 Con·
1425 345 1446 365 A
1456 344 1474 364 D
1483 344 1503 363 v
1512 343 1530 362 O
1540 343 1559 362 R
1569 344 1581 362 S
1590 344 1610 363 v
1619 345 1643 364 M
1652 358 1660 370 ,
1681 346 1730 374 pro
1746 338 1892 364 Aduersum
1902 359 1909 370 ,
1929 345 1953 364 ct
2420 356 2421 359 ,

291 388 329 415 sul
352 388 383 413 de
402 387 518 421 pecuniis
544 380 693 415 repetundis
714 378 844 405 Catilinae
870 377 923 404 fuit
944 377 1094 415 aduocatus.
1132 410 1139 414 .
1277 372 1296 410 ἢ
1318 382 1334 399 2
1423 377 1636 411 ADVOssTO,
1650 381 1698 409 pro
1711 374 1845 400 Aducrto:
1871 376 1970 400 Veteres
1978 370 2117 408 scripfiffe,
2136 370 2270 404 tistimonio
2278 372 2438 409 flammami-

291 425 423 459 Speci'ati'iri
438 429 494 448 erro
509 418 670 447 Aduocatus,
691 422 741 450 pro
754 416 879 444 Patrono,
901 413 946 450 seu
967 412 1099 446 Causidico,
1111 412 1166 445 Jtue
1175 416 1224 445 pro
1238 410 1279 440 Ea,
1294 411 1337 444 qui
1355 409 1369 435 5
1387 418 1416 436 ac
1431 409 1558 435 Terentii
1570 407 1630 433 libri
1642 412 1728 444 quique
1746 412 1848 445 optimi,
1862 417 1913 435 tum
1926 408 2041 444 impreffl,
2052 415 2105 434 tum
2118 408 2193 434 MSS.
2440 417 2442 419 ·

292 459 388 494 causum
403 460 470 492 agn,
484 462 544 488 pom
556 472 564 483 ‚
587 458 702 491 argentea
712 450 859 486 praeferam
873 456 967 479 aetate,
998 450 1052 474 olet.
1108 444 1335 473 contradixerunt
1426 452 1502 471 ADv
1514 451 1531 470 R
1541 449 1561 469 G
1571 449 1587 468 E
1597 449 1616 468 O
1625 462 1634 474 ,
1650 443 1683 475 fi,
1705 448 1757 471 ere.
1783 446 1796 480 [
1805 445 1908 479 ἔπείγω]
1933 440 2054 476 διιύίὶἱιίε,
2075 450 2118 470 aut
2133 443 2217 479 ver-fiis
2235 444 2311 470 locum
2329 445 2428 480 aliquem

293 493 512 520 Vincentinoruin
528 488 625 521 legati,
651 486 737 513 adfuit
750 485 887 512 Tuscilius
903 485 1079 513 Nominatus;
1100 481 1181 508 dilata
1197 480 1276 519 causa
1284 479 1333 506 est:
1387 490 1484 517 urgere.
1524 478 1612 505 Celsus
1627 485 1652 512 7,
1666 486 1693 505 12
1719 481 1742 506 Is
1761 481 1809 515 qni
1826 487 1901 507 natus
1916 481 1951 507 est
1965 481 1993 506 in
2007 481 2095 506 locum
2115 479 2230 513 prioris,
2251 478 2370 513 quotidie
2389 474 2429 508 dn*
2456 491 2457 494 =

292 530 346 555 alio
363 523 609 552 senaiiiVincentini
623 523 674 549 fine
682 522 810 548 aduocato
824 522 990 547 intrauerunt
1010 518 1206 552 Plin.Ep.5,i4.
1224 515 1333 549 Qun&
1388 517 1446 551 gito
1458 513 1622 549 adurgendus
1637 513 1681 540 est.
1736 517 1773 542 De
1788 516 1910 543 dentibus.
1946 517 2013 543 Hor.
2031 515 2082 542 od.
2097 524 2119 548 1,
2133 523 2175 549 57,
2186 522 2213 549 ι7
2436 518 2439 521 ’

293 573 330 591 12,
348 572 366 592 1,
384 570 406 592 15
443 560 605 594 Frequenter
617 565 703 584 autem
718 558 821 588 accidit,
847 563 875 582 vt
889 557 921 581 iis
936 555 1016 581 etiam
1031 561 1095 579 vera
1107 551 1256 589 dicentibus
1270 550 1333 577 fides
1544 550 1638 577 Caesar
1652 549 1683 575 ab
1697 550 1771 577 Italia
1784 552 1917 578 volantem
1927 572 1934 585 ,

293 598 365 625 dciii:
386 594 559 629 videaturque
573 594 630 621 talis
645 594 800 625 aduocatns,
819 592 902 618 iiialac
916 591 1004 617 causae
1016 594 1208 623 argumentum.
1259 587 1290 613 Et
1307 596 1333 613 n.
1347 591 1375 610 ιο
1544 585 1633 612 Remis
1646 585 1788 620 adurgens,
1805 588 1930 624 accipiter
1949 587 2022 614 velut

290 641 321 663 25
358 632 422 657 Non
436 631 507 657 enim
519 631 651 657 forensem
672 630 801 664 quandam
823 627 983 653 instituimus
996 633 1119 658 operam,
1143 632 1189 650 nee
1203 631 1334 649 mercena·
1545 621 1652 649 Molleis
1666 621 1807 649 columbas.
1911 625 1950 650 De
1962 620 2074 660 Augusto
2086 628 2110 648 et
2122 624 2182 648 naui
2190 621 2344 657 Cleopatrae.

290 668 357 694 riam
377 676 486 699 vocem,
501 676 549 693 riec
571 671 616 697 (vt
631 665 808 700 asperioribus
829 662 917 688 vei-bis
945 663 1096 696 parcamus)
1130 668 1185 686 non
1210 658 1334 685 inutilem
1424 658 1577 690 ADffRo,
1597 657 1638 689 ssi,
1660 657 1742 690 stum,
1759 659 1811 684 ere.
1835 658 1976 694 [ἐπικαίω]
2017 657 2124 685 Vrendo
2142 657 2249 688 laedere,
2275 656 2374 693 auferre
2387 663 2428 686 etc.

290 704 349 729 sane
370 702 460 729 litium
479 702 635 729 aduocatum
651 723 658 733 ‚
696 710 775 735 quein
797 699 910 732 denique
941 696 1100 723 cauiidicum
1121 695 1203 730 vulgo
1228 701 1333 720 vocant.
1389 692 1445 720 Cic.
1464 694 1549 720 Tusc.
1565 701 1593 726 5,
1615 701 1650 727 77
1664 702 1685 719 c.
1700 700 1734 727 27
1775 693 1803 719 de
1818 694 2115 731 IndorumJapz'entibus,
2136 694 2204 719 Ouin
2217 693 2249 719 ad
2262 694 2392 719 flammam
2403 687 2451 722 sei.

290 738 356 766 Add.
371 748 396 771 4.
412 747 431 770 i,
445 746 469 773 7.
525 738 672 764 Adiiocatus
688 737 741 762 asto
755 734 879 769 cuipiam.
946 732 1003 758 Vici.
1023 740 1045 758 A
1055 740 1067 759 s
1077 738 1136 759 To.
1191 731 1240 756 Per
1253 729 1334 756 aduo-
1388 729 1596 763 applicauerint,
1613 729 1666 754 tine
1679 729 1778 763 gemitu
1790 728 1945 756 aduruntur.
2020 729 2090 756 Idem
2106 729 2158 756 Off.
2173 737 2187 755 2
2197 749 2205 761 ‚
2226 737 2255 760 23
2276 738 2298 754 c.
2311 736 2328 762 7
2360 721 2430 763 Qiid'
2447 722 2457 753 ‘J

291 781 376 801 catum
393 774 507 800 defendi.
551 774 606 800 Fid.
629 780 671 799 DE
683 778 819 798 i'isNDO.
857 769 911 795 Cic.
927 768 978 795 Off.
994 777 1014 799 ι,
1030 777 1058 800 32
1080 769 1115 793 Vt
1129 767 1146 793 fi
1167 766 1334 793 constitueris
1352 767 1375 791 ¹3
1389 765 1461 790 enim
1480 765 1612 790 censemus
1639 765 1803 799 superiorem
1822 764 1899 792 illum
1921 766 2093 798 Dionyiium,
2121 773 2174 799 quo
2195 765 2312 790 cruciatu
2328 765 2428 793 timoth
2446 769 2452 782 ι’

289 810 441 844 tecuipiam
457 810 612 836 aduocatum
626 808 653 833 iii
672 816 726 833 rein
747 807 908 841 praesentem
931 805 978 830 effe
994 809 1146 830 venturum.
1184 801 1333 832 Ridicule,
1388 800 1451 834 angi
1473 800 1598 832 solitum,
1620 801 1667 835 qui
1689 800 1786 827 cultros
1809 805 1928 832 metuens
1947 802 2094 831 tonsorios,
2116 800 2242 826 candente
2259 799 2371 826 carbone
2383 795 2426 827 [Γ
2446 810 2454 834 ι

288 845 465 873 aduorsumiie
496 845 571 870 illum
595 844 696 869 causam
718 842 849 874 dicerem,
887 840 930 866 cui
951 847 1075 866 veneram
1099 838 1241 865 aduocatus
1263 837 1332 863 Ter.
1387 834 1515 861 adurebat
1527 835 1674 869 capillum?
1711 839 1751 862 Ac
1763 836 1790 861 dc
1804 835 1884 861 eadem
1897 846 1924 863 re
1936 837 2019 863 Tusc.
2035 846 2062 870 5,
2080 842 2106 869 58
2128 836 2246 862 Instituit
2259 842 2287 862 vt
2302 835 2398 863 cauden
2419 832 2431 848 '¹

290 882 400 916 Adelph.
416 891 443 914 4,
458 888 479 913 5,
494 888 538 914 47.
573 880 641 905 Veni
655 878 722 905 milii
738 877 879 904 aduocatus
889 878 964 902 Varr.
978 876 1008 901 R.
1024 876 1054 901 R.
1069 884 1094 906 2,
1116 882 1138 907 5,
1152 883 1170 900 ι.
1207 875 1335 899 inuocare
1388 870 1437 897 bus
1450 871 1614 905 iuglandium
1629 872 1810 906 putaminibus
1822 871 1933 898 barbam
1947 872 1996 899 fibi
2009 879 2034 899 et
2049 872 2173 907 capillum
2184 871 2333 898 adurerent.
2447 864 2452 891 ἶ

287 918 445 946 aduocatum
460 915 490 942 ad
503 916 605 941 causam
618 914 810 941 defendendam
830 914 885 940 Cic.
899 912 930 938 de
945 912 1018 938 Orat.
1031 920 1057 943 2,
1073 912 1126 941 196.
1168 909 1334 936 Aduocatuin
1388 912 1464 933 moto
1477 907 1640 933 ferramento
1653 908 1764 935 adurere
1787 907 1854 934 Gell.
1869 913 1899 939 S,
1914 916 1938 933 2.
1988 908 2056 935 Add.
2069 908 2108 935 Id.
2123 916 2152 941 5,
2174 913 2195 937 8,
2269 902 2432 951 Qiacunqtg,
2447 900 2451 919 1

287 954 390 981 Plautus
404 960 452 987 pro
476 949 546 984 Teste
566 958 652 987 rogato
670 954 763 985 accipit
783 950 811 976 in
831 950 907 975 Poen.
925 957 946 979 3,
959 950 985 979 6,
999 955 1018 973 ιι
1048 945 1156 972 ratitum
1172 953 1186 971 a
1201 944 1278 971 vobis
1290 953 1333 970 co·
1345 948 1378 966 20
1389 942 1459 974 ibat,
1480 949 1578 969 terram
1593 942 1718 970 adurebat
1731 944 1916 979 plebeiaffluto,
1931 943 2078 979 seueritatis
2091 947 2117 969 in
2131 941 2279 976 maffistratu
2294 943 2386 979 dest-‘rip
2430 937 2436 965 Ῑ
2451 959 2455 968 i

288 990 383 1020 miter,
405 988 501 1014 bonam
515 986 621 1013 dedistis
635 986 764 1012 Aduocati
779 993 886 1020 operam
899 983 977 1015 mihi,
998 988 1046 1008 etc.
1109 980 1189 1008 Verba
1197 981 1334 1017 suritAgo-
1389 980 1492 1005 Petron.
1508 988 1528 1004 c.
1543 987 1581 1012 44
1602 979 1726 1006 Flammis
1739 980 1818 1007 aduri
1831 978 1966 1006 Colchicis
1988 980 2054 1006 Hor.
2075 979 2156 1014 Epod.
2171 967 2207 1012 b5,
2230 987 2265 1012 24
2286 982 2304 1004 i.
2321 982 2387 1022 mag*

286 1023 399 1058 rastoclis
412 1023 446 1049 ad
458 1020 543 1055 testes,
568 1031 627 1058 quos
640 1022 802 1048 aduocatam-at
816 1023 842 1046 i'n
850 1022 941 1054 Lycum
953 1020 1075 1049 lenonem,
1095 1026 1155 1053 quos
1162 1019 1247 1052 primo
1261 1016 1334 1042 huius
1388 1013 1612 1042 Medicamentum
1626 1022 1756 1049 coquatur
1775 1030 1820 1035 ——
1840 1021 2033 1049 mouenturque
2055 1015 2106 1041 fine
2126 1016 2236 1050 requie,
2259 1011 2292 1040 ne
2311 1014 2390 1042 adura
2433 1017 2435 1021 ’
2450 1025 2457 1043 ι

280 1061 368 1098 scenae
382 1059 452 1095 vcrfic
467 1058 557 1093 diserte
568 1058 643 1084 testes
658 1064 738 1084 vocat.
794 1056 840 1084 Sed
852 1062 875 1081 et
888 1058 913 1081 in
921 1055 1050 1091 stipo-iore
1058 1053 1134 1089 scena
1147 1062 1173 1078 v.
1187 1061 1221 1079 20
1252 1054 1334 1086 Lycus
1389 1050 1509 1077 Scribon.
1543 1058 1603 1076 220.
1660 1051 1735 1086 Virg.
1760 1052 1857 1086 Georg.
1878 1060 1904 1083 1,
1927 1060 1956 1083 93
1993 1065 2037 1070 -—
2074 1051 2196 1085 rapidiue
2224 1050 2342 1085 potentia
2371 1050 2386 1076 s
2450 1064 2455 1079 ι

286 1093 469 1133 Agorastoclem
476 1094 515 1128 fic
535 1094 677 1129 alloquitur.
715 1100 731 1119 ι,
742 1099 792 1119 YC.
847 1091 933 1117 Malus
946 1099 972 1116 es
983 1110 990 1122 ,
1014 1095 1144 1123 captatum
1164 1097 1207 1114 me
1224 1088 1334 1115 aduenis
1389 1086 1500 1118 Acrior,
1522 1092 1566 1112 aut
1579 1086 1678 1112 Boreae
1691 1087 1853 1121 penetrabile
1866 1087 1951 1121 frigus
1964 1085 2063 1112 adurat.
2105 1087 2152 1112 Vbi
2165 1087 2286 1118 Seruius,
2307 1086 2407 1119 Vno‚‘=''
2433 1087 2436 1091 ’
2451 1098 2456 1114 ι

287 1141 347 1158 cum
362 1130 484 1157 testibus:
521 1130 649 1156 Tuorum
663 1128 731 1163 apud
744 1137 786 1155 nie
801 1136 897 1159 nemo,
919 1136 967 1153 nec
981 1126 1124 1161 quicquam
1138 1125 1187 1152 tui.
1208 1130 1332 1151 AGORA.
1347 1123 1378 1150 25
1389 1123 1463 1157 quit,
1484 1122 1605 1148 sermone
1625 1121 1679 1148 duo
1702 1122 1806 1149 diuersa
1829 1122 1957 1149 conclusit
1972 1133 1977 1147 :
2014 1130 2080 1157 quae
2103 1128 2190 1149 tamen
2208 1131 2291 1159 vnum
2313 1121 2360 1148 effe
2398 1118 2403 1129 '⁹
2429 1127 2431 1131 ⁴
2448 1131 2456 1152 ,ι

286 1169 450 1195 Mementote
469 1165 534 1192 illuc
555 1165 684 1191 aduocati.
729 1171 778 1191 AD
789 1170 872 1190 VOC.
928 1161 1110 1189 Meminimus.
1153 1160 1209 1187 Cic.
1231 1159 1297 1186 Phil.
1313 1168 1333 1191 ι,
1388 1157 1493 1184 habent.
1532 1157 1603 1184 Nam
1617 1163 1642 1183 et
1655 1158 1766 1193 frigoris
1778 1158 1855 1191 finis,
1876 1158 1913 1184 est
1928 1158 2022 1184 caloris
2035 1157 2146 1184 initium
2160 1169 2166 1183 :
2187 1163 2212 1184 et
2224 1154 2340 1184 suminus
2352 1157 2401 1186 eal*
2431 1158 2434 1163 ’
2448 1160 2456 1191 ὲ

287 1206 324 1235 16,
340 1212 362 1229 c.
376 1210 393 1237 7
431 1201 534 1229 Vellem
548 1200 641 1227 adesset
655 1200 786 1227 Antonius
795 1220 803 1232 ,
823 1199 906 1226 modo
920 1198 973 1224 fine
985 1197 1132 1224 aduocatis:
1150 1195 1253 1222 mordax
1266 1198 1334 1221 iocus
1387 1193 1499 1228 frigoris
1513 1193 1549 1219 est
1563 1194 1744 1228 principium„
1778 1193 1853 1220 Vnde
1867 1194 1938 1229 quast
1953 1203 2019 1220 viius
2034 1193 2141 1220 efl'eCuis
2154 1193 2189 1219 est
2203 1200 2229 1220 et
2243 1193 2338 1220 caloris
2349 1199 2374 1220 et
2450 1201 2456 1224 ι

285 1242 312 1265 in
326 1240 435 1270 milites,
460 1247 520 1273 quos
538 1237 577 1262 ille
596 1239 622 1262 in
637 1236 695 1263 cella
716 1237 810 1272 templi,
829 1235 872 1261 ubi
886 1235 989 1262 Senatus
999 1233 1145 1265 habebatur,
1163 1231 1331 1258 collocauerat.
1387 1230 1469 1264 goris.
1523 1229 1589 1255 Hor.
1605 1229 1657 1256 Od.
1674 1239 1682 1255 1
1693 1250 1700 1262 ,
1720 1238 1770 1264 27,
1797 1238 1822 1263 15
1855 1231 2037 1265 Qiaecunque
2050 1236 2075 1255 te
2089 1229 2180 1256 domat
2190 1226 2293 1261 Venus,
2310 1219 2435 1300 nonss³
2450 1240 2455 1260 ι
2472 1256 2474 1261 .

285 1274 383 1301 Oculos
397 1274 537 1300 aduocatos
550 1271 686 1302 adhibere,
710 1271 763 1298 vid.
783 1278 801 1297 Ο
812 1278 827 1298 c
837 1278 856 1297 V
866 1278 882 1297 1.
893 1278 943 1297 vs.
1387 1264 1522 1292 bescendis
1542 1264 1630 1291 adurit
1648 1265 1764 1300 ignibus.
1838 1266 2015 1301 Ephemerum
2034 1271 2127 1300 potum
2148 1265 2236 1292 adurit
2255 1264 2371 1301 quali-pi
2446 1275 2453 1290 i

321 1317 343 1337 Α
357 1317 376 1337 D
386 1317 405 1336 v
415 1317 434 1336 o
444 1316 460 1336 C
469 1316 521 1336 AN
530 1316 576 1335 Dv
586 1316 607 1335 s.
646 1308 702 1335 Cic.
718 1316 767 1343 pro
781 1307 875 1341 Quint.
890 1313 927 1340 47
948 1306 1084 1337 Potentes,
1104 1302 1208 1335 diserti,
1227 1300 1331 1328 nobiles
1342 1303 1374 1326 ΞΟ
1387 1300 1547 1327 manducato
1560 1300 1681 1328 Scribon.
1697 1310 1747 1334 ¹93·
1801 1301 1867 1328 Plin.
1882 1307 1929 1334 28,
1953 1310 1977 1335 ις
2005 1302 2114 1328 Femina
2127 1301 2206 1328 atteri
2219 1300 2348 1335 adurique
2359 1301 2438 1339 eqiss-
2450 1317 2453 1326 .

284 1354 376 1373 omnes
390 1344 538 1372 aduocandi
556 1344 622 1370 sunt.
1384 1343 1456 1370 tatu,
1476 1344 1569 1363 norum
1582 1336 1626 1363 est.
2392 1348 2412 1366 ·.

321 1389 343 1408 A
351 1388 369 1408 D
379 1389 399 1407 v
408 1388 429 1408 ο
437 1388 453 1408 e
462 1388 483 1408 A
493 1388 517 1407 M
527 1387 543 1406 E
552 1387 574 1406 N
584 1387 605 1406 T
614 1387 635 1405 v
645 1386 686 1412 M,
716 1378 733 1404 i.
767 1377 908 1413 [συνηγορία
916 1397 924 1410 ,
954 1376 998 1403 vel
1028 1375 1059 1401 θε
1073 1375 1165 1409 anetae]
1203 1373 1333 1400 Laudatur
1423 1380 1445 1399 A
1454 1380 1473 1400 D
1484 1380 1504 1399 v
1515 1380 1533 1399 R
1545 1380 1560 1399 E
1571 1380 1592 1399 N
1602 1380 1614 1400 s
1622 1393 1631 1406 ,
1654 1373 1730 1399 entis.
1787 1372 1854 1400 Cels.
1869 1375 1895 1405 6,
1911 1377 1924 1403 8
1963 1373 2065 1399 Curare
2094 1378 2201 1408 oportet
2238 1362 2432 1406 medicamentis
2456 1375 2458 1378 '

285 1417 369 1444 Venia
383 1415 567 1443 adiiocamenti
582 1415 648 1442 Plin.
661 1414 739 1449 Epist.
756 1421 778 1447 5,
793 1419 816 1444 8.
853 1412 1018 1441 Scdmeliores
1030 1386 1092 1438 liberi
1111 1409 1274 1436 Aduocandi.
1383 1408 1565 1436 adurentibus.
2321 1431 2323 1434 ,
2363 1422 2368 1432 .
2385 1427 2391 1432 ,
2408 1422 2427 1437 :==

320 1461 343 1480 A
352 1460 370 1480 D
380 1461 400 1479 V
410 1460 429 1480 Ο
438 1460 454 1480 C
463 1460 484 1479 A
493 1460 514 1479 Τ
524 1458 561 1479 10
570 1471 578 1485 ‚
604 1451 672 1478 bnis.
698 1450 717 1476 f.
744 1449 899 1484 [ffvvwwfffi
920 1448 1113 1484 παρακέλευσις]
1135 1446 1261 1472 aduocati
1281 1442 1332 1479 offi-
1425 1452 1448 1471 A
1458 1452 1476 1471 D
1484 1452 1505 1471 V
1516 1452 1528 1471 S
1537 1451 1558 1471 T
1568 1452 1589 1471 V
1599 1452 1612 1471 S
1622 1465 1630 1476 ‚
1652 1453 1682 1477 a,
1704 1453 1757 1471 um.
1802 1444 1871 1470 Ter.
1887 1443 1935 1470 Ad.
1954 1452 1982 1476 3,
2008 1453 2020 1476 3
2028 1463 2037 1476 ,
2058 1444 2099 1478 '72¹
2107 1437 2180 1470 ‘Hoc
2200 1444 2293 1470 salsum
2313 1443 2363 1477 est,
2378 1439 2429 1477 {mg

284 1491 364 1522 cium,
382 1495 426 1515 aut
440 1490 610 1515 Patrocinium
622 1485 687 1522 quod
698 1484 768 1511 nobis
784 1484 894 1518 affertur
908 1484 938 1510 ab
952 1493 986 1510 eo.
1043 1482 1100 1509 Cic.
1115 1483 1186 1508 Fam.
1195 1489 1221 1515 7,
1236 1490 1264 1508 10
1284 1480 1333 1507 Sed
1348 1484 1376 1509 35
1389 1480 1509 1507 adustum
1524 1480 1577 1512 est,
1596 1480 1647 1507 hoc
1660 1480 1763 1507 lautum
1778 1480 1814 1506 est
1830 1489 1931 1514 parum.
1971 1480 2114 1513 Qiondam
2127 1479 2197 1506 mihi
2210 1489 2304 1515 corpus
2315 1479 2430 1510 adustum
2444 1494 2450 1507 ι
2470 1490 2474 1507 i

284 1530 314 1551 tu
334 1524 362 1550 in
374 1533 402 1550 re
421 1523 535 1551 militari
554 1522 640 1549 multo
655 1530 681 1547 es
701 1521 820 1552 cautior,
846 1528 925 1555 quam
939 1519 969 1546 in
983 1517 1212 1545 adnotationibus.
1268 1517 1335 1544 Plin.
1391 1517 1509 1551 Frigoris
1524 1516 1585 1551 igne
1600 1516 1669 1550 perit
1682 1516 1772 1543 Sidon.
1788 1517 1876 1542 Carm.
1890 1523 1919 1548 5,
1936 1520 1989 1548 528.
2025 1515 2094 1542 Add.
2117 1515 2184 1542 Cels.
2203 1521 2233 1548 8,
2252 1524 2277 1549 9.
2313 1511 2430 1555 Areaqujss
2444 1527 2451 1543 ι.
2472 1535 2474 1541 ,

286 1560 331 1595 Ep.
346 1569 372 1592 2,
387 1568 419 1592 ιι,
436 1568 465 1592 19
501 1558 582 1591 Qiod
603 1566 651 1592 ego
676 1563 702 1583 et
716 1556 829 1583 Tacitus
848 1555 968 1581 iniuneia
994 1554 1168 1581 aduocatione
1194 1552 1337 1587 diligenter
1390 1552 1490 1579 attritis
1510 1552 1581 1579 ridet
1599 1552 1687 1578 adusta
1709 1552 1770 1586 pilis
1796 1553 1900 1578 Petron.
1922 1561 1942 1577 c.
1963 1559 2009 1584 109
2038 1551 2069 1576 de
2081 1553 2198 1582 caluitie,
2228 1551 2282 1578 vid.
2302 1553 2446 1585 NIDEss,
2473 1549 2474 1552 ¹

286 1595 447 1629 fortiterque
463 1594 549 1621 funeti
562 1594 683 1620 essemus:
714 1591 839 1618 arbitrari
855 1591 977 1617 Senatum
987 1611 994 1622 ,
1015 1591 1052 1616 ita
1066 1599 1113 1616 nos
1126 1589 1229 1621 fecisse,
1249 1594 1278 1615 vt
1297 1588 1335 1614 di·
1389 1589 1464 1615 Pania
1477 1587 1581 1614 adustus
1594 1584 1661 1614 Hor.
1675 1588 1725 1614 Sat.
1739 1597 1766 1620 2,
1781 1593 1804 1620 8,
1818 1589 1858 1617 68.
1895 1586 1963 1614 Add.
1983 1596 2009 1613 v.
2024 1595 2068 1619 90.
2105 1587 2200 1614 Sanare
2218 1587 2307 1614 adusta
2325 1584 2416 1614 niuib²
2442 1598 2451 1615 ο

285 1640 367 1666 gnum
381 1630 509 1657 mandatis
524 1629 641 1664 partibus
653 1628 743 1654 suerit.
775 1627 799 1653 h.
815 1636 834 1652 c.
856 1627 938 1663 Pristi
958 1626 1113 1662 accujati‘one
1126 1632 1176 1661 pro
1196 1624 1335 1660 Africanis
1390 1624 1457 1650 Plin.
1477 1629 1526 1656 28,
1548 1628 1570 1653 8.
1715 1622 1736 1660 ff
1755 1632 1772 1650 2.
1805 1623 1919 1658 Metapb.
1941 1622 2242 1650 IncendioPlaetoriano
2255 1622 2357 1650 adustus
2376 1595 2430 1651 ΕΞ

285 1666 434 1693 demandata
446 1666 476 1692 ab
489 1666 585 1693 Senatu.
641 1663 789 1690 Aduocatus
804 1665 867 1689 enim
881 1669 931 1688 tam
951 1662 1113 1698 Accufiztoris
1127 1659 1173 1694 cst,
1199 1669 1272 1695 quam
1286 1662 1334 1686 De·
1344 1665 1380 1689 40
1391 1660 1444 1686 Att.
1454 1666 1477 1692 5,
1488 1668 1523 1685 20
1547 1662 1564 1685 i.
1573 1658 1685 1685 inuidiae
1692 1660 1813 1686 Plaetorii
1824 1661 1979 1695 aliquatenus
1988 1661 2126 1694 particeps.
2163 1659 2301 1694 Comparat.
2321 1657 2430 1695 Βίωνι,
2443 1677 2445 1692 ,
2470 1650 2474 1690 l

278 1703 404 1740 seiifhris.
437 1701 536 1728 Multos
556 1700 740 1732 aduocatione,
767 1698 853 1733 plures
873 1697 983 1724 consilio
1003 1698 1078 1723 iuuat
1104 1697 1170 1723 Plin.
1197 1697 1243 1730 Ep.
1257 1705 1276 1728 1,
1291 1704 1333 1722 22.
1388 1703 1425 1731 47
1445 1696 1472 1722 Si
1487 1694 1534 1730 qui
1550 1695 1621 1722 forte
1641 1694 1782 1722 adustioris
1797 1695 1910 1728 coloris,
1938 1701 1968 1721 vt
1986 1703 2017 1720 ex
2034 1694 2135 1721 recenti
2148 1694 2209 1727 via,
2227 1695 2313 1721 effent.
2349 1694 2451 1723 Coloni
2471 1702 2474 1724 1

283 1741 316 1767 In
328 1738 502 1765 aduocatione
515 1736 626 1771 quadam
646 1739 723 1767 (nain
738 1733 872 1760 interdum
886 1739 912 1759 et
925 1732 1128 1767 causasagebat)
1147 1732 1333 1758 soloecismum
1386 1734 1414 1758 in
1436 1731 1532 1758 homine
1549 1730 1662 1757 Adustus
1685 1730 1755 1763 dici,
1796 1733 1840 1767 qui
1860 1739 1889 1758 ex
1903 1730 1957 1767 fiile
1980 1737 2003 1756 et
2024 1737 2097 1757 vento
2117 1730 2275 1758 contrahitur
2296 1733 2323 1757 in
2342 1733 2453 1759 itineres-
2471 1733 2474 1743 ⁴

282 1775 317 1801 ab
326 1774 477 1801 aduersario
491 1773 589 1799 faehim
603 1780 684 1805 vsqiie
692 1770 758 1796 adeo
765 1778 874 1802 arguere
881 1769 1069 1802 perseuerauit,
1107 1767 1176 1793 uoad
1190 1766 1284 1793 Cassius
1293 1768 1334 1794 Se·
1379 1766 1511 1804 faciendo.
2405 1788 2410 1797 ,
2452 1779 2453 1790 ι

284 1818 363 1837 verus
383 1808 558 1842 interpellatis
577 1805 711 1832 iudicibus
724 1805 883 1829 dilationem
897 1804 975 1837 petiit
1003 1804 1071 1828 Suet.
1106 1812 1120 1828 e
1133 1803 1172 1829 ill.
1188 1803 1332 1829 Grammat.
1424 1809 1446 1828 A
1455 1809 1474 1828 D
1483 1809 1505 1829 V
1514 1809 1526 1828 S
1535 1807 1557 1828 T
1566 1808 1575 1827 Ι
1584 1807 1622 1833 0,
1643 1800 1711 1826 finis.
1737 1800 1758 1827 f.
1787 1800 1949 1836 [ἓπῖκοιυσις]
1986 1800 2053 1828 Plin.
2067 1809 2112 1834 14,
2125 1810 2161 1828 20
2181 1801 2210 1828 de
2221 1801 2314 1836 resinae
2332 1807 2355 1828 et
2365 1803 2443 1837 picit.
2466 1818 2467 1825 .

285 1855 306 1871 c.
323 1853 364 1870 22.
403 1843 460 1869 Cic.
469 1843 699 1876 Verr.1‚129c.49
711 1839 782 1879 'Qio
795 1839 983 1872 saepenumero
992 1839 1092 1863 senatus
1100 1844 1272 1871 conuocatur,
1280 1847 1334 1873 quo
1347 1844 1380 1870 45
1388 1840 1471 1864 vitiis.
1505 1837 1579 1863 Vitia
1597 1842 1701 1871 praet-er
1719 1837 1796 1871 supra
1816 1836 1903 1869 dieta,
1924 1845 2002 1869 acor,
2024 1842 2069 1863 aiit
2095 1836 2229 1864 fumidum
2248 1838 2341 1865 virus:
2366 1837 2452 1872 picino„

283 1880 461 1907 maximarum
473 1886 563 1904 rerum
583 1875 804 1910 frequentissimae
824 1873 947 1909 quotidie
966 1872 1153 1899 aduocationes
1161 1873 1236 1899 fiunt.
1294 1876 1333 1900 De
1388 1879 1493 1905 autem,
1512 1872 1631 1904 adustio,
1655 1875 1672 1898 i.
1685 1871 1711 1905 fi
1723 1875 1773 1908 pix
1791 1874 1858 1898 inter
1876 1871 2054 1908 decoquendum
2075 1872 2162 1905 adalta
2174 1872 2221 1907 Ji't.
2270 1874 2353 1900 Vrina
2371 1878 2453 1906 timii

283 1916 341 1943 aede
352 1913 463 1949 Castoris
474 1915 599 1950 quuitur,
617 1914 643 1938 iri
657 1920 727 1949 quani
739 1914 826 1936 co'c'mit
838 1910 947 1936 homines
961 1909 1113 1935 deliberandi
1125 1908 1197 1944 causa
1208 1917 1262 1934 cum
1275 1911 1335 1934 ami·
1388 1909 1448 1934 erui
1467 1909 1554 1934 farina
1572 1914 1665 1934 contra
1684 1907 1832 1934 adustiones
1851 1907 1917 1934 Plin.
1936 1913 1984 1940 28,
2003 1910 2027 1934 6.
2065 1907 2176 1935 Adustio
2188 1908 2331 1936 infantium
2365 1916 2428 1944 quae
2439 1917 2450 1938 i.

284 1954 341 1978 εἰς.»
522 1946 544 1984 q
563 1956 579 1974 2
599 1946 763 1977 Aduocatio‚
786 1945 908 1971 interdum
928 1942 1079 1971 collefliuum
1108 1954 1194 1971 nomen
1213 1941 1262 1976 est,
1283 1950 1334 1978 pro
1389 1948 1499 1968 vocatur
1514 1942 1628 1968 Siriafis:
1647 1943 1802 1970 emendatur
1813 1942 1960 1978 adalligatis
1980 1942 2073 1970 offibus
2089 1944 2118 1970 in
2131 1944 2227 1971 canino
2239 1944 2304 1971 fimo
2315 1929 2428 1976 in'ueiin'i
2439 1953 2443 1970 i

286 1984 454 2015 Multitudine
470 1990 494 2010 et
513 1981 579 2019 quast
598 1982 700 2008 Cohortc
712 1986 876 2015 patronorum
895 1987 918 2005 et
931 1983 1074 2012 micorum,
1086 1983 1129 2016 qui
1140 1981 1217 2007 alicui
1231 1982 1335 2006 veniunt
1388 1978 1455 2004 Plin.
1470 1986 1518 2010 30,
1533 1985 1558 2011 ις
1577 1977 1594 2003 s.
1609 1984 1655 2012 47.
2110 1974 2112 1976 ’

286 2022 411 2049 aduocati.
470 2018 586 2054 Copiosa
608 2017 748 2043 aduocatio
763 2016 819 2042 Cic.
834 2023 883 2050 pro
908 2015 1023 2047 Quintio
1037 2023 1075 2053 57
1089 2024 1158 2046 c.14.
1196 2015 1334 2040 Discutere
1348 2022 1379 2046 30
1425 2019 1626 2051 ADVMQVE,
1655 2013 1753 2048 [μέχρι
1762 2033 1770 2046 ,
1790 2010 1871 2048 ἄχρι]
1899 2022 1948 2048 pro
1962 2014 2051 2048 Vsque
2070 2013 2111 2040 ad.
2153 2014 2228 2049 Virg.
2243 2015 2308 2041 Aen.
2325 2022 2362 2048 ιι,

286 2057 490 2085 aduocationem
528 2055 584 2081 Cic.
605 2062 654 2087 pro
668 2053 756 2079 Domo
771 2051 830 2083 sua,
858 2058 890 2083 54
906 2059 928 2075 c.
941 2057 976 2075 21.
1013 2049 1071 2075 Liu.
1086 2057 1109 2080 3,
1124 2056 1160 2081 47
1194 2048 1335 2080 Virginius
1389 2046 1495 2070 Atrides
1514 2047 1604 2071 Protei
1623 2048 1759 2074 Menelaus
1776 2048 1892 2083 adusque
1913 2049 2047 2075 columnas
2084 2049 2184 2076 Exulat.
2244 2050 2292 2076 Vbi
2312 2050 2343 2076 Se
2438 2056 2440 2081 ᾖ

286 2093 436 2120 sordidatus
459 2091 543 2117 filiam
563 2090 649 2116 secum
668 2087 786 2113 obsoleta
798 2085 885 2117 veste,
917 2083 1106 2111 comitantibus
1120 2083 1223 2117 aliquot
1237 2086 1335 2107 matro-
1390 2079 1516 2113 Adusque
1529 2079 1562 2104 fic
1577 2079 1613 2103 est
1626 2080 1745 2111 dietum,
1784 2084 1989 2111 nemadmodum
2003 2084 2091 2112 Siculo
2109 2085 2243 2120 prospexit
2260 2085 2342 2120 abusq
2438 2092 2439 2096 ¹

287 2130 345 2161 nis,
364 2137 423 2155 cum
439 2126 540 2161 ingenti
552 2124 727 2151 aduocatione
742 2123 771 2149 in
782 2122 874 2148 forum
894 2120 1008 2147 adducit.
1061 2119 1118 2146 Cic.
1138 2127 1188 2154 pro
1206 2118 1281 2144 Caec.
1302 2125 1333 2150 43
1389 2114 1484 2147 chyno.
1522 2114 1659 2153 Namcutn
1667 2091 1827 2147 praepositio
1840 2118 2030 2150 praepoiitioni
2045 2129 2180 2154 nunquam
2193 2121 2331 2148 cohaereat
2371 2123 2373 2126 “
2438 2120 2449 2156 4

288 2175 309 2192 c.
326 2173 349 2197 ις
371 2163 451 2197 Qiod
466 2162 599 2189 exercitus
607 2166 719 2187 armatos
732 2163 840 2190 mouet,
856 2156 885 2183 id
898 2155 1102 2183 aduocationem
1115 2159 1267 2189 togatorum
1281 2161 1336 2179 non
1390 2160 1441 2185 que
1454 2156 1480 2176 et
1494 2148 1610 2184 abusque
1625 2149 1736 2188 licenter
1753 2148 1890 2175 admissum
1905 2150 1949 2176 est.
1985 2152 2054 2178 Geli,
2069 2161 2096 2184 5,
2108 2162 2124 2178 2
2144 2155 2280 2181 Praeterea
2298 2141 2357 2182 vii-ii
2369 2148 2429 2182 tibf-

288 2200 424 2227 videbitur
438 2198 564 2225 mouisse?
584 2196 642 2223 Cic.
656 2204 705 2230 pro
719 2193 788 2221 Sulla
803 2199 829 2224 81
846 2202 867 2219 c.
881 2201 915 2225 29
937 2192 1018 2218 Tuus
1026 2199 1118 2226 parens
1131 2189 1335 2217 aduocationem
1350 2195 1377 2220 55
1390 2187 1453 2213 dine
1471 2185 1588 2220 adusque
1609 2184 1727 2211 ludibria
1746 2183 1874 2210 ebriosos.
1931 2184 2055 2219 Adusque
2074 2187 2223 2220 supremum
2241 2187 2343 2221 tempus
2361 2191 2430 2216 Hor.
2459 2176 2474 2196 ’Ψ

288 2236 406 2263 hominis
420 2232 605 2268 improbiffimi
617 2231 679 2258 sella
692 2229 794 2264 curuli,
817 2235 896 2263 atque
909 2227 1072 2254 ornamentis
1086 2232 1112 2253 et
1129 2226 1181 2252 suis
1197 2231 1223 2252 et
1243 2225 1334 2252 consu-
1390 2223 1440 2249 Sat.
1459 2230 1509 2254 1‚1‚
1524 2228 1566 2255 97.
1604 2219 1673 2247 Add.
1694 2220 1744 2246 Sat.
1759 2228 1780 2252 1,
1794 2227 1817 2252 5,
1830 2221 1874 2253 96.
1910 2220 2035 2254 Adusque
2054 2221 2118 2246 Iulii
2127 2222 2243 2248 Caesaris
2252 2222 2430 2257 principatum
2448 2206 2474 2253 ’έῖ

287 2271 354 2299 latus
382 2270 546 2301 honestauit,
586 2271 604 2294 ι’.
619 2267 703 2303 consul
715 2286 724 2299 ,
754 2272 845 2292 ornatu
874 2264 1000 2300 consulari
1024 2266 1090 2290 inter
1116 2262 1247 2289 aduocatos
1267 2261 1335 2296 fuit.
1389 2257 1506 2285 Messalla
1519 2256 1652 2283 Coruinus
1667 2264 1692 2291 p.
1707 2264 1750 2282 20.
1787 2256 1914 2282 quenem
1928 2255 2044 2291 adusque
2057 2256 2148 2284 deraso
2163 2257 2247 2292 capite
2261 2257 2387 2292 producit¹
2399 2257 2429 2284 in
2452 2259 2459 2285 [ἲ

288 2305 309 2346 fl
329 2316 341 2340 3
362 2306 512 2333 Aduocatio
522 2311 571 2340 pro
585 2305 660 2330 Mora
674 2310 696 2328 et
708 2303 794 2337 Spatio
802 2300 846 2336 sae
865 2302 1031 2335 imponitur,
1061 2296 1171 2325 trabium
1184 2308 1200 2324 α
1213 2296 1335 2325 Iudiciis:
1389 2293 1508 2321 medium
1522 2291 1599 2326 Apul.
1611 2292 1676 2318 Met.
1691 2300 1707 2318 2
1732 2300 1757 2325 p.
1771 2299 1831 2324 299.
2450 2287 2458 2314 ρ’

287 2353 344 2370 iiam
359 2345 401 2379 qui
410 2350 500 2377 parum
514 2338 633 2373 instrufl'i
645 2338 679 2365 ad
689 2336 823 2374 responden
843 2346 897 2368 mn,
919 2334 1122 2361 advocationem
1129 2333 1212 2368 solent
1232 2337 1335 2367 petere:
1426 2336 1476 2357 AD
1486 2336 1527 2356 vs
1536 2335 1557 2355 T
1567 2334 1621 2360 10,
1656 2326 1710 2354 vid.
1731 2333 1809 2354 ADv
1818 2333 1837 2354 R
1846 2333 1874 2354 0.
2450 2320 2458 2339 t

288 2383 306 2406 ι’.
323 2379 422 2406 Moram
441 2384 464 2404 et
476 2383 570 2411 tempus
584 2375 736 2401 deliberandi
754 2371 892 2400 aduocaiidi
910 2380 936 2397 ue
955 2373 1055 2397 amicos.
1109 2370 1166 2396 Cic.
1181 2369 1253 2395 Fam.
1270 2375 1296 2402 7,
1312 2367 1379 2393 1160

285 2414 344 2450 Ego
356 2413 481 2440 omnibus
496 2411 564 2439 vnde
577 2411 693 2446 petitur,
709 2409 759 2436 hoc
773 2407 876 2435 consilii
908 2406 1024 2438 ederim,
1051 2406 1087 2432 Vt
1099 2414 1114 2431 a
1127 2404 1232 2439 singulis
1253 2404 1336 2429 inter·
1793 2390 1821 2421 A
1891 2388 1922 2420 D
1993 2388 2018 2420 Y

291 2450 398 2485 regibus
415 2449 491 2476 binas
506 2447 691 2474 aduocationes
706 2449 833 2480 peterent.
870 2443 927 2469 Sen.
942 2443 1072 2468 Controu.
1086 2451 1104 2476 4
1117 2449 1174 2476 pro.
1187 2440 1279 2467 Tanta
1293 2438 1335 2465 illi
1426 2444 1450 2464 A
1460 2444 1549 2464 DYLI
1558 2444 1572 2464 S
1581 2443 1640 2469 VS,
1661 2433 1825 2471 [Ἀδύλισος]
1844 2435 1922 2462 Mons
1935 2435 1971 2462 est
1982 2434 2014 2462 ad
2025 2435 2135 2462 Thebas
2145 2436 2279 2469 Boeotiam,
2291 2436 2425 2474 Plin.4,7.

307 2485 455 2513 erturbatio
468 2484 567 2516 fuit,vt
579 2482 782 2509 aduocationem
795 2484 903 2515 peteret.
939 2478 995 2504 Sen.
1004 2477 1036 2504 ad
1050 2478 1132 2504 Marc.
1145 2485 1173 2503 ιο
1209 2475 1289 2502 Nihil
1305 2474 1336 2501 de
1427 2479 1450 2500 A
1460 2480 1479 2500 D
1488 2480 1538 2499 YN
1547 2479 1602 2499 AM
1611 2479 1630 2499 o
1639 2479 1662 2498 N
1671 2492 1679 2504 ,
1704 2469 1864 2506 [ἐδύνκμος]
1897 2471 1963 2497 Plin.
1978 2480 2022 2504 14,
2036 2474 2065 2497 16
2086 2471 2259 2498 Fifflciorum
2279 2473 2451 2507 (citior-my.

310 2522 420 2548 odierna
427 2521 472 2547 die
487 2519 662 2555 promittitur.
723 2517 813 2544 Nimis
827 2523 948 2549 magnam
956 2513 1158 2540 aduocationem
1172 2511 1246 2538 dedi:
1265 2510 1337 2537 nihil
1392 2509 1509 2544 primum
1523 2508 1553 2534 fit
1565 2516 1597 2535 ex
1611 2508 1668 2542 ipso
1681 2508 1761 2539 vino,
1775 2506 1846 2542 quod
1858 2512 1952 2533 vocant
1965 2506 2129 2540 adynamon,
2151 2511 2169 2534 i.
2194 2508 2348 2540 limandum,
2360 2510 2445 2539 cuium:

292 2557 324 2584 de
336 2557 410 2584 hora.
431 2557 506 2583 Plura
518 2556 559 2582 hic
579 2553 689 2590 Lipsius,
712 2560 736 2579 et
748 2556 775 2579 iii
788 2554 882 2587 primis
894 2550 957 2577 illud
975 2550 1073 2576 veteris
1086 2550 1196 2581 Poetae,
1222 2549 1277 2574 Cur
1285 2546 1337 2573 dif-
1346 2544 1378 2576 65
1390 2552 1472 2580 nempe
1486 2547 1555 2571 vires
1566 2553 1628 2579 aqua
1641 2543 1767 2575 admixta,
1784 2549 1809 2568 et
1822 2541 1941 2578 coquendo
1949 2541 2063 2578 striche.
2089 2545 2176 2579 ltaque
2189 2543 2251 2570 dant
2264 2544 2359 2578 aegris,
2371 2535 2447 2584 qumi

291 2594 345 2620 fers
354 2613 361 2624 ‚
381 2600 440 2618 inea
454 2592 509 2623 lux,
528 2597 619 2624 rogata
632 2590 741 2623 semper,
763 2588 907 2621 Etlongam
915 2586 982 2620 petis
990 2584 1210 2612 aduocationem?
1230 2585 1335 2610 Petron.
1389 2579 1437 2608 bus
1450 2580 1510 2607 vini
1523 2580 1630 2606 noxiam
1644 2579 1747 2604 timent.
2392 2576 2408 2607 ⁷.-
2414 2590 2423 2606 ¹.

292 2638 314 2655 c.
329 2630 371 2661 96.
386 2638 409 2662 p.
423 2631 471 2660 458
505 2626 675 2659 Iniuriaeque
696 2623 819 2658 Eumolpi
833 2622 1035 2649 aduocationem
1049 2619 1297 2651 accommodabam,
1317 2621 1337 2645 it
1428 2614 1621 2647 ADY⁰TVM,
1642 2611 1765 2653 [ᾅδντον]
1798 2614 1983 2648 Interpretatur
2004 2614 2076 2640 Caes.
2090 2613 2154 2639 Bell.
2169 2614 2251 2641 Ciuil.
2266 2623 2296 2647 3,
2310 2622 2352 2648 ιος
2369 2610 2428 2652 Q-
2467 2634 2469 2638 .

293 2666 434 2691 Burriiamio
455 2665 607 2696 interprete,
635 2670 741 2689 moram,
765 2667 794 2685 vt
815 2658 911 2685 diutius
928 2658 1068 2693 vapularet.
1105 2656 1163 2683 Val.
1176 2657 1312 2687 Max.2,9,
1327 2663 1338 2681 ι
1392 2652 1517 2686 gainique
1533 2651 1563 2677 in
1580 2649 1686 2677 occultis
1704 2657 1732 2675 ac
1749 2649 1860 2675 remotis
1873 2649 1980 2683 templi,
1999 2657 2053 2683 quo
2074 2656 2177 2682 praeter
2198 2649 2342 2677 sacerdotes
2355 2659 2370 2677 a
2388 2645 2403 2657 '³

292 2701 411 2733 Longam
431 2696 577 2733 praestandi
598 2695 715 2722 muneris
729 2694 836 2720 huiusce
856 2694 1059 2720 aduocationem
1077 2692 1137 2719 estis
1152 2691 1301 2723 consecuti,
1318 2693 1338 2716 i.
1393 2688 1432 2714 fas
1445 2696 1500 2713 non
1513 2687 1564 2719 est,
1582 2694 1646 2721 quae
1660 2685 1754 2711 Graeci
1774 2681 1853 2710 ἄδυτα
1867 2684 2014 2718 appellant,
2029 2691 2151 2719 tympana
2165 2685 2316 2713 sonuerunt.
2349 2711 2354 2718 ,
2388 2681 2413 2692 ”“
2458 2703 2460 2707 .

293 2736 404 2771 Spatium
423 2732 586 2760 contrahendi
604 2733 795 2757 matrimonium.
851 2729 909 2755 Sen.
924 2730 953 2755 in
980 2729 1056 2756 Ludo
1094 2737 1148 2763 cap.
1177 2732 1202 2757 ιε
1233 2728 1338 2761 proprie
1347 2731 1384 2758 70
1393 2723 1442 2751 bus
1463 2731 1494 2748 ex
1513 2722 1593 2755 adyto
1605 2720 1681 2748 dictis
1699 2721 1816 2747 Cumaea
1835 2719 1934 2752 Sibylla
1951 2720 2104 2746 Horrendas
2124 2721 2194 2748 canit
2217 2721 2337 2756 ambages
2352 2715 2376 2750 V
2422 2714 2425 2720 ’
2464 2727 2465 2731 ¹

286 2771 389 2807 posuit,
413 2768 539 2796 Tandem
560 2766 679 2802 procedit
698 2766 723 2792 P.
746 2764 883 2791 Petronius
901 2778 946 2784 —-
962 2770 989 2790 et
1002 2764 1115 2798 postulat·
1127 2763 1338 2790 aduocationem.
1394 2759 1459 2785 Aen.
1473 2760 1505 2790 6,
1517 2763 1557 2791 98.
1600 2757 1671 2784 Idem
1682 2757 1748 2783 Aen·
1764 2765 1795 2788 2,
1815 2763 1851 2788 115
1889 2772 1898 2777 -
1918 2773 1927 2777 -
1949 2773 1958 2777 -
1980 2755 2054 2790 isque
2073 2756 2157 2788 adytis
2177 2755 2242 2783 haee
2257 2757 2342 2785 tristia
2357 2724 2445 2787 diael

292 2806 340 2834 Sed
351 2806 501 2833 mmmmm.
514 2805 648 2838 impropffi.
680 2801 758 2835 QN⁴
774 2803 800 2832 6,
816 2809 843 2826 10
864 2799 893 2825 de
898 2798 1024 2832 sideribus
1030 2819 1038 2832 ‚
1053 2800 1250 2835 quaefimperiti
1263 2804 1340 2829 motu,
1393 2799 1519 2828 reportat.
1555 2792 1609 2820 uid.
1623 2792 1734 2820 Seruius.
1771 2793 1827 2818 Ima
1845 2791 1920 2824 adyta
1934 2791 2009 2825 Virg.
2024 2791 2088 2817 Aen.
2103 2799 2131 2825 5,
2150 2797 2191 2825 84.
2229 2794 2260 2820 Et
2272 2795 2336 2820 Aen.
2390 2788 2394 2790 .
2435 2794 2441 2819 j

292 2843 323 2870 Et
337 2847 365 2868 vt
379 2841 422 2868 det
442 2840 480 2866 eis
493 2839 609 2874 aliquam
624 2837 843 2867 aduocationem,
862 2838 879 2860 ι’.
889 2833 984 2868 statum
997 2841 1021 2860 et
1033 2838 1143 2870 quietem.
1394 2831 1591 2864 Aeternumque
1611 2828 1693 2861 adytis
1715 2826 1790 2853 effert
1807 2822 1987 2861 penetralibus
2007 2827 2104 2861 ignem.
2146 2828 2241 2854 Lucan.
2261 2838 2289 2863 ς,
2310 2830 2358 2871 ¹4⁶
2403 2830 2425 2861 J„

330 2885 352 2905 A
361 2884 408 2904 DV
417 2883 436 2903 o
445 2882 521 2903 CAT
530 2883 549 2901 (i
559 2881 577 2901 R
586 2894 593 2906 ,
618 2873 683 2900 oris.
725 2873 794 2898 Deus
807 2871 924 2898 diuitum
949 2871 1101 2904 aspernator
1112 2889 1120 2902 ‚
1152 2868 1338 2896 mendicorum
1393 2874 1490 2900 pauens
1504 2865 1577 2897 adyti
1596 2863 1725 2899 penetrale
1738 2863 1837 2889 remoti
1851 2864 1870 2889 F
1872 2862 2014 2895 atidicum,
2033 2863 2120 2897 prima
2136 2864 2296 2898 templorum
2315 2866 2355 2892 in.
2388 2867 2390 2869 ’
2444 2856 2448 2863 ’

292 2913 436 2941 aduocator
450 2910 568 2938 Tertull.
582 2909 640 2936 adu.
656 2907 785 2935 Marcion.
799 2916 827 2940 4,
844 2915 875 2938 ις.
902 2909 920 2932 ι’.
934 2912 1006 2932 vocat
1020 2905 1054 2931 ad
1060 2905 1089 2942 fi
1100 2905 1231 2931 mendicos.
1348 2906 1380 2934 75
1392 2901 1494 2928 resistit.
1536 2899 1667 2928 Profunda
1680 2899 1741 2925 Stat.
1750 2898 1842 2925 Theb.
1853 2906 1875 2931 5,
1886 2900 1948 2932 646.
1985 2898 2087 2925 Sacrata
2102 2899 2199 2926 Lucan.
2208 2909 2247 2932 ιο,
2257 2909 2296 2933 23,
2331 2900 2362 2928 T
2384 2894 2388 2897 ’
2412 2910 2416 2913 .

329 2956 351 2976 A
360 2956 378 2976 D
387 2956 408 2976 v
418 2956 437 2975 o
446 2954 480 2974 CI
491 2954 511 2973 T
521 2953 542 2973 A
551 2953 570 2972 R
579 2952 595 2972 Ε
605 2965 614 2977 ,
640 2945 719 2978 Saepe
732 2942 870 2969 aduocare.
907 2941 1004 2968 Festus.
1391 2937 1439 2963 fica
1451 2937 1512 2963 Stat.
1527 2935 1619 2963 Theb.
1633 2944 1669 2968 10,
1683 2942 1738 2969 170.
1776 2934 1882 2960 Vetusta
1897 2935 1994 2960 Lucan.
2010 2943 2047 2967 10,
2060 2942 2114 2969 179-
2171 2934 2284 2972 Memph,
2301 2930 2338 2964 Εὶ
2363 2932 2366 2933 ’
2382 2932 2385 2933 ’

333 2992 352 3012 A
365 2991 411 3012 nv
421 2991 439 3011 o
449 2989 509 3014 Lo,
529 2986 581 3008 are.
609 2978 812 3015 [προηπίτιιθαι]
839 2976 879 3003 Ad
892 2977 995 3011 aliquid
1012 2976 1112 3004 volare.
1150 2977 1256 3003 Ponitur
1275 2983 1336 3002 cum
1390 2979 1515 3008 tanquam
1527 2972 1614 3000 cordis
1625 2971 1745 3006 responsa
1757 2969 1852 2997 dedere
1868 2970 1971 2996 Lucret.
1990 2979 2009 3002 1,
2024 2975 2079 3005 738.
2366 2978 2409 3003 uffa
2429 2975 2445 2996 ·‚

294 3021 401 3052 datiuo,
421 3018 487 3045 Plin.
509 3026 547 3050 10,
567 3026 603 3051 40
639 3017 838 3050 Caprarunique
859 3012 986 3039 vberibus
999 3012 1131 3039 aduolant.
1187 3011 1233 3038 Sed
1245 3017 1269 3037 et
1282 3020 1336 3037 cum
1789 3033 1815 3064 Α
1889 3033 1919 3064 D
1989 3033 2014 3064 Z
2349 3034 2354 3043 Ι
2378 3007 2419 3034 4ss
2440 3001 2444 3025 ᾗ

289 3054 518 3092 praepositionibus.
572 3052 629 3078 Cic.
643 3051 674 3078 de
690 3052 752 3078 Nat.
772 3050 853 3076 Deor.
868 3057 893 3081 z,
917 3057 964 3081 124
984 3058 1005 3074 c.
1026 3056 1062 3082 49
1094 3047 1161 3082 Legi
1179 3047 1260 3073 etiam
1272 3047 1334 3072 scri·

295 3098 368 3126 ptum
382 3091 445 3123 esse,
465 3098 541 3116 auem
554 3087 684 3123 quandam
696 3095 762 3121 quae
776 3085 887 3112 Platalea
901 3084 1084 3110 nominaretur
1093 3103 1100 3115 ,
1119 3082 1232 3109 eanifibi
1245 3081 1336 3109 eibum
1354 3085 1385 3111 80
1426 3088 1449 3108 Α
1458 3088 1476 3108 n
1486 3088 1501 3108 z
1510 3088 1527 3108 Ε
1537 3089 1552 3108 L
1562 3088 1581 3109 o
1590 3101 1598 3114 ,
1618 3084 1662 3108 are
1671 3099 1679 3112 ,
1710 3085 1734 3106 et
1760 3086 1782 3105 A
1791 3086 1809 3105 D
1826 3085 1842 3105 z
1851 3085 1868 3105 E
1877 3085 1894 3105 1.
1906 3085 1925 3105 o
1935 3085 1971 3111 R,
1988 3078 2037 3105 ari.
2075 3079 2168 3108 Tamo
2189 3079 2271 3115 magis
2288 3075 2424 3111 aad&
2432 3084 2451 3120 *a

296 3135 422 3162 quaerere
435 3125 603 3152 aduolantem
610 3123 641 3150 ad
649 3132 690 3149 eas
704 3131 774 3153 aues,
790 3129 856 3156 quae
873 3121 903 3146 in
915 3120 983 3146 mari
996 3124 1154 3154 mergerent.
1190 3119 1247 3145 Cic.
1262 3119 1334 3144 Fam.
1391 3126 1436 3144 eos
1457 3118 1532 3152 super
1547 3122 1650 3152 peccata
1669 3116 1713 3143 sua
1731 3115 1869 3150 Vulgatf4
1883 3113 1954 3143 Esdr.
1981 3116 2020 3147 16,
2032 3122 2077 3153 49.

296 3170 330 3194 15,
348 3164 375 3188 i6
400 3161 448 3188 Sed
460 3161 479 3188 fi
494 3161 606 3188 insulam
619 3158 782 3186 Britanniam
802 3164 914 3191 coepero
929 3155 1060 3190 cogitare,
1086 3154 1142 3180 eius
1158 3151 1250 3180 εἴδωλον
1266 3154 1336 3180 inihi
2396 3160 2424 3175 μ..
2439 3138 2451 3182 l¹

296 3196 432 3224 aduolabit
449 3196 481 3223 ad
497 3196 595 3232 peetus.
631 3195 696 3222 Plin.
712 3202 738 3227 9,
752 3198 764 3223 8
797 3191 927 3226 Qianniis
947 3191 1064 3218 occultus
1083 3196 1161 3225 atque
1180 3189 1284 3216 abditus
1303 3198 1335 3216 ex
1795 3177 1823 3208 A
1893 3177 1920 3207 E
1993 3177 2019 3207 A
2359 3200 2367 3205 .
2379 3197 2399 3215 (ι
2413 3196 2425 3217 9

297 3233 354 3258 imo
368 3232 515 3259 aduolabat.
567 3231 660 3258 Hostes
672 3235 779 3265 repente
799 3237 830 3254 ex
843 3227 967 3254 omnibus
988 3225 1105 3261 partibus
1123 3225 1155 3252 ad
1169 3224 1337 3260 pabulatores
1427 3232 1448 3252 A
1458 3232 1491 3257 Ε,
1516 3228 1544 3251 ivi
1557 3229 1624 3252 uotis
1640 3224 1740 3252 Aedilis
1757 3220 1807 3257 cst,
1826 3223 1868 3249 vel
1881 3223 1957 3249 Aere.
2340 3218 2349 3229 ¹'
2363 3211 2423 3249 [ἧι
2444 3218 2452 3224 “

297 3267 489 3294 aduolauerunt
509 3268 581 3294 Caes.
598 3267 625 3294 B.
641 3267 672 3293 G.
688 3274 710 3299 5,
727 3273 764 3299 17-
801 3264 866 3290 Plin.
883 3272 921 3295 ιο,
935 3271 968 3295 29
991 3263 1025 3289 At
1040 3263 1068 3289 in
1081 3270 1172 3296 agrum
1185 3261 1335 3288 Volaterra-
1350 3266 1379 3293 ες
1427 3268 1450 3288 Α
1461 3268 1486 3287 Ε.
1524 3268 1554 3287 Α.
1577 3269 1608 3288 A.
1633 3268 1659 3288 F.
1682 3267 1708 3288 F»
1735 3258 1878 3294 significant
1892 3260 1975 3290 Aere,
1993 3264 2118 3293 argento,
2137 3267 2218 3292 auro,
2240 3257 2340 3292 flando,
2354 3229 2417 3288 gd>-

297 3313 362 3331 num
375 3302 586 3337 palumbiumvis
599 3311 613 3328 e
624 3302 692 3328 mari
705 3301 844 3336 quotannis
858 3298 972 3325 aduolat.
1147 3294 1167 3335 fl
1188 3305 1204 3323 2
1225 3297 1337 3332 Metaph.
1393 3295 1473 3322 undo.
1509 3297 1625 3332 Reliquas
1641 3303 1713 3324 notas
1730 3294 1787 3322 vide
1798 3294 1846 3330 sub
1864 3301 1886 3321 A
1900 3301 1916 3320 E
1931 3301 1960 3321 D.
2353 3286 2406 3318 ἰ’-’Τ
2423 3307 2425 3312 ¹
2449 3310 2452 3318 .
2467 3321 2474 3330 .

2458 3333 2463 3343 .

298 3340 414 3366 Celeriter
427 3336 510 3371 adi-ffb.
537 3338 592 3364 Cic.
606 3338 636 3364 ad
657 3338 729 3364 Brut.
749 3337 794 3370 Ep.
808 3344 845 3367 10,
860 3343 878 3367 4
915 3333 1095 3367 Qiamobrem
1107 3332 1203 3359 aduola
1217 3331 1337 3359 obsecro.
1428 3339 1449 3358 A
1459 3338 1475 3358 Ε
1497 3332 1617 3365 Syllabam
1635 3335 1690 3359 anti
1708 3334 1733 3358 ui
1748 3331 1840 3358 Graeca
1853 3329 2023 3365 conjiaetudi'ne
2035 3336 2083 3365 per
2096 3337 2137 3357 Al
2169 3327 2308 3362 vibebant,
2325 3332 2362 3356 vt·

298 3375 371 3403 ldem
400 3375 471 3401 Fani.
495 3381 528 3404 ii,
548 3381 581 3407 27
601 3373 756 3400 Oblituinne
769 3380 810 3399 me
825 3376 914 3406 putas,
934 3378 984 3404 qua
1000 3369 1151 3401 celeritate,
1175 3374 1204 3394 vt
1222 3368 1338 3402 primum
1393 3367 1446 3399 sa‘i‘,
1461 3366 1546 3400 aula'i',
1562 3368 1657 3403 pieta'i':
1699 3366 1772 3394 estus.
1809 3365 1941 3399 Quinctil.
1956 3374 1975 3398 i,
1990 3373 2016 3400 7,
2037 3371 2062 3396 ις
2089 3366 2123 3392 Ai
2154 3364 2282 3398 yilabam,
2300 3363 2342 3391 eui
2380 3363 2381 3366 ’
2406 3371 2414 3391 3.
2448 3371 2474 3386 w.

298 3410 415 3437 audieris
427 3408 459 3436 ad
473 3417 515 3435 me
527 3409 649 3434 Tarento
663 3408 812 3435 aduolaris?
847 3407 876 3432 in
896 3405 1027 3432 auxilium
1046 3405 1111 3431 Plin.
1126 3412 1152 3436 9,
1165 3409 1187 3434 8.
1224 3403 1339 3431 Aduolat
1394 3402 1504 3429 cundam
1516 3412 1583 3430 nunc
1600 3405 1620 3430 E
1633 3403 1770 3439 ponimus,
1783 3402 1857 3428 varie
1869 3410 1916 3436 per
1929 3408 1950 3428 A
1965 3408 1991 3428 et
2005 3409 2014 3428 1
2027 3399 2176 3427 efferebam.
2197 3396 2314 3434 Qiidani
2326 3399 2342 3426 s
2414 3414 2415 3417 =
2450 3395 2474 3423 ὕει

298 3447 368 3473 sama
381 3445 462 3472 alicui
482 3444 557 3478 Virg.
577 3444 642 3470 Aen.
652 3453 694 3475 io,
715 3452 766 3475 510.
822 3442 878 3469 Cic.
891 3442 943 3469 Att.
959 3449 978 3473 ι,
992 3449 1022 3474 ¹4
1045 3441 1096 3467 Hic
1109 3439 1161 3466 tibi
1177 3439 1259 3466 rostra
1273 3440 1340 3466 Cato
1350 3445 1384 3469 90
1394 3444 1423 3465 vt
1437 3438 1544 3464 Graeci:
1566 3439 1673 3474 quidam
1694 3437 1857 3472 singulariter
1872 3443 1990 3470 tantum,
2009 3445 2069 3463 eum
2087 3435 2117 3462 in
2132 3434 2252 3462 datiuum
2271 3435 2314 3462 vel
2369 3434 2371 3439 ⁴
2423 3444 2427 3451 =
2468 3441 2470 3446 ·

299 3481 422 3513 aduolat,
447 3479 599 3507 conuicium
612 3479 700 3505 Pisoni
712 3478 823 3506 Consuli
835 3477 979 3505 mirificum
992 3476 1064 3509 ficit.
1119 3474 1220 3502 Vrbem
1231 3475 1339 3502 nuntius
1393 3482 1456 3500 vum
1472 3474 1555 3500 casum
1570 3475 1729 3506 incidissent,
1743 3472 1812 3500 vnde
1820 3471 1904 3508 piffai
1919 3472 2009 3506 vestis,
2027 3477 2053 3496 et
2063 3471 2132 3497 aulai
2146 3470 2275 3506 Virgilius
2291 3479 2332 3497 am
2357 3471 2360 3474 ⁴

298 3517 391 3545 Claud.
404 3518 495 3551 Paneg.
512 3523 535 3548 5,
555 3535 560 3541 .
584 3535 590 3541 .
1394 3517 1452 3536 mus
1466 3509 1600 3538 vetustatis
1610 3509 1773 3537 carminibus
1785 3509 1904 3536 inseruit.
1940 3509 1971 3535 In
1982 3505 2079 3538 iisdem
2098 3505 2197 3540 plurali
2214 3514 2326 3533 nurnero
2336 3505 2364 3538 B.-
2458 3509 2459 3513 ¹

334 3560 356 3579 A
366 3560 384 3579 i>
397 3560 417 3579 v
428 3560 447 3579 o
456 3559 472 3578 L
482 3558 503 3578 A
512 3558 532 3577 N
542 3559 554 3577 s
564 3571 572 3582 ‚
592 3549 729 3576 Gladiatoi·
743 3550 841 3577 nobilis
859 3548 926 3585 apud
941 3547 1056 3574 Martial.
1070 3554 1093 3580 ς,
1106 3553 1146 3579 25.
1394 3545 1499 3577 bantur,
1512 3545 1540 3572 hi
1552 3547 1638 3579 Sullae,
1645 3545 1741 3573 Galbae.
1765 3546 1832 3571 Haec
1843 3545 1891 3571 ille.
1911 3544 2068 3575 caeterumsi
2077 3548 2098 3567 N
2107 3548 2128 3568 'r
2137 3548 2157 3569 o
2167 3549 2189 3568 N
2198 3549 2207 3568 1
2217 3549 2239 3570 A
2248 3549 2268 3574 i,
2283 3539 2365 3569 ivm·
2405 3546 2432 3575 ρ*

335 3595 356 3614 A
365 3595 382 3614 ι)
393 3595 412 3614 v
420 3594 439 3614 0
449 3595 464 3614 L
475 3586 516 3614 i‘r
524 3594 546 3613 A
555 3593 575 3613 N
585 3593 598 3612 s
606 3605 614 3618 ‚
632 3585 698 3611 antis
707 3605 715 3617 ‚
736 3593 780 3617 ut,
802 3586 909 3612 Noetua
921 3583 1069 3611 adnoiitanu
1093 3581 1247 3618 praenuntia
1277 3582 1340 3608 Pru·
1395 3587 1417 3607 A
1426 3588 1445 3607 v
1456 3586 1476 3606 G
1486 3587 1528 3607 vs
1536 3588 1557 3608 ‘r
1566 3589 1588 3608 A
1596 3590 1622 3615 1,
1642 3588 1664 3608 A
1672 3588 1692 3608 G
1702 3588 1721 3608 R
1729 3589 1739 3607 1
1747 3587 1762 3608 Ρ
1772 3588 1787 3607 P
1796 3587 1805 3607 i
1814 3587 1836 3607 N
1844 3587 1884 3608 Al
1892 3578 1977 3615 ,fiant
1987 3575 2055 3611 apud
2066 3577 2139 3602 Grut.
2155 3585 2180 3612 p.
2193 3579 2252 3609 236,
2265 3586 2282 3610 9
2301 3582 2325 3604 et
2334 3570 2438 3615 ibiffil

301 3618 370 3648 dent.
387 3623 415 3649 in
429 3621 575 3656 symmach.
589 3630 614 3653 2,
633 3628 687 3655 573.
1351 3623 1382 3648 95
1396 3622 1521 3644 DRvso
1542 3623 1718 3645 CA1SAR1.
1754 3621 1900 3643 AIMILV
1921 3618 1970 3648 pro
1991 3618 2167 3639 AEM1Lvs
2187 3609 2437 3648 frequenteesta'mi'

338 3665 358 3684 Λ
369 3664 413 3684 DV
423 3666 441 3685 0
451 3666 466 3684 L
475 3666 495 3684 A
505 3665 526 3685 Τ
535 3665 555 3684 V
565 3664 592 3688 S,
612 3655 650 3682 fis·
683 3655 841 3690 [ἓπίστησις]
867 3657 924 3684 Cic.
944 3655 1028 3683 Tusc.
1042 3662 1072 3687 2,
1087 3661 1123 3687 24
1150 3661 1172 3679 c.
1189 3661 1218 3679 10
1250 3651 1339 3680 Tristi
1392 3655 1496 3687 itemque
1523 3659 1544 3679 A
1554 3660 1562 3679 1
1572 3660 1591 3680 D
1600 3660 1608 3679 1
1618 3660 1634 3679 L
1643 3660 1659 3680 Ε
1669 3660 1682 3679 s
1706 3659 1756 3688 pro
1789 3653 2005 3679 AEnlLIBvs.
2080 3647 2154 3674 Velut
2173 3654 2190 3674 E
2209 3637 2436 3683 pronunciandam?

299 3692 425 3719 aduolatu
438 3693 544 3720 aduncis
558 3692 671 3719 lacerans
684 3690 825 3725 mguibus,
847 3701 875 3717 ex
889 3694 949 3719 Vet.
965 3691 1051 3718 Po‘e'ta.
1392 3687 1489 3718 videri,
1506 3695 1593 3715 contra
1615 3687 1720 3723 Liffium
1737 3685 1841 3720 asie-tidie
1850 3681 1949 3719 Rutgqfi
1969 3683 2029 3708 Var.
2043 3679 2111 3708 Leti.
2123 3690 2153 3714 3,
2167 3690 2189 3715 5.
2226 3679 2354 3710 scn‘bmdo'
2369 3682 2436 3714 equ-'³

329 3735 358 3766 *A
367 3735 385 3754 D
396 3736 413 3754 V
424 3736 442 3755 0
452 3736 496 3755 Lv
507 3736 525 3756 O
535 3749 543 3761 ι
561 3729 606 3761 Vi,
634 3734 707 3754 utum
716 3746 724 3758 9
760 3728 814 3752 ὅτε.
841 3727 1014 3763 [nemorum]
1057 3722 1180 3751 isoluendo
1202 3723 1338 3750 admouere.
1393 3723 1420 3749 di
1442 3725 1468 3749 ivi
1489 3723 1588 3750 acridani
1602 3725 1680 3760 cen-Ji&
1691 3719 1877 3757 Schmfltfi‘b-
1912 3717 2081 3757 orthograpb·
2089 3717 2176 3753 praef.
2186 3724 2214 3753 p.
2227 3723 2249 3749 8.
2261 3727 2309 3745 non
2325 3713 2435 3751 tremine·

301 3763 375 3797 Vffg·
390 3763 485 3803 0⁸9¹}
499 3773 527 3796 3,
541 3769 586 3798 378
622 3777 668 3783 -
688 3761 860 3796 congestaque
878 3762 976 3789 robora
995 3767 1062 3788 totas
1098 3758 1250 3786 Aduoluere
1269 3759 1338 3786 focis
1390 3732 1534 3794 minufiulis
1547 3760 1683 3795 compemii'i
1695 3765 1719 3785 et
1731 3757 1866 3792 celeritatis
1876 3755 1948 3793 caasa
1962 3753 2206 3792 iiiumztiswssbllarius
2216 3753 2334 3815 antggr.
2341 3753 2376 3788 12³.»
2421 3755 2426 3773 ‘-
2446 3776 2450 3779 ,

300 3798 398 3838 vlinos,
428 3807 534 3832 ignique
557 3799 664 3826 dedere?
715 3796 827 3824 Pedibus
845 3796 956 3824 alicuius
973 3796 1084 3824 aduolui
1102 3796 1176 3822 Curt.
1194 3803 1222 3827 3,
1242 3802 1283 3826 13,
1298 3795 1438 3830 i7.100seq.
1456 3795 1493 3820 De
1502 3795 1625 3829 Syriaerqli
1636 3788 1853 3823 iiiPhaeuomvid.
1866 3787 1996 3822 antShl.
2005 3795 2047 3820 1,5
2065 3794 2090 3813 et
2098 3788 2133 3814 ibi
2141 3789 2283 3826 Bum.p.5
2303 3793 2346 3815 ‚et
2410 3787 2429 3803 '¹¹'

300 3835 341 3861 Sic
354 3834 413 3859 Liu.
429 3838 469 3864 28,
485 3842 516 3866 34
542 3835 597 3868 Qi'i
617 3833 759 3861 aduolutus
778 3831 888 3866 genibus
901 3833 1007 3860 fatalem
1024 3832 1126 3859 rabiem
1139 3829 1265 3864 temporis
1280 3829 1335 3856 eins
1388 3832 1449 3857 Art.
1466 3830 1509 3856 Gr.
1523 3838 1549 3862 2,
1563 3839 1592 3864 ¹4
1609 3838 1637 3866 p.
1652 3833 1702 3862 ¹98·
1788 3853 1790 3855 ,
1953 3838 1959 3842 -
2381 3828 2397 3847 '-

300 3869 407 3909 accusat.
449 3868 506 3894 ilai.
521 3876 740 3896 rizovoLv‘rvs.
774 3866 843 3894 Adii.
856 3868 930 3894 Curt.
943 3874 966 3900 8,
982 3877 1001 3900 i,
1016 3873 1058 3902 48.
1110 3866 1176 3893 Plin.
1193 3874 1225 3898 ιι,
1238 3872 1269 3899 37
1294 3865 1335 3891 Ad
1426 3872 1446 3891 Α
1459 3872 1520 3897 ΕΑ,
1547 3866 1632 3900 [Aac]
1668 3865 1762 3891 Nomen
1777 3860 1873 3896 paulae
1891 3861 2043 3889 venatricis,
2061 3866 2123 3893 quae
2149 3857 2263 3894 Phasidis
2280 3847 2433 3896 fluuiiffil

300 3913 388 3939 ignem
407 3902 545 3929 aduolutus
565 3904 621 3931 lora
641 3914 701 3931 cum
720 3911 831 3938 corpore
850 3902 956 3936 exussit,
985 3906 1022 3930 De
1039 3899 1191 3935 Aristomene
1210 3899 1336 3934 Meffinio.
1382 3901 1472 3936 plexus
1479 3901 1587 3937 fugiens
1597 3901 1695 3927 deorum
1713 3895 1868 3932 miseratione
1879 3897 1907 3920 iti
1914 3894 1960 3930 sui
1975 3895 2085 3920 nominis
2101 3893 2207 3930 infidam
2218 3894 2288 3930 uersa
2307 3891 2348 3927 est&
2361 3890 2416 3929 „19⁶

301 3939 428 3966 Cumulos
440 3947 530 3978 reruni
539 3939 681 3978 multarum
695 3940 723 3966 in
729 3945 812 3966 vnum
825 3946 930 3965 carmen
966 3938 1058 3965 Claud.
1066 3939 1157 3972 Paneg.
1165 3945 1186 3970 ι,
1206 3957 1212 3963 .
1232 3957 1240 3963 .
1273 3936 1334 3963 Stat.
1389 3936 1488 3971 Insula,
1506 3943 1530 3962 et
1542 3931 1722 3972 vrhefortaffis
1733 3930 1820 3958 Valer.
1830 3929 1912 3958 Flaec.
1928 3937 1951 3963 5,
1972 3936 1996 3962 51
2015 3929 2077 3956 Heu
2090 3935 2217 3963 quantum
2229 3928 2326 3962 Pharis,
2336 3932 2414 3964 quan·

297 3974 461 4008 Theb.5,i43
480 3974 550 4000 Hinc
556 3973 789 4009 stiniuliingentes‚
801 3981 961 4009 magnusque
972 3973 1124 4001 aduoluitur
1131 3972 1204 4006 astris
1218 3972 1334 4000 Clamor.
1342 3975 1444 4002 ¹05tuin
1457 3972 1510 3999 Aea
1522 3970 1626 3999 recellit.
1660 3966 1728 3998 Add.
1741 3968 1768 3999 ⁶,
1779 3967 1822 4000 96·
2047 3969 2050 3971 ’
2331 4001 2378 4024 AB
2386 3990 2409 4022 ἅ

1100 4021 1102 4023 .
1772 4022 1775 4026 ,
2405 4006 2416 4018 Q
