2474 4182
56 118 123 170 537
459 103 675 148 BON
1531 112 1560 153 B
1643 113 1679 153 O
1769 113 1805 152 O
2120 125 2191 173 638

56 207 115 232 ‚nim
129 203 198 230 3550
215 208 269 227 non
282 197 357 229 ideo,
378 197 441 233 quia
460 206 529 225 nunc
547 195 631 228 abest,
651 193 695 221 sed
714 193 778 228 quia
795 201 929 229 nunquam
949 195 1079 223 beneficio
1145 194 1277 228 Priscilla,
1304 195 1478 237 hominesque
1496 200 1612 236 benigno
1632 203 1762 244 Aspexere
1783 203 1850 230 die?
1905 203 1971 231 Diui
1992 207 2086 236 Horat,
2103 211 2191 239 carm,

56 229 111 268 ‘uris
124 236 244 266 abfuerit.
303 234 360 260 Cic.
375 235 445 261 Fam.
459 243 493 266 13,
507 240 535 266 33
555 233 640 264 Quem
654 230 749 256 Caesar
763 239 823 256 mco
838 230 967 258 beneficio
980 233 1008 258 in
1022 233 1078 259 No·
1146 242 1174 266 4,
1188 241 1213 264 2,
1227 236 1262 264 38.
1336 233 1448 272 Materia
1462 235 1527 260 risus
1542 237 1736 272 benignifiuna,
1756 242 1774 265 i.
1796 238 1903 275 copicfiz,
1917 242 2006 276 ampla,
2022 250 2050 268 ut
2062 246 2194 281 Malignus

55 273 208 303 rocouienses
225 270 333 302 retulit,
353 272 372 296 i.
390 269 593 297 commendatione
608 275 667 291 mcc.
741 266 839 293 Aetatis
857 267 1017 302 longiflimae
1037 268 1079 294 bc·
1146 266 1296 302 estparcus,
1314 271 1396 307 tenuit
1416 272 1471 294 Seu.
1486 270 1517 295 dc
1532 272 1618 299 Contt.
1633 283 1653 300 c.
1672 280 1695 304 13
1711 282 1754 310 pr.
1827 275 1889 302 Stat.
1904 275 1994 302 Theb.
2011 286 2048 310 ιο,
2062 288 2112 305 220
2148 298 2193 303 .—

10 324 12 327 ,
26 297 27 301 ’
54 309 137 337 ,efficio
156 306 286 341 Qinc‘til.
300 315 321 337 3,
337 314 356 337 ι,
365 314 390 338 9.
405 305 435 331 de
445 306 537 341 Gorgia
545 303 662 329 Leontino
669 302 777 336 loquens.
832 303 934 337 Ingenii
950 303 1079 330 beneficio
1146 304 1242 329 iterum
1259 310 1317 328 ecce
1330 303 1458 338 benignae
1496 305 1591 333 Nouis
1606 318 1666 336 aues
1681 311 1787 345 sequor,
1806 313 1823 338 i.
1838 314 1954 348 auguria,
1963 322 2023 348 quae
2030 313 2133 349 sellem,
2147 317 2193 343 hm„

53 344 194 372 maestantes
213 341 344 375 Quinctil.
356 350 380 372 2,
395 350 426 372 11,
439 349 464 367 2.
498 336 565 366 Add-
579 343 608 370 5,
630 345 668 369 10,
692 345 742 363 ιιι.
800 338 866 365 Tuo
886 339 1032 372 beneficio,
1059 343 1078 367 ι’.
1108 342 1122 368 ς
1145 336 1215 364 noae
1229 337 1405 372 eipeiiitioncm
1415 343 1575 380 promittunt.
1646 346 1755 372 Numen
1770 348 1837 374 Hor.
1850 348 1939 374 Carm-
1954 357 1982 381 4,
1996 357 2025 381 4,
2039 356 2083 382 74-
2136 353 2191 379 Cic.

53 383 103 408 Tua
114 386 186 415 opera
207 378 261 404 Cic.
278 379 350 404 Fam.
364 386 401 408 ιο,
415 387 442 410 4.
456 380 481 401 et
492 383 522 407 u,
536 381 572 399 22.
1143 372 1196 400 Off.
1206 382 1230 405 2,
1244 378 1277 412 48
1298 383 1319 398 c.
1332 382 1364 414 ιιι.
1381 375 1564 415 Praecipiunt,
1583 383 1612 403 vt
1625 382 1746 407 oratione
1761 381 1884 417 benigna,
1899 383 2076 411 multitudinis
2090 386 2192 414 animos

48 388 52 450 i
77 422 92 443 Β
102 422 118 441 Ε
127 422 148 441 Ν
157 421 173 440 Ε
183 420 199 440 F
210 419 220 439 1
231 420 248 441 C
259 420 275 440 E
287 419 309 440 N
320 420 341 440 'r
351 419 361 438 1
371 419 392 438 A
401 430 408 438 .
442 410 456 443 [
463 408 600 443 ἕνερνεσῖα]
635 404 678 440 Est
691 409 855 444 Benignitas,
876 411 918 436 vel
928 409 1078 436 Liberalitas
1144 409 1176 435 ad
1198 407 1409 449 beniuolentiam
1430 411 1554 437 alliciant.
1628 414 1724 442 Praeda
1746 417 1827 444 Ouid.
1841 419 1905 445 Fast.
1926 428 1948 452 ς,
1970 428 2026 455 174·
2054 423 2071 447 i.
2086 423 2191 458 copiosa,

7 469 11 472 r
48 454 124 487 pirrus
135 452 268 481 nimirum,
288 457 348 484 quae
360 453 427 474 amat
436 440 550 480 conferre
562 442 687 478 beneficia.
736 445 792 471 Cic.
807 445 859 471 Off.
876 455 895 478 ι,
906 454 940 472 20
961 455 981 471 c.
995 453 1012 478 7
1037 445 1077 470 Iu-
1143 445 1238 470 Horat.
1252 445 1330 479 Epist.
1347 454 1366 477 1,
1381 454 1401 478 ς,
1417 455 1440 472 ιι
1468 446 1603 486 neumam
1625 450 1744 478 sermone
1765 452 1881 487 benigno
1903 455 2011 482 tendere
2029 455 2152 489 tiodiem,
2174 462 2193 484 ι’.

9 503 11 507 -
51 486 126 513 'itiae
145 484 285 512 coniuncta
300 479 483 512 Beneficentia,
501 487 581 513 quam
600 478 724 511 eandam,
745 481 786 507 vel
806 481 1012 515 Benignitatem,
1032 478 1074 504 vel
1142 481 1217 506 multo
1231 486 1254 506 ct
1267 481 1382 507 summio.
1434 482 1501 508 Phu.
1516 482 1607 518 deAcg
1625 490 1685 518 pto,
1706 486 1785 514 Nulla
1801 490 1836 515 est
1851 489 1993 525 benignior
2005 492 2192 525 tellus‚1milus

6 513 11 547 ,⁷
52 521 239 548 .iberalitatem
255 517 379 554 appellari
392 516 461 542 licet.
498 516 530 540 Et
541 523 566 546 2,
580 523 610 547 32
630 524 651 541 c.
669 523 692 547 ις
709 516 837 552 Deinceps
853 517 886 543 de
901 515 1074 543 Beneficentia
1094 518 1122 536 ¹0
1142 524 1203 550 ager
1216 516 1349 548 feracior,
1367 520 1454 552 nqim
1470 493 1644 553 l.1145j;-1,{}{,5
1656 520 1754 548 reddat.
1822 525 1982 560 Temperies
2002 529 2098 555 mentis
2119 530 2192 556 beni-

7 540 18 555 *
56 557 245 590 cLibei-aligate
258 553 393 582 dicendum
404 550 447 577 est.
485 550 568 577 Cuius
583 550 619 576 cst
634 552 703 577 ratio
718 552 823 587 duplex.
853 553 921 579 Nam
936 556 980 576 aut
993 558 1074 585 opera
1143 560 1192 586 gna
1207 551 1345 578 Claudian.
1360 552 1473 586 Epithal.
1488 553 1583 579 l'allad.
1599 557 1643 589 64.
1715 557 1820 590 Terra,
1833 561 1971 597 fi'ugtfira
1984 563 2092 590 'sibun'
2108 573 2131 597 3,
2144 567 2192 598 3‚6

6 579 18 610 '‘-
50 593 152 628 enigne
169 592 199 619 fit
217 587 407 625 indigentibus,
426 590 470 612 aut
491 587 608 620 pecunia.
664 587 719 613 Cic.
740 588 773 614 de
789 589 882 614 Natur.
898 588 1073 626 Dcor.1‚122
1142 589 1173 613 Et
1187 588 1394 627 magnas—messes
1413 594 1482 615 terra
1493 588 1614 629 *benigna
1635 589 1717 617 daret.
1789 594 1871 620 ‘reste
1895 598 1941 623 sub
1962 599 2079 634 benigno
2098 601 2192 628 viuere

4 632 7 634 .
41 644 43 649 Ι
56 637 101 662 ’43
122 627 195 662 Quid
207 626 276 653 enim
290 623 383 650 melius
396 628 441 648 aut
454 622 625 656 praestantius
634 622 753 650 bonitate
771 630 796 650 et
811 622 996 650 beneficentia?
1034 621 1072 648 Id.
1141 622 1279 650 Claudian.
1295 632 1324 649 ιιι
1341 632 1379 657 pr.
1394 625 1473 650 (jons.
1488 625 1544 650 Stil.
1560 633 1583 655 2,
1598 634 1652 660 124.
1707 628 1780 654 Vena
1793 628 1893 663 ingenii
1909 634 2102 666 H⁰¹·.Carm.:·‚
2118 642 2152 669 ¹3,
2165 646 2192 672 7-

0 643 14 695 τ
42 676 44 678 ·
61 673 110 691 am.
126 673 134 690 1
157 671 174 698 7
203 665 229 688 in
241 658 379 687 melioribus
391 657 467 684 libris
480 660 578 684 inuenit
596 657 740 692 l‹'it‘i‘0rius,
761 659 806 686 Te
819 667 883 685 vero
897 666 994 683 moneo
1013 666 1074 684 cum
1140 659 1228 685 Verba
1244 660 1360 693 Proper-t.
1376 667 1394 689 ι,
1407 668 1444 691 10,
1462 668 1504 692 24.
1542 660 1614 687 Idem
1630 670 1651 693 3,
1668 670 1701 694 13,
1715 672 1757 696 42.
1831 666 1868 691 Eo
1889 667 1943 694 sum
1962 671 2005 696 vsa
2027 671 2142 699 beniuno
2164 680 2191 700 et

0 703 13 730 ri
39 684 215 727 {cnefic’entiis
227 696 292 727 tuis,
308 699 466 720 tumamore
481 694 604 720 incitatus
619 704 687 720 mco.
723 696 766 721 Al.
779 693 924 720 Beneficiis.
1095 698 1120 724 15
1141 695 1247 729 lepido,
1269 702 1294 721 et
1312 695 1399 725 comi,
1414 696 1521 721 Bacchif
1533 696 1561 722 dc
1583 697 1710 732 Pamphilo
1725 699 1794 725 Ter.
1810 701 1873 726 Hec-
1890 710 1917 733 ς,
1938 712 1963 735 3,
1981 714 2018 736 39.
2077 693 2135 734 liin.
2149 714 2192 742 28,

14 756 16 759 ,
40 750 45 765 s
74 741 91 762 B
100 741 116 760 Ε
124 740 169 761 ΝΕ
177 739 202 759 Μ
211 738 227 758 Ε
235 738 253 757 R
262 737 278 756 E
287 737 306 756 O
314 737 332 756 R
340 749 348 762 ,
374 735 389 756 Β
399 736 415 757 Ε
425 737 446 755 Ν
455 736 471 755 E
481 737 505 756 M
515 737 531 756 E
540 737 558 756 R
568 736 585 756 E
595 738 615 756 N
625 738 636 756 s
647 750 655 762 ,
681 737 696 757 Β
706 738 721 756 E
729 738 750 757 N
760 737 775 756 E
785 737 809 756 M
819 736 835 756 Ε
843 736 862 755 R
872 736 881 755 1
890 735 911 755 Τ
920 736 940 754 V
950 736 962 755 S
972 748 980 761 ,
1018 728 1073 755 vid.
1142 734 1175 758 26
1195 732 1229 757 Vt
1242 739 1288 766 per
1301 730 1412 757 idoncos
1424 730 1546 757 homines
1555 752 1562 763 ,
1585 732 1701 767 benigno
1715 735 1791 760 vultu
1811 744 1840 761 ac
1855 737 1974 765 sermone
1991 741 2018 767 in
2033 741 2191 777 hospitium,

0 758 12 800 l
39 766 114 798 issiR
125 774 204 796 EOR.
240 766 333 793 Melius
345 767 409 791 enim
421 764 576 792 diuiduntur.
614 767 655 793 Stc
670 769 742 792 ctiam
1141 767 1284 799 inuitatos,
1303 767 1455 801 sopitosque
1470 767 1535 793 vino
1549 767 1691 795 vincirent.
1765 771 1875 797 Vultum
1890 774 1974 800 seruat
1992 776 2099 805 fortuna
2117 779 2191 807 beni-

69 811 109 832 ΒΕ
120 810 142 830 N
152 809 215 831 Epr,
225 808 272 828 nc
284 809 291 827 1
302 807 322 827 T
333 808 352 827 v
363 807 404 833 M,
441 808 457 827 ιι
472 808 488 828 1:
502 808 524 828 N
539 808 555 828 E
569 809 581 828 s
597 807 617 827 v
627 809 647 828 A
662 808 678 828 n
690 808 746 832 vs,
783 806 824 826 BE
834 806 942 826 NEVA
953 805 969 824 L
981 806 997 826 E
1009 806 1031 825 N
1042 807 1054 826 s
1064 819 1072 831 ‚
1141 812 1222 837 gnum
1242 804 1335 829 Horat.
1352 802 1431 836 Epist.
1447 811 1467 835 ι,
1482 812 1512 835 ιι,
1527 811 1569 829 20.
1644 804 1774 838 benignus
1789 806 1847 832 viui
1866 808 2004 844 somnique
2021 812 2093 839 Idem
2108 816 2191 845 Sei-m.

41 837 45 867 J
61 847 77 867 Ε
86 847 108 866 Ν
116 846 133 866 E
143 846 164 865 v
173 844 190 864 Ε
198 843 214 862 L
223 843 238 863 L
248 843 264 863 Ε
273 857 281 869 ,
316 836 369 863 vid.
397 843 413 862 P
423 844 438 863 L
447 844 468 863 A
478 844 493 864 C
503 844 519 864 E
528 844 547 864 O
555 857 562 867 ‚
589 844 601 863 s
611 844 630 863 V
642 844 661 863 Α
670 844 688 863 D
698 842 714 862 F.
722 842 741 862 0
749 854 757 867 ,
787 841 807 861 V
817 842 839 861 A
848 842 864 860 L
875 842 891 861 E
901 842 919 861 O
929 855 937 867 ,
960 843 979 861 V
990 843 1008 861 o
1019 841 1035 860 L
1045 842 1074 862 o.
1141 847 1165 867 2,
1179 847 1200 870 3,
1216 847 1236 870 3.
1265 840 1329 865 Vino
1345 846 1367 864 ct
1374 838 1461 874 fhmno
1476 840 1546 875 large
1563 838 1637 865 indul
1655 850 1704 865 ens.
1774 842 1886 877 Compar.
1925 845 2094 880 Benigniores
2110 860 2192 885 quani

69 880 169 902 BENE
182 878 202 897 v
213 870 232 898 ὀ
243 878 349 899 LENs.
392 873 483 899 Partic.
521 874 634 906 [ἐυνοιῖῑν]
675 872 702 897 Α
720 871 790 897 Bene
808 870 888 903 volo,
914 870 978 906 quod
998 874 1073 896 unica
1090 878 1126 896 20
1140 883 1181 900 res
1196 874 1296 908 patitur
1310 875 1365 900 Cic.
1379 873 1431 900 Off.
1451 883 1459 900 1
1481 884 1502 900 c.
1518 884 1556 908 14.
1650 875 1789 909 enigniora
1810 878 1891 905 verba
1911 880 1970 906 Liu.
1988 891 2025 914 21,
2041 893 2081 916 19,⁴
2113 889 2190 923 Cous⁴

51 919 90 938 πρ
102 907 290 944 „onst-ribuar,
342 908 425 935 Plaut.
441 910 523 935 Mero,
537 918 565 942 4,
585 917 597 940 ς
623 907 740 941 (suppos.
755 914 780 938 2,
795 910 842 938 23)
867 907 930 932 Non
946 907 1002 932 sum
1016 915 1073 932 mo-
1140 910 1314 936 Plaut.Trin.
1331 919 1354 939 ι,
1371 920 1397 943 4,
1409 915 1446 942 58.
1518 911 1612 946 siapsrl.
1640 911 1853 945 Benigniffimum
1873 915 2011 944 inuentum
2029 919 2093 946 Plin.
2109 930 2136 955 33
2164 932 2189 950 2,

59 945 108 978 sta,
128 944 172 972 scd
192 943 362 971 beneuolcns.
435 945 542 971 Amicus
555 943 669 970 aduenio
687 942 801 968 multum
818 941 978 968 bcneuolcns
997 941 1073 968 Idem
1140 945 1214 980 Conf.
1231 946 1287 971 Scu.
1304 945 1335 971 dc
1349 946 1438 972 Benef.
1453 953 1485 980 7,
1506 954 1544 980 14.
2138 943 2145 955 ³

35 975 39 983 ’
63 984 113 1009 erc.
128 988 151 1014 5,
166 989 197 1012 2,
222 982 268 1013 46.
340 981 529 1007 Bencuolentes
542 979 582 1006 dii
606 977 716 1004 1d.Mi1-
732 986 759 1010 4,
772 982 795 1009 8,
808 985 847 1011 4¹·
920 978 1001 1011 Spero
1021 977 1073 1003 lae·
1177 987 1192 1007 B
1207 987 1223 1007 ιτ
1238 987 1259 1006 Ν
1280 990 1288 1007 ι
1305 988 1325 1007 G
1340 989 1361 1007 N
1374 989 1405 1007 E.
1442 981 1623 1018 [φιλιφρόιως,
1642 982 1800 1018 ἐλευθερίως]
1837 984 1999 1019 Liberaliter,
2014 988 2066 1022 stae
2079 992 2148 1021 larue
2165 1000 2190 1019 s,

77 1031 80 1040 .
100 1022 127 1044 et
140 1015 343 1043 beneuolentem
361 1015 499 1043 celebrass'e
512 1014 624 1042 natalem
636 1022 733 1040 mcum.
770 1012 900 1047 Augustus
914 1013 941 1039 in
961 1013 1072 1047 epistola
1138 1015 1241 1042 abunde.
1278 1017 1346 1043 Ter.
1365 1018 1429 1043 Hec.
1446 1025 1467 1049 ς,
1489 1026 1513 1050 2,
1532 1027 1541 1044 1
1570 1018 1649 1044 Nihil
1668 1018 1736 1053 apud
1757 1028 1799 1045 me
1820 1020 1871 1046 tibi
1890 1021 1982 1048 defieri
2003 1026 2102 1057 patiar,
2118 1018 2190 1062 ‘quin

53 1067 55 1075 ι
74 1052 171 1080 Caium
184 1062 199 1078 a
218 1051 251 1077 ud
263 1052 333 1078 Gell.
350 1060 383 1084 ις,
397 1059 423 1086 7.
457 1051 505 1079 Sed
521 1051 605 1077 melius
623 1050 731 1084 legitur,
750 1048 818 1075 bene
833 1049 973 1075 valentem.
1015 1050 1072 1075 Ati·
1088 1054 1119 1080 23
1139 1052 1211 1085 quod
1225 1061 1291 1085 opus
1308 1052 1352 1083 tit,
1376 1052 1489 1086 benigne
1508 1053 1674 1087 praebeatur.
1723 1054 1771 1081 Vbi
1786 1056 1920 1088 Donatus;
1942 1059 2074 1092 Benigne,
2095 1062 2190 1097 Lai-ge,

65 1087 123 1115 ndo
136 1087 184 1124 fi⁴⁶
206 1090 291 1114 antiae
305 1090 412 1122 ponitur
427 1093 474 1122 pro
486 1088 583 1113 Amic-o.
636 1084 717 1111 Plaut.
732 1084 795 1111 Cist.
809 1093 874 1124 2‚-3,
886 1094 920 1118 42
946 1084 1029 1124 Illaec*
1046 1085 1072 1110 se
1140 1087 1190 1113 hoc
1214 1088 1285 1114 enim
1307 1087 1342 1114 est
1364 1089 1480 1122 gratius:
1512 1098 1567 1115 non
1588 1090 1672 1116 solum
1693 1090 1833 1124 praebere,
1854 1093 1897 1119 sed
1918 1089 2033 1129 benigne
2052 1098 2189 1130 praebere.

6 1139 14 1154 ι
41 1137 43 1146 ¹
71 1143 73 1146 .
99 1123 159 1151 dam
172 1123 260 1150 aiebat
281 1123 422 1150 mulierem
433 1123 505 1149 suam
517 1120 722 1148 beneuolentem
736 1129 881 1147 conuenire
896 1120 976 1146 etiam
991 1129 1072 1154 prius.
1139 1124 1256 1158 Benigne
1289 1123 1396 1158 praebet
1427 1124 1490 1150 oc‘to
1527 1131 1618 1159 portus
1655 1126 1721 1152 Plin.
1756 1134 1786 1160 ς,
1813 1136 1838 1160 31
1859 1129 1878 1154 s.
1891 1132 1931 1161 36.
1952 1130 1980 1156 de
1993 1130 2080 1158 Rhodo
2094 1134 2189 1169 laſs-«la,

5 1172 15 1191 r
42 1150 101 1196 [oris.
122 1158 195 1186 Idem
208 1159 292 1186 Trin.
307 1168 333 1191 ι,
349 1168 380 1191 2,
399 1165 424 1193 7.
477 1158 510 1184 Et
521 1164 543 1190 5,
557 1165 582 1188 2,
596 1165 631 1189 24
650 1156 836 1191 Megaronides
857 1156 1004 1183 communis
1020 1155 1071 1182 hoc
1139 1159 1255 1194 Benigne
1269 1166 1421 1194 attenteque
1437 1160 1554 1194 aliquem
1574 1161 1667 1188 audire
1687 1163 1743 1189 Cic.
1758 1172 1808 1197 pro
1822 1163 1926 1191 Cluent.
1942 1171 1955 1196 8
1975 1175 1997 1193 c.
2011 1176 2032 1199 3.
2090 1169 2149 1195 Liu.
2167 1178 2190 1201 ι,

2 1203 12 1224 .·,
47 1203 100 1222 eus
115 1201 140 1222 et
154 1201 214 1222 tuus
230 1194 389 1221 bencuolens
406 1198 568 1220 commentus
582 1192 626 1218 est.
903 1225 911 1230 ,
1138 1203 1171 1221 22
1198 1195 1306 1230 Excepti
1324 1195 1441 1230 hospitio
1455 1196 1547 1230 Legati
1567 1196 1600 1223 ab
1615 1197 1704 1224 Tullo
1718 1198 1814 1225 blande
1835 1206 1861 1227 et
1887 1200 2009 1236 benigne.
2067 1206 2190 1239 1²²P2‘1'ml5

15 1251 17 1258 .
63 1237 105 1258 BE
114 1239 135 1258 N
145 1238 161 1258 E
171 1239 191 1258 V
201 1229 221 1258 (ι’
231 1237 247 1256 L
256 1238 277 1258 V
286 1238 298 1256 s
307 1250 315 1263 ,
339 1235 384 1261 aut
403 1236 442 1256 ΒΕ
452 1236 473 1255 Ν
483 1236 491 1255 1
500 1235 521 1255 v
530 1235 548 1255 ο
557 1235 573 1254 L
583 1235 603 1254 V
612 1235 636 1259 s,
656 1227 837 1263 (quodprobat
844 1227 959 1262 Liplrus)
978 1236 1001 1258 a,
1015 1236 1069 1267 iun.
1086 1236 1118 1259 30
1138 1231 1254 1266 Benigne
1268 1230 1301 1264 ‹st
1315 1231 1402 1258 blande
1414 1232 1564 1267 recusantis.
1602 1233 1696 1260 Horat.
1707 1234 1786 1268 Epist.
1803 1244 1824 1268 1,
1831 1242 1858 1270 7,
1869 1239 1911 1263 62.
1933 1239 2060 1265 Inuitum,-
2078 1242 2191 1267 vulteius

4 1260 19 1293 ⁵.
48 1267 156 1297 ὐναϊκός,
169 1266 250 1300 svm]
285 1265 360 1293 Idem.
396 1264 464 1291 Ter.
474 1265 538 1291 Hcc.
553 1271 576 1297 ς,
588 1273 608 1295 ι,
622 1271 648 1295 35
667 1264 782 1291 Facilem
796 1263 1009 1297 beneuolumque
1021 1263 1070 1288 hn-
1139 1268 1229 1298 Mena,
1255 1282 1301 1287 ——-
1321 1267 1386 1302 quid
1402 1268 1502 1294 multa?
1524 1268 1636 1303 benigne
1674 1270 1832 1305 Respondet.
1905 1272 1946 1306 Est
1957 1275 2060 1308 perinde
2077 1276 2138 1311 aest
2151 1277 2192 1303 di-

14 1320 18 1332 .
53 1311 76 1330 ia
87 1308 132 1330 tua
145 1304 198 1329 iam
211 1302 263 1330 tibi
276 1310 318 1328 me
330 1300 453 1328 reddidit.
525 1299 607 1326 Plaut.
623 1301 696 1334 Capt.
709 1308 735 1332 2,
750 1308 773 1331 2,
789 1308 836 1325 100
860 1298 941 1331 Quod
961 1308 1003 1324 me
1020 1299 1069 1325 effe
1136 1311 1214 1333 cerer,
1234 1303 1380 1339 Excufiztum
1399 1313 1434 1329 me
1451 1304 1555 1336 habeas,
1588 1311 1617 1331 vt
1636 1306 1703 1340 apud
1720 1306 1854 1342 Aristoph.
1883 1308 1911 1335 in
1934 1310 2014 1337 Ranis
2033 1319 2073 1344 513
2098 1315 2191 1343 καλῶς,

52 1338 73 1365 it
84 1347 146 1366 erva
161 1340 186 1365 se
197 1337 368 1365 beneuolum.
437 1336 584 1363 Beneuolus
599 1335 710 1362 domino
725 1336 814 1361 seruus
829 1334 884 1361 Cic.
899 1343 948 1368 pro
962 1334 1067 1361 Cluent.
1137 1345 1162 1364 et
1182 1338 1293 1365 κάλλιπε
1314 1348 1362 1371 5¹¹·
1390 1346 1416 1365 et
1433 1340 1518 1365 ἐπαινῶ
1539 1340 1637 1366 ibidem.
1685 1342 1719 1368 Vt
1732 1343 1800 1369 Ter.
1814 1344 1879 1370 Eun.
1893 1354 1916 1377 2,
1929 1354 1952 1378 3,
1968 1354 1993 1379 ςι
2020 1347 2115 1375 Κεὲὶεὶ
2137 1351 2192 1375 Ita-

46 1377 81 1402 6.
115 1360 159 1404 t{ic
173 1374 205 1401 de
219 1375 320 1401 quent-
332 1381 357 1405 2,
372 1374 412 1399 161
431 1381 453 1398 c.
463 1380 490 1405 53
511 1372 609 1399 Patriae
617 1371 749 1397 beninoli.
800 1369 906 1396 MA&
923 1379 931 1396 ι
952 1371 981 1396 in
989 1371 1066 1397 Verr.
1134 1383 1179 1410 que
1192 1374 1255 1400 illud
1269 1375 1374 1400 eiusdem
1387 1375 1466 1409 Epist.
1481 1385 1505 1401 v.
1522 1378 1550 1401 16
1568 1379 1595 1402 in
1608 1377 1706 1402 cundem
1719 1380 1889 1413 accipiendum
1897 1381 1996 1418 sensum
2042 1397 2086 1403 ——
2123 1391 2148 1410 at
2161 1392 2192 1411 tu

45 1432 50 1439 .
76 1419 97 1437 c.
110 1415 124 1441 8
161 1410 223 1437 Siue
243 1408 371 1436 beniuolo
391 1408 481 1434 animo
496 1417 553 1438 me,
578 1413 607 1434 vt
619 1414 778 1441 magnopere
792 1414 929 1438 canerem,
948 1414 1067 1440 praemo-
1088 1417 1115 1443 35
1135 1410 1305 1444 quantumuis
1319 1410 1398 1436 tolle:
1419 1411 1543 1444 Benigne.
1587 1413 1621 1438 Vt
1633 1412 1678 1438 hoc
1691 1413 1862 1449 respondentis
1868 1415 1920 1448 fit,
1934 1424 1957 1443 et
1972 1418 2029 1444 belle
2041 1420 2193 1455 recufimtis-

60 1445 112 1473 bat.
155 1447 187 1472 Et
203 1445 234 1472 de
247 1445 321 1472 Orat.
336 1453 359 1476 2,
371 1453 418 1476 322
435 1453 456 1470 c.
472 1451 506 1478 79
528 1445 563 1470 Ex
579 1443 611 1469 iis
629 1450 726 1474 autem,
741 1441 810 1475 apud
825 1451 892 1476 quos
911 1446 1022 1476 agetur,
1040 1447 1068 1468 et
1135 1445 1209 1481 Conf.
1224 1445 1357 1481 Casaubon.
1374 1443 1444 1472 Leti.
1467 1447 1572 1473 Tbeocr.
1589 1454 1643 1482 cap.
1657 1451 1695 1474 16.
1732 1449 1825 1476 Contra
1846 1454 1994 1486 accipientis
2011 1454 2192 1482 humanitatem

49 1482 181 1514 niuolos,
198 1481 317 1516 beneque
335 1479 521 1510 existimantes,
533 1477 684 1505 efficiamus.
757 1477 813 1504 Cic.
835 1477 866 1504 dc
880 1479 983 1503 Inucnt.
1000 1486 1019 1509 1,
1035 1486 1067 1503 20
1134 1479 1177 1513 est.
1214 1481 1284 1507 Ter.
1305 1481 1412 1507 Phorm.
1427 1489 1449 1514 5,
1464 1487 1487 1514 8,
1503 1484 1536 1508 62
1564 1483 1597 1509 At
1618 1492 1667 1517 ego
1682 1483 1783 1510 ecastor
1796 1485 1902 1519 posthac
1916 1487 1982 1518 tibi,
1998 1489 2071 1522 quod
2085 1497 2192 1524 potero,

59 1524 84 1549 ις
109 1516 189 1550 Qtod
209 1517 329 1548 eueniet,
349 1515 366 1542 fi
386 1525 446 1541 eum
468 1514 641 1546 beniuolum,
665 1519 809 1546 attentum,
828 1513 944 1540 docilem
964 1514 1067 1540 fecerit.
1135 1522 1161 1543 et
1175 1526 1242 1551 quae
1255 1517 1328 1543 voles
1343 1517 1493 1552 faciamque
1508 1524 1533 1544 ct
1548 1517 1643 1545 dicam.
1678 1526 1703 1545 P.
1725 1520 1841 1554 Benigne
1854 1521 1929 1548 dicis.
1956 1530 1986 1549 Ν.
2001 1524 2046 1558 pol
2062 1526 2191 1553 meritum

27 1570 31 1579 .
58 1552 181 1579 niuoium
194 1553 314 1578 omnium
330 1552 425 1577 flumen
441 1552 517 1577 Nilus
530 1550 662 1577 Ammian.
677 1558 719 1582 22,
735 1557 769 1582 15.
841 1549 1065 1581 Beneuolenfior,
1134 1552 1171 1580 est
1185 1559 1270 1580 tuum.
1308 1552 1382 1589 Conf.
1396 1553 1478 1579 Plaut.
1494 1554 1581 1580 Truc.
1598 1562 1618 1586 1,
1631 1562 1656 1585 2,
1670 1562 1713 1589 27.
1787 1556 1844 1582 Cic.
1857 1566 1905 1591 pro
1919 1558 2002 1585 Flacc.
2018 1568 2050 1592 54
2078 1562 2126 1588 Sed
2147 1571 2191 1589 cx.

34 1600 50 1611 ,ι
75 1593 160 1623 parat.
179 1587 209 1614 ab
228 1590 330 1622 antiquo
349 1586 520 1613 Beneuolens.
575 1586 630 1613 Cic.
644 1587 715 1612 Fam.
732 1594 755 1617 3,
769 1593 796 1611 12
815 1592 878 1611 extr.
909 1586 1067 1611 Beniuolen-
1077 1592 1114 1617 40
1135 1597 1247 1624 ponam,
1262 1589 1328 1624 quid
1344 1591 1373 1614 in
1386 1598 1416 1615 re
1431 1589 1476 1615 fit:
1500 1595 1529 1615 vt
1545 1590 1720 1624 quamobrem
1735 1591 1782 1618 ista
1795 1593 1902 1624 ciuitas,
1916 1603 2002 1629 neque
2015 1597 2105 1623 seuere
2118 1598 2191 1625 Flac-

49 1636 54 1645 .
87 1621 152 1654 tibi,
166 1631 244 1657 quam
262 1622 381 1653 fueram,
397 1621 487 1648 nihilo
502 1622 558 1648 sum
572 1622 667 1648 factus.
722 1621 795 1647 Idem
808 1621 886 1653 alibi,
907 1621 978 1647 Nam
992 1621 1067 1647 beni·
1134 1634 1195 1652 cum
1209 1625 1385 1660 oppugnarit,
1403 1634 1490 1660 neque
1505 1624 1620 1661 benigne
1639 1625 1804 1660 defenderit,
1826 1628 1891 1655 scire
1911 1631 2017 1664 pollitis.
2090 1634 2190 1662 Omnia

45 1658 170 1691 dentior,
189 1667 269 1694 quam
288 1658 389 1693 semper
407 1658 465 1690 fui,
485 1658 534 1684 effe
555 1666 610 1684 non
630 1657 737 1692 possum.
805 1657 1065 1683 Bcneuolentiffimus
1134 1662 1194 1687 sunt
1208 1662 1326 1695 ingrata,
1344 1657 1413 1686 nihil
1426 1662 1514 1688 fecisse
1528 1661 1662 1696 benigne,
1681 1662 1717 1688 est
1730 1664 1827 1691 Catull.
1842 1672 1888 1699 74,
1902 1674 1923 1698 3.
1996 1668 2091 1695 Facere
2108 1670 2191 1697 alicui

34 1722 35 1726 ,
55 1694 122 1721 imus
135 1693 256 1722 Scribon.
270 1694 316 1728 Ep.
330 1693 364 1720 ad
377 1693 477 1719 Callist.
489 1692 558 1719 med.
634 1693 690 1719 Cic.
704 1694 776 1718 Fam.
791 1701 813 1724 ς,
832 1695 860 1718 ι6
881 1692 931 1718 His
943 1701 993 1727 ego
1007 1693 1065 1719 lite·
1134 1696 1248 1731 benigne
1261 1697 1315 1723 Cic.
1330 1697 1401 1723 Fam.
1418 1706 1452 1729 13,
1467 1699 1511 1732 67.
1584 1698 1653 1724 Ter.
1669 1698 1743 1726 Adel.
1761 1708 1783 1732 ς,
1798 1710 1826 1734 4,
1840 1709 1873 1734 24
1894 1702 1965 1736 Age,
1981 1712 2045 1738 age,
2062 1714 2130 1732 minc
2145 1715 2189 1732 ex-

66 1729 86 1757 fi
98 1729 164 1765 qnid
176 1725 356 1765 I’I‘Ofsseiffcmo
375 1728 556 1755 CXistimabam
575 1728 720 1763 ⁰Pt³¹¹d1¹¹1¹
738 1727 865 1762 qniddam
885 1737 927 1754 me
944 1729 991 1754 css'e
1005 1729 1065 1768 {lisc-
1133 1733 1268 1767 periamur
1282 1739 1374 1759 contra
1388 1733 1484 1767 ecquid
1500 1742 1549 1767 cgo
1563 1733 1668 1768 possiem
1682 1733 1778 1761 blande
1793 1736 1893 1769 dicere,
1906 1745 1950 1764 aut
1965 1738 2078 1774 benigne
2092 1741 2188 1774 facere,

53 1771 110 1793 tum
125 1776 130 1792 :
169 1766 208 1792 fin
226 1765 314 1792 minus
333 1765 486 1796 valuiflent,
510 1762 601 1790 officio
622 1771 707 1789 tamen
733 1764 781 1789 esse
802 1763 924 1790 functum
952 1764 1064 1790 beniuo-
1080 1775 1113 1801 45
1133 1769 1240 1803 quando
1260 1777 1292 1795 eo
1310 1775 1446 1802 prouocat.
1520 1769 1577 1795 Cic.
1591 1769 1644 1796 Off.
1659 1778 1686 1802 1,
1700 1779 1736 1804 42
1760 1771 1911 1798 Videndum
1925 1774 1961 1799 est
1975 1775 2047 1801 enim
2060 1777 2189 1809 primum,

24 1809 26 1811 ’
46 1801 152 1828 ntiss'nni
171 1808 251 1837 atque
270 1799 424 1828 amiciliiiui.
500 1799 570 1826 ΑΜ.
597 1799 674 1834 Apul.
696 1799 767 1826 Flor.
791 1807 804 1832 3
850 1800 1064 1827 Beneuolentiffi-
1134 1813 1168 1830 ne
1188 1804 1256 1830 obsit
1276 1804 1443 1837 benignitas,
1465 1810 1492 1830 et
1512 1805 1545 1830 iis
1566 1804 1642 1838 iplis,
1662 1805 1760 1839 quibus
1780 1806 1894 1841 benigne
1913 1808 2052 1837 videbitur
2069 1811 2141 1845 fieri,
2160 1820 2188 1840 et

14 1861 17 1863 χ
40 1838 58 1864 i
76 1837 216 1872 principes.
599 1844 602 1846 ·
1133 1840 1249 1866 cacteris.
1293 1839 1366 1865 Idem
1380 1839 1433 1865 Off.
1448 1848 1470 1871 2,
1485 1846 1515 1872 52
1536 1840 1607 1866 Nam
1622 1845 1666 1866 aut
1680 1849 1760 1875 opera
1775 1841 1889 1877 benigne
1901 1843 1931 1870 fit
1943 1844 2122 1880 indigentibus
2141 1855 2188 1876 aut

2 1892 15 1898 χ,
56 1879 149 1900 BENE
160 1878 268 1900 VOLE.
303 1870 371 1898 Adu.
408 1870 545 1905 [ἐυνοϊκῶς]
583 1870 639 1897 Cic.
654 1871 686 1897 de
699 1871 758 1897 Fin.
770 1880 791 1903 1,
804 1879 837 1903 34
858 1880 878 1896 c.
894 1873 923 1897 16
946 1872 1021 1904 Qos
1035 1876 1065 1897 tu
1133 1876 1252 1909 pecunia.
1311 1876 1341 1900 Et
1356 1875 1410 1900 Att.
1424 1883 1447 1907 3,
1463 1883 1481 1907 4
1506 1874 1599 1901 Adhuc
1618 1876 1767 1903 innitamur
1781 1876 1905 1912 benigne.
1978 1882 2034 1908 Cic.
2049 1892 2097 1917 pro
2112 1884 2186 1911 Balb.

8 1916 17 1934 ι
51 1909 107 1935 ullo
125 1914 185 1935 ante
204 1916 264 1934 cum
278 1907 451 1939 memoriter,
471 1912 529 1933 tum
541 1906 622 1932 etiam
637 1915 699 1940 erga
717 1915 765 1932 nos
786 1906 870 1932 amice
889 1913 914 1932 et
933 1905 1064 1932 beneuole
1132 1913 1162 1942 36
1188 1912 1300 1943 Comes,
1321 1910 1448 1945 benigni,
1468 1910 1572 1943 faciles,
1593 1912 1683 1937 suaucs
1703 1911 1826 1938 homines
1848 1915 1896 1940 effe
1916 1914 2056 1948 dicuntur,
2078 1920 2123 1953 qni
2144 1929 2186 1947 er.

14 1948 15 1954 ,
40 1943 155 1980 llegisti.
195 1944 238 1971 sic
251 1942 396 1976 Fideliter,
408 1940 594 1976 beneuolequc
607 1941 709 1976 praesto
724 1942 772 1968 effe
786 1941 867 1967 alicui
880 1941 1064 1968 molestiffimis
1084 1948 1115 1975 50
1131 1946 1200 1972 fanti
1215 1947 1328 1973 comiter
1339 1946 1486 1972 monstrant
1502 1946 1574 1972 viam
1588 1956 1594 1971 τ
1613 1945 1728 1979 benigne
1743 1953 1768 1972 et
1787 1956 1843 1973 non
1856 1955 1972 1983 grauate.
2044 1954 2186 1990 Compara.

8 1986 20 2006 1)
43 1994 44 2002 1
61 1979 181 2015 iporibus
196 1979 252 2006 Cic.
260 1980 332 2005 Fam.
345 1987 379 2012 13,
394 1987 437 2005 22.
493 1977 567 2005 Idem
580 1977 612 2003 de
620 1977 726 2004 Amicit.
736 1986 770 2010 90
788 1978 819 2004 Et
834 1977 897 2004 haec
913 1978 1065 2012 accipienda
1131 1983 1227 2010 Horat.
1242 1983 1330 2009 Canu.
1345 1990 1354 2007 1
1364 2000 1373 2012 ,
1390 1989 1422 2013 9,
1443 1982 1460 2005 6
1552 1997 1556 2001 -
1586 1983 1591 1987 ”

49 2016 116 2049 =ice‚
134 2024 219 2051 quum
230 2014 361 2042 beneuole
375 2014 451 2041 flunt.
518 2013 780 2047 Beneuolentissime,
800 2013 938 2048 Augustin.
952 2014 985 2041 ad
998 2014 1063 2041 Hie·
1431 2028 1476 2034 -——
1513 2020 1593 2050 atque
1614 2015 1754 2051 benignius

42 2060 75 2078 ‚m
90 2051 170 2086 Epist,
183 2056 222 2081 28,
255 2057 279 2077 ct
300 2050 344 2085 Ep.
361 2053 397 2085 64
418 2049 451 2077 ad
463 2049 554 2077 Aurei,
1362 2051 1496 2085 ssepi-ome
1522 2051 1691 2085 quadrimum
1718 2053 1815 2081 Sabina

25 2084 33 2092 “
53 2094 69 2114 B
78 2094 94 2114 Ε
102 2094 125 2114 Ν
133 2094 151 2114 E
159 2094 180 2114 v
189 2093 208 2113 0
217 2094 233 2113 L
243 2093 260 2113 E
271 2093 292 2112 Ν
303 2092 325 2112 Τ
336 2094 345 2112 1
355 2093 376 2113 Λ
392 2106 400 2119 ,
436 2087 477 2112 vel
493 2088 579 2112 melius
599 2093 616 2112 Β
626 2093 641 2112 ιε
651 2092 674 2111 Ν
683 2094 692 2112 1
702 2093 724 2113 v
734 2093 752 2112 ο
763 2093 778 2112 L
786 2093 804 2112 Ε
813 2093 835 2112 Ν
843 2092 864 2111 Τ
874 2094 883 2112 1
892 2093 930 2117 A,
962 2093 1001 2110 ae.
1027 2083 1059 2122 ‘f-
1362 2087 1387 2113 O
1404 2086 1570 2113 Thaliarche
1588 2097 1693 2115 merum
1715 2089 1797 2117 diota.
1997 2096 2015 2120 i.
2035 2095 2185 2123 Liberaliur.

33 2121 124 2157 mom,
136 2121 312 2157 ἒυγνωμσσύνη,
331 2120 512 2156 φιλοφροσύνη]
548 2121 646 2152 Amor,
660 2121 731 2155 quasi
746 2120 965 2158 Bona'voluntas.
1000 2118 1057 2144 Cic.
1079 2127 1107 2154 55
1127 2121 1208 2148 Alere
1229 2120 1372 2157 benignius
1392 2123 1463 2149 Mela
1479 2131 1508 2155 3,
1527 2125 1552 2149 6.
1613 2125 1724 2160 Alloqui
1745 2125 1822 2152 Curt.
1844 2131 1868 2160 8,
1889 2128 1915 2161 6,
1931 2136 1968 2162 19.
2039 2130 2186 2167 Benigniug

36 2157 44 2180 ’.
53 2168 88 2186 m.
103 2167 128 2192 1,
146 2167 163 2191 9
189 2157 262 2191 Quid
283 2158 354 2183 enini
374 2156 459 2181 dicam
479 2154 703 2186 beniuolentiam,
723 2163 806 2188 quum
821 2153 890 2179 illud
902 2155 987 2188 ipsum
1001 2162 1058 2188 gra·
1128 2157 1190 2184 dare
1202 2166 1311 2192 operam
1325 2158 1408 2185 Plaut.
1422 2158 1504 2186 Merc.
1541 2179 1548 2185 .
1586 2179 1593 2186 .
1665 2162 1761 2196 Superi.
1799 2162 1856 2190 Cic.
1871 2164 1948 2192 Vei-r.
1964 2173 1990 2198 1,
2004 2174 2031 2199 33
2052 2168 2116 2195 Sunt
2129 2169 2184 2196 alia

29 2217 33 2225 ,
60 2203 142 2220 imum
156 2198 182 2219 et
195 2191 376 2218 sanc‘nffimum
390 2198 488 2216 nomen
501 2190 621 2224 pietatis,
640 2189 725 2215 leuius
738 2188 808 2216 mihi
821 2189 925 2216 meritis
939 2198 1000 2224 erga
1014 2199 1058 2216 me
1126 2193 1211 2228 magis
1226 2194 1330 2221 occulta
1342 2195 1414 2222 furta
1423 2215 1431 2228 ,
1453 2203 1522 2229 quae
1536 2194 1581 2221 ille
1590 2215 1597 2226 ‚
1614 2202 1644 2223 vt
1657 2197 1730 2223 istius
1744 2197 1824 2224 credo
1830 2219 1839 2231 ,
1860 2200 2056 2237 animos‘atque
2068 2204 2184 2238 impetus

31 2225 51 2250 ·‘
53 2237 65 2255 s
77 2229 125 2255 else
139 2227 281 2254 videatur?
334 2226 549 2252 Beueuolentiam
563 2225 697 2261 accipere,
716 2225 771 2251 vid.
784 2234 841 2251 mox
857 2225 968 2253 Ducere.
1010 2225 1059 2252 Ac·
1127 2229 1289 2263 retardaret,
1316 2240 1377 2257 cum
1399 2230 1547 2265 Qiacstore
1568 2232 1615 2258 suo
1636 2233 1815 2268 benignislime
1836 2237 2053 2265 communicauit.
2108 2240 2183 2266 Idem

42 2264 118 2292 itere
137 2261 350 2290 beneuolentiam
370 2260 502 2295 Qiinctil.
516 2270 539 2293 3,
554 2266 575 2291 8,
590 2269 616 2296 7-
688 2261 744 2288 Cic.
759 2269 809 2300 pro
823 2261 892 2288 Sext.
908 2264 925 2288 6
951 2261 1057 2288 Ademit
1126 2266 1205 2292 Verr.
1220 2275 1232 2291 2
1254 2276 1275 2292 c.
1290 2275 1308 2300 4
1328 2267 1414 2299 Aliis,
1433 2266 1451 2293 fi
1464 2266 1616 2298 laudarent,
1638 2268 1820 2303 benigniffime
1837 2273 2005 2304 promittere.
2077 2275 2182 2302 Fouere

36 2299 109 2333 bino
122 2299 207 2326 soceri
218 2307 315 2325 nomen
328 2306 400 2324 mors
412 2297 500 2324 filiae:
523 2297 567 2323 sed
581 2297 718 2324 caritatem
731 2297 804 2324 illius
819 2297 1011 2324 necessitudinis
1031 2303 1057 2324 et
1075 2305 1110 2329 60
1126 2301 1216 2328 valer.
1230 2302 1302 2328 Max.
1318 2303 1401 2337 praef.
1476 2303 1595 2328 [mutare
1613 2303 1687 2330 Idem
1703 2313 1721 2333 χ,
1735 2310 1759 2337 g,
1773 2314 1798 2331 2,

35 2335 221 2363 “’-ιιοίειιτίᾰιιι
240 2343 295 2361 non
308 2333 423 2360 Ademit.
495 2332 647 2368 Adiungere
667 2333 717 2360 sibi
737 2332 951 2360 beniuolentiam
970 2333 1058 2361 homi·
1163 2343 1317 2363 BENiGN
1329 2337 1441 2370 sTER,
1477 2337 1664 2374 [φιλοφρόνως]
1699 2347 1746 2375 pro
1768 2342 1885 2377 Benigne.
1923 2343 2033 2371 Titinn.
2052 2345 2183 2375 Nimium

28 2366 57 2402 72
75 2364 195 2398 'lenitate
206 2368 330 2397 audiendi
342 2370 398 2396 Cic.
411 2378 460 2405 pro
467 2369 540 2396 Mur.
549 2378 578 2403 41
597 2379 618 2396 c.
634 2378 677 2396 20.
740 2369 814 2396 Idem
828 2369 880 2396 Off.
896 2378 922 2402 2,
937 2375 970 2404 48
991 2378 1012 2396 c.
1029 2378 1058 2403 ¹4
1126 2378 1153 2399 te
1167 2373 1329 2407 patrocinari
1343 2375 1436 2399 censeo
1458 2371 1611 2407 benigniter
1646 2375 1753 2402 Nonius
1768 2385 1807 2409 11,
1821 2385 1847 2409 9.

15 2403 18 2409 “
52 2421 56 2423 >
101 2408 193 2442 piunt,
214 2411 243 2434 vt
262 2406 385 2433 oratione
398 2405 513 2440 benig-na
534 2405 712 2432 multitudinis
731 2406 834 2432 animos
850 2405 882 2432 ad
895 2405 1058 2432 beneuolcn-
1162 2415 1179 2435 13
1189 2415 1236 2434 EN
1246 2416 1254 2434 1
1264 2414 1284 2435 G
1294 2416 1315 2435 Ν
1326 2406 1337 2435 ἱ
1348 2416 1401 2436 ΤΑ
1411 2416 1441 2442 s,
1472 2409 1530 2435 atis.
1566 2410 1586 2436 f.
1623 2411 1779 2446 [gemin-275,
1794 2412 1977 2449 ἐλευθεριότης]
2026 2416 2181 2445 Liberalitas

15 2432 20 2441 ⁴
42 2437 220 2478 ..Ailiciann
292 2443 404 2477 Captare
418 2441 628 2469 beniuolentiam
645 2442 701 2469 Cic.
716 2442 807 2476 Agrar.
824 2450 834 2467 1
856 2451 877 2468 c.
891 2448 925 2473 ις.
996 2441 1059 2468 Col·
1126 2450 1151 2469 et
1169 2443 1336 2479 beneficentia.
1393 2445 1461 2472 Ter.
1476 2445 1542 2471 Eun.
1558 2454 1582 2477 1,
1596 2454 1628 2478 2,
1646 2452 1679 2480 84
1707 2448 1781 2474 Num
1801 2448 1870 2475 solus
1887 2449 1956 2477 dona
1974 2450 2041 2479 dat?
2063 2453 2181 2481 nuncubi

41 2492 65 2510 ³2⁴
77 2487 93 2506 e
106 2478 316 2506 beniuolentiam
334 2478 408 2505 Idem
422 2478 455 2507 de
468 2478 577 2505 Amicit.
592 2488 613 2504 c.
625 2486 663 2512 17.
733 2476 886 2511 Complefiki
901 2476 1059 2503 beniuolen-
1075 2478 1108 2511 63
1127 2488 1212 2506 meam
1228 2479 1419 2514 benignitatem
1432 2480 1530 2507 sentisti
1544 2481 1573 2507 in
1588 2487 1614 2508 te
1628 2483 1763 2510 claudier?
1807 2485 1855 2511 Vbi
1868 2486 1995 2518 Donatus,
2012 2489 2139 2525 intelligit
2154 2491 2182 2517 se

33 2528 35 2534 ·
60 2513 178 2551 aliquem
197 2515 254 2542 Cic.
263 2515 334 2541 Fam.
344 2523 369 2547 2,
377 2516 402 2540 6.
438 2513 819 2545 Conciliarebeniuolentiam,
833 2512 1060 2552 vid.CONCiL10.
1127 2522 1152 2541 et
1173 2515 1242 2542 dona
1255 2515 1396 2549 obtulifl‘e,
1418 2522 1444 2543 et
1462 2517 1490 2543 id
1509 2516 1626 2552 benigne
1644 2520 1719 2554 saepe
1741 2520 1846 2547 fecifl'e:
1880 2530 1941 2548 nam
1962 2523 2120 2560 plerumque
2141 2527 2181 2553 in-

45 2551 105 2578 c.de
112 2552 187 2579 Orat.
195 2560 221 2584 2,
230 2556 272 2581 ¹82
279 2559 339 2583 c.43
360 2550 436 2576 Valet
444 2550 527 2584 igitur
535 2550 649 2576 multum
656 2548 688 2576 ad
696 2548 872 2580 vincendum,
885 2548 996 2583 probari
1003 2557 1060 2574 mo·
1126 2557 1199 2586 grata
1219 2551 1288 2578 dona
1301 2553 1368 2583 sunt,
1381 2553 1410 2578 in
1425 2553 1523 2588 quibus
1537 2553 1687 2588 benignitas
1702 2564 1758 2582 non
1771 2563 1893 2591 apparet:
1917 2567 1984 2592 quae
1997 2567 2043 2586 aut
2057 2561 2086 2587 in
2098 2571 2181 2596 quan-

27 2597 31 2604 ·-
41 2599 46 2610 ;
56 2607 65 2619 ,
78 2593 123 2614 etc.
135 2588 290 2621 animosque
297 2585 475 2620 eorum,apud
482 2594 548 2620 quos
554 2586 650 2620 agitur,
659 2584 808 2611 Conciliari
815 2593 894 2619 quam
901 2583 1016 2624 maxime
1026 2583 1059 2610 ad
1125 2588 1201 2614 titate
1219 2597 1311 2614 rerum
1331 2588 1382 2621 est,
1403 2594 1450 2615 aut
1465 2589 1493 2615 in
1510 2589 1637 2617 facilitate
1654 2591 1807 2625 praestantis
1821 2592 1918 2619 Horat.
1931 2595 2013 2629 Epod.
2027 2604 2048 2629 1,
2065 2605 2090 2630 31
2113 2598 2180 2625 Satis

21 2610 298 2654 *niuolentianncum
304 2619 366 2655 erga
372 2627 516 2652 oratorem,
533 2626 588 2648 tum
595 2630 657 2655 erga
666 2620 753 2653 illum,
762 2629 872 2655 proquo
881 2619 951 2646 dicet
957 2626 1058 2647 orator.
1125 2624 1256 2658 superque
1269 2633 1312 2650 me
1325 2623 1474 2659 benignitas
1488 2631 1532 2652 tua
1546 2625 1649 2652 ditauit.
1691 2627 1761 2655 Add.
1776 2628 1844 2663 Nep.
1859 2638 1900 2662 20,
1914 2638 1937 2662 2,
1951 2639 1973 2657 2.
2022 2632 2078 2660 Cic.
2092 2634 2144 2661 Off.
2158 2643 2180 2667 1,

40 2657 166 2685 mseaari
177 2655 388 2690 beniuolentiam
401 2656 620 2690 largitione,vid.
634 2663 827 2684 CONSECTOR.
865 2656 920 2683 Cic.
933 2656 986 2682 Att.
1001 2664 1023 2689 5,
1033 2661 1058 2687 18
1073 2665 1109 2693 70
1125 2667 1161 2693 24
1181 2669 1202 2686 c.
1217 2668 1247 2693 14
1273 2660 1316 2687 Ne
1335 2661 1423 2687 maior
1442 2660 1592 2696 benignitas
1611 2662 1658 2695 fit,
1679 2672 1758 2698 quam
1777 2664 1922 2692 facultates.
1970 2667 2036 2694 Plin.
2050 2669 2095 2704 Ep.
2110 2675 2138 2703 8,
2151 2679 2180 2697 12

9 2699 13 2714 ι
46 2701 96 2720 ruo
104 2692 238 2725 exercitu,
257 2691 301 2718 sed
309 2697 337 2719 vt
350 2692 440 2726 spero,
458 2691 491 2718 ad
507 2691 716 2719 beniuolentiam
729 2701 791 2727 erga
804 2701 852 2718 nos
861 2692 1056 2719 consentiente.
1125 2695 1268 2722 Auditoria
1282 2697 1474 2731 (recitantium)
1491 2707 1546 2723 non
1559 2698 1627 2732 apud
1641 2699 1666 2724 se
1678 2705 1780 2726 tantum
1795 2701 1864 2727 mira
1877 2701 2041 2736 benignitate
2053 2705 2178 2740 frequen-

45 2729 130 2756 fam.
143 2737 172 2761 3,
187 2735 205 2764 7
243 2728 314 2754 Haec
333 2727 367 2754 ad
380 2734 404 2754 te
418 2727 506 2762 scripsi
519 2727 672 2761 liberalius,
692 2728 776 2755 fretus
794 2729 954 2754 conscientia
972 2726 1057 2755 officii
1124 2736 1170 2758 tat.
1208 2732 1264 2758 Cic.
1278 2732 1310 2758 de
1327 2732 1384 2758 Fin.
1398 2739 1422 2765 ς,
1435 2736 1466 2765 63
1487 2742 1509 2760 c.
1523 2742 1553 2765 23
1578 2734 1696 2761 Iustitiae
1709 2735 1851 2763 adiunctae
1867 2738 1927 2764 sunt
1940 2739 2039 2773 pietas,
2059 2741 2177 2769 liberali-

9 2778 13 2783 ·
43 2765 61 2796 l,
82 2763 334 2799 bfflissOlenfiaques
351 2772 430 2799 quam
448 2772 463 2790 ἃ
482 2773 525 2791 me
542 2771 615 2791 terto
634 2764 735 2791 iudicio
755 2765 911 2799 suscepfflnh
926 2764 1013 2799 quoad
1027 2770 1056 2791 tu
1123 2773 1178 2800 tas,
1191 2767 1357 2802 benignitas,
1370 2769 1496 2801 comitas,
1511 2778 1634 2805 quaeque
1647 2771 1706 2797 sunt
1718 2773 1822 2806 generis
1837 2774 1965 2802 ciusdem.
2002 2776 2175 2803 Plaut.Merc.

8 2810 16 2821 ἰ
40 2800 100 2832 les,
124 2799 303 2827 conset-nabo.
324 2827 330 2834 ¹
368 2801 400 2826 Et
413 2800 465 2826 Att.
480 2802 509 2834 6,
522 2808 532 2826 1
566 2801 594 2827 Si
606 2800 676 2827 nihil
689 2799 761 2827 aliud
774 2800 806 2826 de
827 2800 875 2826 hac
899 2800 1055 2835 prouincia,
1124 2803 1191 2838 prol.
1209 2811 1233 2836 ι,-
1261 2805 1296 2830 Vt
1317 2804 1460 2840 simplicius
1477 2805 1581 2838 dicam,
1600 2805 1618 2832 fi
1631 2815 1711 2842 opera
1729 2808 1766 2834 est
1779 2808 1905 2842 auribus,
1926 2816 2005 2845 atque
2024 2812 2056 2838 ad
2073 2819 2176 2839 verten—

11 2846 13 2854 ι
40 2845 58 2862 ι
75 2835 150 2863 iuius
172 2835 381 2862 beniuolentiam
399 2836 595 2871 Deportass'em,
615 2836 684 2863 mihi
707 2836 736 2863 id
761 2837 821 2863 satis
840 2836 898 2863 effe.
971 2837 1056 2870 Quin·
1072 2846 1105 2874 75‘
1124 2839 1187 2866 dum
1199 2839 1250 2866 huc
1264 2840 1385 2867 animum
1400 2840 1471 2867 adest
1484 2840 1642 2876 benignitas.
1715 2843 1818 2871 Adduci
1838 2844 2017 2880 benignitate,
2038 2848 2091 2873 vid.
2112 2856 2132 2875 Α
2144 2855 2176 2874 D·

35 2871 64 2898 l·-
79 2882 108 2906 4,
128 2880 154 2905 1,
172 2874 190 2898 6
209 2871 428 2898 Benenolentiam
439 2878 484 2899 aut
498 2881 514 2899 a
527 2873 644 2911 personis
664 2873 806 2904 Ducimus,
825 2877 871 2898 aut
886 2881 902 2898 a
916 2871 995 2898 causis
1008 2872 1056 2912 Afi-
1123 2882 1173 2902 DV
1182 2882 1199 2903 C
1208 2878 1236 2903 Ο,
1308 2877 1364 2903 Cic.
1379 2885 1429 2911 pro
1440 2877 1509 2903 Sext.
1523 2886 1547 2908 31
1567 2878 1599 2904 Et
1614 2878 1632 2904 fi
1645 2887 1688 2905 me
1703 2880 1876 2907 attentifflmis
1890 2881 1986 2908 animis
1999 2884 2100 2909 summa
2113 2893 2174 2911 cum

42 2907 129 2936 dnus.
206 2907 329 2942 Experiri
346 2907 426 2934 fidem
445 2913 472 2935 et
490 2907 700 2935 beniuolentiam
720 2909 838 2935 alicuius·
850 2917 911 2943 erga
933 2909 958 2934 se
998 2909 1054 2935 Cic.
1123 2910 1287 2946 benignitate
1307 2912 1419 2945 auditis,
1437 2913 1549 2939 Iudices.
1577 2921 1623 2941 etc.
1677 2915 1751 2942 Idem
1767 2925 1815 2950 pro
1829 2917 1917 2943 Domo
1932 2926 1963 2949 32
1989 2927 2009 2945 c.
2025 2927 2056 2953 14
2082 2920 2173 2947 Vestra

36 2966 37 2970 ,
52 2956 65 2968 ιι
88 2950 132 2979 1,7
161 2942 266 2970 Habere
279 2942 490 2971 beniuolentiam
510 2953 572 2979 erga
585 2944 703 2980 aliquem
733 2944 806 2971 Idem
820 2944 872 2971 Off.
889 2953 910 2977 1,
923 2951 968 2979 47.
1023 2946 1055 2971 Et
1121 2947 1151 2974 in
1163 2957 1205 2974 me
1218 2953 1317 2975 attente
1329 2948 1464 2976 audiendo
1476 2948 1626 2984 benignitas
1640 2952 1764 2985 prouexit
1779 2952 1928 2978 orationem
1942 2962 2037 2980 meam.
2103 2957 2174 2982 Con-

7 2982 13 3008 τ
56 2979 120 3015 Opt.
136 2987 194 3014 gen.
202 2980 282 3007 Orat.
297 2987 325 3013 19
348 2981 435 3015 Atque
454 2981 492 3007 ita
511 2980 723 3015 praedicaretur,
748 2989 810 3007 euni
830 2980 926 3006 donari
945 2980 1053 3007 virtutis
1120 2984 1192 3010 ferre
1205 2983 1397 3018 benignitatem
1416 2985 1445 3011 in
1465 2985 1600 3020 aliquem,
1627 2986 1681 3013 vid.
1695 2994 1852 3014 CONFERO.
1923 2988 2080 3017 Amicorum
2099 2991 2174 3018 beni-

0 3024 1 3028 ’
43 3023 92 3047 o,
114 3012 376 3050 beniuolentiaeque,
389 3025 471 3051 quam
487 3025 550 3051 erga
569 3017 698 3052 populum
719 3015 906 3043 Atheniensem
926 3015 1052 3043 Haberet.
1071 3028 1103 3054 80
1119 3020 1204 3054 gnitas
1224 3019 1348 3047 exhausta
1370 3020 1406 3047 est
1419 3021 1448 3047 in
1460 3030 1491 3047 ea
1505 3030 1550 3054 re,
1571 3031 1639 3057 quae
1657 3022 1726 3048 nihil
1747 3022 1842 3050 habuit
1863 3031 1966 3058 praeter
1985 3025 2096 3053 dedecus
2116 3028 2172 3055 Cic.

40 3062 46 3073 ‘-
55 3058 118 3077 Ufll'e
129 3049 354 3084 benhwlffltiaffl,
374 3051 428 3079 vid.
439 3059 542 3081 NAVO.
618 3053 766 3087 Perspicere
779 3051 988 3079 beniuolentiam
1003 3052 1053 3079 ali·
1120 3056 1174 3082 Att.
1183 3064 1210 3089 4,
1225 3064 1249 3082 2.
1287 3055 1360 3083 Idem
1375 3065 1424 3091 pro
1436 3057 1512 3084 Rosc.
1521 3058 1598 3084 Com.
1606 3066 1632 3090 33
1654 3058 1733 3085 Nunc
1747 3057 1827 3085 dei'un
1842 3060 2037 3088 immortalium
2050 3062 2172 3098 benigni-

44 3086 85 3113 ius
99 3094 162 3120 erga
175 3086 201 3112 se
217 3086 275 3114 Cic.
290 3087 363 3114 Fam.
377 3096 398 3120 ι,
409 3094 435 3122 7.
455 3094 479 3115 et
491 3097 518 3121 9,
532 3090 568 3116 16.
621 3090 713 3116 Petere
729 3087 942 3115 beneuolentiam
955 3088 1053 3115 iudicis
1119 3096 1172 3126 tate
1192 3091 1315 3118 omnium
1333 3092 1457 3119 fortunae
1477 3094 1536 3120 sunt
1553 3100 1649 3120 certae.
1706 3096 1737 3120 Et
1751 3094 1783 3121 de
1799 3095 1895 3122 Natur.
1910 3097 1991 3123 Deor.
2006 3106 2036 3130 ε,
2050 3107 2087 3130 131
2107 3108 2128 3125 c.
2143 3107 2171 3132 33

25 3116 34 3155 ζ’
55 3121 141 3149 ἰιιᾶιί.
156 3129 184 3154 4,
199 3129 218 3147 1.
287 3122 344 3149 Cic.
358 3123 431 3149 Fam.
444 3132 473 3157 4,
489 3132 512 3150 ιι
537 3125 646 3152 Tamen
660 3124 710 3151 hoc
728 3124 799 3151 mihi
812 3123 898 3151 multo
912 3123 1052 3151 iucundius
1118 3127 1168 3154 Sed
1181 3127 1229 3154 illa
1241 3133 1340 3163 quanta
1351 3128 1500 3163 benignitas
1511 3134 1631 3163 naturae,
1643 3129 1718 3164 quod
1730 3136 1784 3157 tant
1796 3131 1879 3159 multa
1889 3131 1923 3158 ad
1935 3133 2103 3168 vescendum,
2117 3141 2172 3163 tam

57 3164 84 3186 et
98 3157 215 3193 gratius,
235 3156 323 3192 quod,
344 3164 390 3184 etc.
413 3164 440 3185 te
458 3159 650 3194 cupidissimum
668 3160 738 3193 mei,
755 3160 964 3195 fingiilaremque
982 3160 1051 3187 mihi
1118 3163 1209 3196 varia,
1226 3170 1251 3190 et
1265 3171 1319 3191 tam
1336 3164 1451 3191 iucunda
1466 3165 1568 3200 gignit?

32 3222 33 3225 ,
61 3193 216 3221 inolentiam
227 3192 380 3220 Praestititse
393 3195 516 3229 cognoui.
571 3196 644 3223 Idem
658 3196 711 3223 Off.
720 3205 745 3228 2,
754 3205 781 3222 21
801 3205 824 3222 c.
835 3198 853 3222 6
872 3197 1051 3232 Qtaecunque
1070 3206 1099 3235 85
1152 3206 1223 3227 BEN
1234 3207 1243 3226 1
1253 3206 1332 3227 GNo
1341 3207 1377 3234 R,
1395 3201 1445 3228 ari.
1491 3201 1597 3236 Vulgat.
1610 3209 1623 3227 2
1636 3200 1709 3228 Esdr.
1721 3211 1749 3236 4,
1761 3210 1801 3236 39.

30 3227 33 3238 ²
104 3229 227 3256 homines
247 3227 352 3255 homini
371 3230 508 3264 tribuunt,
525 3231 558 3258 ad
578 3241 639 3259 eum
655 3231 804 3267 augendum
823 3238 901 3267 atque
915 3231 1052 3259 honestan-

43 3278 63 3289 »ιι
77 3285 87 3299 ‚
107 3271 152 3292 aut
173 3264 373 3291 beniuolentiae
390 3267 474 3300 gratia
492 3267 610 3295 Faciimt.
682 3270 714 3295 Et
728 3267 780 3294 Off.
795 3276 818 3301 2,
832 3276 862 3300 23
890 3277 911 3294 c.
925 3270 942 3295 6
963 3268 1051 3295 Malus
1537 3264 1559 3294 Β
1633 3264 1661 3295 O
1736 3265 1765 3296 Ο

42 3306 71 3325 .·,.
94 3301 131 3329 est
150 3300 234 3328 custos
252 3300 436 3328 diuturnitatis
454 3308 537 3329 metus
552 3313 558 3329 :
584 3310 729 3339 contraque
746 3303 928 3331 beniuolentia
941 3303 1050 3338 Fidelis,
1152 3315 1242 3342 1300,
1277 3315 1472 3342 BOARIVS,
1509 3308 1562 3336 vid.
1586 3316 1659 3337 BOS.

39 3354 43 3359 .
57 3337 96 3370 aii
108 3337 320 3372 perpetuitatem.
392 3338 481 3372 Impar
492 3336 695 3372 beneuolentia,
717 3339 770 3366 oid.
787 3346 898 3366 1MPAR.
959 3341 1049 3368 Muni-
1154 3346 1226 3372 1306
1235 3352 1309 3372 PEs.
1344 3345 1478 3379 [βιώπης]
1528 3346 1685 3382 Cea-asolfum.
1722 3344 1801 3380 Apul.
1817 3345 1849 3373 de
1862 3347 1946 3376 Hei-b.
1966 3359 1989 3376 c.
2005 3357 2054 3384 104
2074 3351 2169 3378 Graeci

52 3387 78 3410 .-
118 3373 251 3406 euolentia
272 3373 364 3407 Nepos
378 3381 415 3403 10,
428 3380 451 3406 ς,
463 3381 490 3407 4·
553 3375 609 3402 Cic.
629 3376 693 3411 post.
709 3375 764 3403 red.
784 3375 817 3402 ad
830 3375 907 3409 Qir.
920 3384 954 3410 24
978 3385 1000 3403 c.
1020 3386 1050 3404 10
1063 3391 1101 3415 90
1117 3380 1260 3408 Paederota
1271 3387 1384 3414 vocant,
1403 3381 1450 3408 alii
1467 3382 1581 3416 boopeS,
1601 3381 1649 3408 alii
1668 3380 1870 3417 arfiophyllon,
1888 3385 1978 3412 Latini
1992 3386 2167 3413 Cerefolium.

62 3415 174 3446 §impter
185 3409 344 3435 memoriam
358 3408 438 3436 vestri
449 3408 574 3437 beneficii
586 3411 671 3438 colam
683 3411 872 3438 beneuolentia
883 3411 1050 3448 sempiterna.
1154 3423 1197 3443 Bo
1206 3419 1255 3444 ὁΤ
1264 3424 1320 3450 Es,
1338 3417 1376 3449 is,
1408 3426 1432 3443 et
1452 3426 1492 3443 ae.
1530 3417 1659 3451 [βοώτης]
1696 3418 1725 3443 Α
1737 3419 1795 3445 boue
1809 3418 1938 3447 dedui‘hm
1953 3431 2045 3448 nomen.
2078 3424 2168 3448 Latine

105 3457 116 3469 ι·
128 3445 184 3473 anti
195 3444 399 3472 beneuolentiae
413 3444 581 3480 Respondete
594 3447 714 3475 scribon.
730 3447 809 3483 Epist.
823 3446 892 3474 med.
959 3448 1051 3484 Singu-
1117 3450 1198 3479 dicere
1206 3452 1330 3488 pofficmur
1343 3452 1501 3480 Bubulcum.
1539 3451 1580 3486 Est
1591 3460 1672 3479 autem
1678 3451 1766 3487 fidus,
1783 3455 1850 3490 quod
1860 3456 2040 3492 Arctophylax
2054 3465 2168 3490 vocatur,

43 3479 283 3514 ⁴euolentia‚
303 3480 356 3507 vid.
370 3480 510 3508 Praestare.
1118 3495 1142 3513 et
1153 3497 1218 3515 more
1235 3488 1348 3521 bubulci,
1360 3487 1434 3524 sequi
1450 3486 1591 3524 plaustrum
1610 3487 1718 3515 videtur.
1774 3491 1867 3518 quen.
1882 3492 1933 3519 Sat.
1947 3502 1969 3526 ς,
1992 3501 2026 3525 23>
2047 3494 2099 3519 Aut
2117 3492 2167 3519 illo

39 3510 48 3520 ³
69 3535 70 3539 χ
85 3522 110 3544 Ἃ
125 3514 259 3552 ιῦΝνε.
295 3516 356 3543 Adi.
394 3516 406 3550 [
415 3516 521 3552 χρηςδς,
533 3516 637 3550 anonis,
649 3518 801 3555 ἐλευθέριος]
838 3517 969 3558 &heruli-r,
982 3519 1050 3547 bene·
1117 3529 1255 3559 tempore,
1274 3533 1329 3560 quo
1345 3525 1372 3550 se
1408 3524 1516 3559 Frigida
1528 3524 1710 3559 circumagunt
1728 3525 1799 3560 pigri
1817 3527 1918 3555 sarraca
1929 3529 2036 3555 Bootae.
2084 3528 2167 3555 Ouid.

128 3562 210 3588 pneris.
246 3552 350 3580 Festus:
369 3552 502 3588 Benignus
519 3554 626 3588 proprie
639 3554 740 3581 dicitur
758 3555 797 3586 is,
817 3563 865 3589 qui
879 3553 956 3582 bonis
970 3561 996 3582 et
1009 3556 1049 3583 di·
1067 3567 1099 3594 95
1119 3559 1185 3586 Fast.
1200 3569 1224 3593 3,
1242 3570 1293 3594 405
1318 3561 1380 3587 Siue
1399 3560 1435 3587 est
1448 3559 1644 3594 Arctophylax,
1659 3559 1714 3587 fiue
1732 3561 1770 3588 est
1788 3563 1864 3598 piger
1882 3563 1930 3590 ille
1947 3564 2049 3590 Bootes.
2109 3565 2168 3591 Fuit

137 3589 184 3617 uid
202 3588 335 3624 largitur:
359 3588 397 3615 est
414 3595 503 3616 autem
519 3589 692 3623 compositum
711 3599 744 3616 ex
762 3591 838 3617 Bono
858 3595 885 3616 et
899 3590 1048 3625 Gignendo.
1116 3602 1196 3622 autem
1211 3597 1322 3628 Bootes,
1342 3603 1372 3622 vt
1389 3595 1494 3633 colligas
1514 3603 1543 3621 ex
1562 3599 1746 3631 comparatione
1764 3608 1862 3632 eorum,
1886 3609 1946 3635 quae
1966 3598 2048 3625 tradit
2065 3600 2166 3634 Hygin-

157 3626 238 3662 alogia
243 3624 338 3661 fimilir
354 3622 388 3658 (st
401 3628 438 3657 ei,
456 3634 505 3661 qua
517 3624 692 3660 Priuignum,
711 3625 820 3661 πρόγονον
839 3625 913 3660 prius
931 3627 1049 3662 genitum
1117 3632 1189 3658 Po'e't.
1205 3632 1309 3659 Astron.
1324 3640 1355 3664 2,
1368 3640 1394 3663 r,
1418 3640 1480 3657 cum
1494 3639 1517 3663 2,
1531 3639 1544 3656 2
1564 3637 1588 3657 et
1606 3640 1636 3665 4,
1655 3631 1735 3666 idem,
1755 3637 1800 3670 qui
1811 3638 1913 3666 Arcas„
1930 3636 1998 3662 Iouis
2014 3643 2045 3660 ex
2066 3636 2129 3661 Calli
2153 3646 2166 3662 ο

125 3667 212 3689 antur.
264 3660 400 3690 Secundum
417 3661 478 3688 haec
498 3663 581 3696 itaque
605 3660 726 3697 benignus
737 3661 825 3697 fucrit
849 3661 916 3688 bene
934 3663 1050 3697 genitus,
1113 3666 1200 3702 filiur,
1221 3675 1295 3703 nepos
1307 3669 1432 3702 Lycaonis
1452 3669 1521 3702 regis
1534 3667 1677 3701 Arcadiae,
1698 3673 1742 3706 qui
1756 3680 1807 3696 vna
1822 3681 1875 3697 cum
1889 3675 1966 3696 matre
1980 3673 2007 3695 in
2022 3672 2112 3696 caelum
2132 3670 2167 3705 .st

73 3721 86 3730 χ,
101 3696 272 3738 generalius,
289 3703 381 3724 namra
393 3696 478 3724 bonus.
532 3697 588 3724 Cic.
602 3696 675 3723 Brut.
690 3704 715 3729 ις
742 3696 791 3723 Sed
809 3697 899 3737 nescio
912 3699 1049 3734 quomodo
1116 3705 1273 3736 translatus,
1294 3710 1319 3730 ee
1330 3703 1370 3729 illi
1384 3701 1451 3728 velut
1464 3699 1546 3735 custos
1557 3702 1695 3738 appositus:
1716 3705 1761 3732 hoc
1772 3709 1837 3732 enim
1844 3704 2166 3743 signficatArHophylax.

37 3744 38 3751 ι
67 3737 152 3769 gsiut
164 3733 262 3767 timore
275 3732 402 3768 benigni,
420 3742 500 3768 quam
514 3732 543 3759 in
556 3732 672 3759 vinitoria
686 3732 755 3767 grati
768 3741 926 3767 reperimur.
951 3739 956 3744 ’
975 3735 1049 3762 Idem
1059 3745 1106 3764 100
1115 3745 1139 3765 et
1150 3737 1288 3766 Armatus.
1331 3739 1377 3766 Vel
1386 3740 1475 3773 potius
1485 3740 1513 3763 in
1525 3739 1603 3768 locum
1618 3740 1717 3767 Bootae
1731 3745 1898 3777 antiquiorum
1908 3740 2024 3776 succeffit
2037 3742 2126 3775 Arcas,
2140 3743 2166 3779 J:

64 3766 71 3789 ἰ
83 3764 94 3775 ‘¹'
115 3777 118 3790 ι
142 3788 149 3800 ,
161 3769 243 3795 Deor.
255 3776 281 3801 2,
297 3776 334 3801 123
356 3769 391 3796 Vt
404 3769 476 3796 enim
489 3769 613 3796 omittam
626 3769 683 3795 vim
698 3774 723 3794 et
737 3774 859 3795 naturam
872 3767 997 3802 deorum,
1016 3780 1050 3798 ne
1115 3774 1306 3810 Arctophylax.
1343 3775 1381 3800 Ex
1395 3774 1447 3800 alia
1455 3773 1548 3810 fabula
1560 3774 1668 3811 Hygino
1682 3783 1816 3804 memorata
1831 3774 1865 3808 est
1878 3776 1977 3802 Icarius
1990 3776 2164 3810 Atheniensis,

22 3799 25 3806 ‘
70 3809 80 3818 ”
92 3802 127 3832 ‘ei
140 3804 250 3840 quidem
262 3804 388 3837 cenred&
425 3805 475 3832 nifi
491 3804 624 3832 imbecilli
641 3805 735 3837 efl'ent,
755 3804 862 3831 futuros
878 3803 1010 3833 beneficos
1023 3812 1050 3835 et
1118 3810 1146 3837 de
1160 3820 1207 3847 quo
1223 3812 1248 3846 J:
1262 3812 1280 3837 Ι.
1320 3811 1372 3836 Iam
1389 3809 1458 3844 vsum
1477 3809 1605 3837 videamus
1625 3813 1764 3848 Pqt‘tarum.
1810 3811 1866 3837 Cic.
1890 3811 1922 3837 de
1935 3812 2032 3840 Natur.
2047 3813 2127 3840 Deor.
2140 3822 2164 3846 2,

19 3863 21 3866 ⁴
52 3852 131 3870 Q...»
149 3840 247 3869 fiiiss‘ei
302 3840 432 3875 Benignus
451 3841 532 3869 alicui
544 3841 626 3868 Plaut.
639 3841 722 3867 Trin.
736 3849 759 3873 3,
773 3849 796 3873 3,
811 3848 848 3867 12.
919 3841 1059 3877 Benignus'
1117 3855 1164 3879 109
1191 3846 1385 3882 Septentriones
1404 3850 1493 3871 autem
1515 3845 1650 3881 sequitur,
1680 3846 1877 3881 Arctophylax,
1893 3848 1977 3883 vulgo
1998 3849 2046 3884 qui
2065 3849 2164 3875 dicitur

10 3889 13 3896 ι
48 3873 163 3917 affinem
174 3876 244 3903 Ter.
251 3875 316 3902 uec.
331 3884 355 3908 3,
369 3883 392 3909 5,
402 3885 445 3904 22.
516 3878 588 3912 Ager
601 3876 732 3912 benignus
745 3875 954 3910 Ouid.Amor.i‚
962 3886 1001 3911 10,
1008 3880 1048 3911 56.
1115 3883 1165 3909 effe
1183 3883 1279 3909 Bootes
1293 3892 1300 3913 ;
1337 3880 1418 3914 Quod
1437 3879 1508 3915 quasi
1527 3888 1635 3910 temone
1653 3883 1804 3911 adiunffffln
1824 3891 1885 3916 prae
1900 3883 1926 3910 se
1940 3885 2028 3919 quatit
2042 3885 2161 3911 Arctum.

0 3913 2 3915 .
32 3933 34 3939 .
47 3917 91 3946 pu
106 3909 251 3948 benignae,
276 3910 330 3943 uid.
344 3911 369 3942 b.
382 3921 408 3940 υ.
448 3917 450 3919 ’
469 3913 532 3941 Stat.
549 3913 614 3941 suu.
629 3920 653 3947 5,
668 3922 688 3947 1,
703 3917 746 3945 108
773 3912 888 3947 Qualem
906 3918 932 3940 te
948 3913 1049 3949 superi,
1059 3928 1104 3956 [ος
1116 3918 1180 3945 Axis
1193 3917 1286 3945 Bootis
1303 3916 1400 3943 Auien-
1414 3916 1524 3980 {erlielz‘}l
1533 3927 1559 3944 v.
1572 3926 1633 3953 405.
1706 3917 1787 3946 Ouid.
1806 3917 1838 3945 de
1853 3919 1918 3947 Arte
1935 3920 1995 3947 Am.
2012 3929 2042 3954 2,
2061 3928 2088 3954 55
2113 3918 2161 3979 Sebd

62 3949 77 3974 ’,
254 3963 263 3970 c
328 3967 333 3971 .
1567 3962 1585 3982 2.
2112 3960 2132 3980 n
2153 3961 2164 3980 Ι.
