2474 4182
90 105 167 145 1325
454 88 489 128 C
577 88 614 127 V
709 88 740 126 R
1599 88 1634 127 C
1721 88 1760 128 V
1845 93 1877 131 R
2151 109 2231 152 ¹326

127 180 308 209 CVRIATV
318 184 330 206 s
340 198 348 210 ‚
367 186 397 211 2,
418 187 471 204 um.
509 177 570 204 Adi.
612 176 659 206 Vt,
673 174 781 202 Curiata
795 173 851 205 leX,
865 182 922 208 quae
940 177 1046 201 curiatis
1058 177 1130 200 comi·
1194 171 1273 197 Stich.
1289 180 1308 203 1,
1324 180 1343 204 1,
1357 180 1392 205 53.
1463 174 1530 200 Ter.
1546 175 1655 210 Adelph.
1672 184 1692 209 1,
1705 186 1727 209 ε’,
1743 185 1773 210 50
1792 179 1920 205 Curernur
1934 191 2041 217 acquam
2055 193 2165 223 vterque
2174 191 2230 218 Par>

93 220 139 243 tiis
156 218 208 243 lata
225 221 287 242 erat.
325 215 381 240 Cic.
404 215 474 240 Fam.
492 222 512 245 1,
527 212 600 249 9fin.
628 211 726 244 Appius
745 224 790 229 —
809 209 945 236 diclita'nat
965 226 1009 230 —
1029 212 1095 242 sese,
1112 210 1129 235 li
1195 214 1262 239 tem,
1277 214 1304 247 tu
1318 209 1444 247 alterum,
1458 218 1507 242 ego
1523 210 1584 236 itciu
1598 212 1718 238 alterum.
1793 214 1848 240 Cic.
1863 215 1900 247 Q
1915 217 1980 243 ΗΜ,
1994 229 2019 250 2,
2034 231 2051 254 4
2078 224 2229 253 Redem‘ori

94 253 195 279 licitum
203 250 368 284 effct,iegc1n
380 250 508 276 curiatam
522 249 592 275 serre
606 253 650 273 etc.
694 243 751 272 isid.
766 253 824 279 quac
838 247 891 271 viri
903 244 972 271 <loeti
986 246 1019 271 ml
1030 247 1053 272 h.
1069 247 1086 271 Ι.
1101 248 1130 271 it.
1195 249 1242 268 tuo
1261 244 1403 282 duniduuu
1424 245 1549 277 pecuniae
1570 248 1676 279 curaui,
1695 249 1772 273 [neell.
1793 250 1982 283 numerandam,
1996 258 2035 280 uel
2048 243 2184 292 psrstmjld
2195 272 2222 287 7„

93 288 127 314 ad
137 289 188 320 Q.
203 287 245 313 Fr.
260 294 283 318 3,
296 294 312 312 2
324 293 388 312 extr.
424 284 515 311 Tacit.
530 283 596 310 Hist.
611 290 629 311 ι,
645 288 669 311 :3
689 287 711 306 ct
725 280 872 307 ibiAcidul.
910 284 971 307 ltcm
984 282 1051 307 Suet.
1062 283 1128 314 Aug.
1195 279 1306 304 Pecunia
1321 280 1422 305 Valerii
1442 281 1569 314 mancipis
1589 283 1698 308 nomine
1715 284 1792 309 uobis
1810 291 1864 310 erat
1884 291 1973 311 curata
1991 289 2045 315 Cic.
2064 293 2132 319 fam.
2155 305 2165 310 -
2186 282 2229 314 uw-

94 333 115 349 c.
130 325 169 354 65.
191 321 257 348 Gell.
276 329 349 356 5,19.
421 320 538 347 Comitia
552 315 664 345 curiata,
684 317 835 342 Conuentus
848 317 895 350 qui
910 317 998 342 litium
1013 318 1087 343 causa
1102 317 1130 342 in
1155 325 1169 351 5
1196 314 1262 339 Hor.
1291 314 1371 340 Serm.
1394 324 1419 346 2,
1439 323 1459 347 ς,
1480 321 1504 346 38
1542 317 1582 341 Ire
1603 318 1729 350 domum,
1751 327 1829 353 atquc
1869 321 2018 348 pelliculam
2043 335 2132 354 curare
2153 311 2231 357 ³¹²¹,ss

92 358 171 384 curiis
183 357 296 389 fiebant,
310 363 336 383 vt
350 357 386 383 ait
401 356 496 382 Festus.
540 352 607 378 Gell.
622 360 679 377 uero
693 359 728 383 15,
742 359 776 385 27
803 353 911 378 Curiata
926 353 1033 378 comitia
1046 358 1130 384 crant,
1195 350 1274 388 Haut.
1289 351 1360 375 Μαι.
1375 359 1398 381 2,
1413 359 1435 382 3,
1450 359 1476 384 ¹7
1509 352 1648 379 Prandium
1668 360 1696 380 vt
1716 354 1803 380 iussisti
1814 375 1821 386 ,
1838 355 1879 381 hic
1899 356 2080 385 ςιιωῐιιηιςῂΖ
2101 363 2145 389 μω,
2167 353 2229 392 ng...

91 401 158 427 quae
177 393 300 419 curiatim
319 401 364 427 per
384 392 506 418 lietorem
524 387 688 419 celabantur,
703 387 730 413 id
750 387 786 413 est
805 388 1034 414 conuocabautur:
1066 396 1131 422 quo-
1196 393 1234 410 ire
1259 385 1409 411 accubitum
1433 386 1503 425 licet.
1576 388 1635 413 Liu.
1659 397 1685 420 1,
1704 397 1734 414 20
1769 392 1895 424 Qnacque
1918 393 2040 428 Prodigia
2066 388 2222 428 fulminibus

92 437 151 456 rum
170 436 244 456 erant
263 427 401 455 Pontifices
419 424 520 454 arbitri·
574 423 628 448 Cic.
647 423 678 449 dc
698 424 766 457 Lege
781 423 843 457 Agr.
864 432 889 454 2,
903 432 936 457 27
975 423 1053 449 Nunc
1068 423 1131 457 quia
1195 420 1282 445 alioue
1298 430 1351 454 quo
1372 422 1428 447 viso
1448 422 1518 447 uussa
1539 422 1730 456 susciperentur
1747 432 1826 458 atque
1846 435 2000 455 curarentur
2012 450 2019 461 ‚
2041 441 2057 456 r.
2071 423 2232 466 fromn-,fflj

94 465 178 498 prima
197 464 242 491 illa
256 464 365 490 comitia
377 462 469 488 tenetis
485 459 628 485 centuriata
641 465 666 485 et
686 458 801 490 tributa,
814 459 913 484 curiata
933 465 1033 484 tantum
1047 459 1130 492 auspi·
1195 459 1434 495 tur‚vexp1'.1renti‹›·.
1508 458 1564 483 Cic.
1582 459 1635 484 Att.
1656 462 1682 490 6,
1703 467 1711 484 1
1741 461 1850 494 Appius,
1869 471 1950 495 qutun
1972 464 1999 496 ἐξ
2014 464 2157 498 &scaenicas
2176 480 2232 504 pro-

92 501 195 526 ciorum
208 500 283 526 causa
302 499 485 525 remanserunt.
523 495 568 521 Sul
586 494 614 520 dc
632 494 671 520 hit
690 497 798 520 comitiis
816 496 878 519 totis
897 493 970 519 libris
988 497 1055 519 inter
1074 495 1130 519 Car.
1152 507 1180 525 10
1195 499 1309 530 vinciam
1329 493 1444 523 curarit,
1464 493 1615 526 sauguinem
1632 494 1749 526 miserit,
1770 503 1814 521 etc.
1860 497 1928 524 AM.
1951 499 2018 525 Tac.
2040 496 2126 536 Ag'ric,
2150 508 2176 531 ,6
2207 516 2230 536 4⁴

92 537 219 572 sigonium
231 543 255 562 et
270 536 329 561 Nic.
346 532 488 560 Grucchium
503 530 652 565 disputatum
665 528 706 563 est.
740 529 798 555 Vsd.
819 534 965 556 COMI'I‘IA.
1195 528 1251 566 Cic.
1269 528 1416 564 pro-Corn.
1432 527 1504 566 lssalb.
1520 535 1547 560 55
1585 530 1660 554 Sacra
1680 531 1784 556 Cereris
1803 532 1917 563 Iudices,
1938 535 2036 562 summa
2054 539 2167 566 maiores
2179 526 2232 567 ,ιω-

127 576 144 597 c
154 578 173 597 v
183 577 201 597 R
211 578 219 598 1
230 572 282 597 ᾹΤ
294 578 301 595 ι
314 577 344 595 M.
371 567 436 595 Adu.
474 567 519 592 P..-
529 565 644 601 singulas
663 568 755 592 curias.
794 563 870 591 Modo
884 564 1000 591 laudatus
1014 561 1047 596 est
1061 563 1129 589 Gell.
1194 561 1239 587 stri
1254 560 1385 593 religione
1399 564 1493 588 connci
1513 565 1730 599 caerimoniaque
1746 567 1902 594 volucrunt:
1923 579 1989 603 quac
2002 581 2082 606 quum
2103 576 2180 602 eilcnt
2199 580 2231 603 affl

93 614 128 638 ις,
143 614 186 640 17.
221 606 269 633 Sed
282 607 327 632 alii
339 606 437 639 legunt,
463 603 509 628 Per
524 596 645 628 lislorcm
658 602 798 627 curiatum.
1193 599 1277 635 sumta
1295 595 1327 621 de
1341 598 1466 637 Graecia,
1485 606 1509 624 ct
1530 608 1576 633 per
1590 601 1700 626 Graecas
1720 602 1778 626 sunt
1798 603 1896 636 semper
1916 613 2003 632 curata
2024 609 2177 643 sacerdot&
2190 621 2233 639 m,-

129 647 206 668 CVR
219 648 255 667 10
291 641 355 667 onis.
375 647 410 663 m.
448 637 611 672 [φρατριεύς]
648 636 766 664 Sacerdos
777 639 868 662 curiae.
893 635 977 662 Curio
989 634 1130 667 Maximus,
1193 633 1310 671 Scrinia,
1332 632 1384 671 vicl.
1404 640 1571 660 svmmvm.
1614 636 1652 661 Se.
1674 636 1729 661 Cic.
1745 637 1776 662 de
1794 639 1867 664 Orat.
1887 647 1909 671 3,
1929 646 1975 671 228
2009 643 2057 669 Sed
2078 645 2129 671 iam
2149 649 2233 674 sur-‹sa-

92 677 174 703 Cuius
185 663 339 704 aufto'ritate
352 674 442 705 curia,
462 681 606 707 omnesque
619 673 741 699 curiones
755 672 928 706 regebantur,
943 670 1039 697 Festus.
1068 670 1129 696 Liu.
1151 680 1176 706 ¹5
1194 677 1269 708 inus,
1284 673 1390 707 iuquit,
1406 676 1505 707 uosque
1525 679 1653 709 curemus.
1726 673 1766 698 Sn-
1784 673 1840 698 Cic.
1862 675 1973 709 Philipp,
1994 686 2020 709 9,
2034 680 2049 703 »ς
2079 682 2171 709 Multis
2193 671 2232 710 {ui

91 720 136 747 27,
150 718 163 743 8
191 714 263 739 Inter
275 711 402 737 maicrum
416 718 505 735 rerum
519 717 593 735 curas
606 709 715 734 comitia
730 708 843 734 Maximi
856 706 972 733 curionis
983 726 990 739 ,
1005 715 1087 740 quum
1102 706 1130 731 in
1195 713 1222 730 ιιι
1236 701 1363 743 vrbibus,
1375 711 1427 737 qua
1448 711 1499 729 iter
1519 705 1647 745 faciebat,
1661 706 1797 734 reficiendi
1812 710 1859 740 Se,
1871 717 1895 735 et
1916 714 2024 738 mmm,
2046 717 2153 747 [ms-,staff
2174 720 2232 745 su-t.

91 748 179 774 locum
198 749 235 775 M.
254 746 362 774 Aemilii
384 744 501 771 sacerdos
523 751 672 776 crearetur,
692 750 766 770 vetus
786 743 966 769 excitauerunt
983 748 1130 772 certamem
1194 739 1325 766 Sublnnia
1344 747 1436 778 curare
1453 740 1521 765 Hor.
1535 741 1612 773 Lpul.
1629 751 1648 772 1,
1665 751 1748 775 12,15.
1821 746 1908 771 Vuem
1923 756 2012 774 curare⁴
2031 754 2096 776 ηιμ-’ς
2115 755 2180 779 ι’ῐρν,
2199 765 2222 780 wc

91 784 210 810 Patriciis
221 781 390 816 negantibus,
404 782 433 807 C.
448 780 565 807 Mamilii
578 780 680 813 Vituli,
692 779 740 814 qui
753 788 820 804 vnus
833 787 864 804 cx
877 777 952 812 plebe
966 777 1078 811 petebat,
1092 786 1131 803 ra-
1194 784 1235 802 22.
1251 813 1254 817 .
1271 774 1340 802 Add.
1362 775 1437 816 Virg.
1457 775 1555 816 (ξυροῖς.
1575 784 1600 806 2,
1620 786 1675 810 397.
1699 815 1702 818 ⁴
1843 778 1863 816 ‘j
1891 790 1900 812 3
1941 785 2063 811 formala.
2077 789 2152 821 alias,
2164 776 2235 824 {mx

72 837 74 841 ,
92 820 192 846 tionem
205 818 251 844 effe
265 817 423 843 habendam:
442 817 505 851 quia
519 825 598 842 nemo
613 823 672 842 ante
685 824 745 841 eum
758 814 806 840 nisi
821 823 852 840 ex
868 813 987 847 patribus
1005 813 1032 839 id
1050 814 1130 839 sacer.
1187 811 1278 847 sermm
1296 812 1372 843 tales,
1385 820 1412 835 m
1423 810 1519 852 'qulbus
1536 808 1655 852 rasi-ringa
1675 813 1774 839 vult-tur
1786 814 1956 850 figazaeficafio:
1975 820 2033 845 Ιιεει
2048 832 2094 847 non
2116 834 2152 849 m»
2167 836 2192 850 ns
2208 827 2237 852 mv

90 855 193 882 dotium
207 852 340 879 habuisset.
412 852 542 879 Curiones
558 860 647 887 quoquc
661 849 725 876 mffl
732 850 795 886 finit
810 851 960 877 Praecones.
997 849 1131 882 Epigram-
1143 861 1177 879 20
1194 845 1311 888 opus-fit,
1332 855 1403 882 quam
1417 846 1630 881 insuperiortbus.
1651 856 1675 872 υ.
1691 857 1715 881 g.
1729 850 1828 875 Curare
1840 859 1898 885 pom
1912 861 1983 879 annet
1996 862 2042 890 pro
2060 849 2167 885 Timo-22³
2178 862 2233 888 Cic.

90 896 159 918 mata
177 890 285 915 curione
305 897 359 914 non
378 893 468 922 egent,
490 887 532 914 sed
552 893 673 913 contenta
692 887 749 912 sunt
768 886 828 917 sua,
842 885 868 910 id
889 884 939 916 est,
953 884 1021 910 mala
1041 884 1131 918 lingua
1195 884 1266 909 Fam.
1282 890 1308 914 9,
1322 890 1357 914 24
1385 882 1470 921 Magis
1483 882 1542 908 illos
1554 890 1659 922 eercor,
1674 883 1722 916 qui
1736 884 1762 908 in
1776 884 1845 912 bello
1859 888 2025 922 occiderunt,
2040 902 2117 925 quam
2134 896 2179 921 hos
2192 907 2235 922 cu-

88 925 205 954 Martial.
230 925 312 959 praef.
337 924 355 950 l.
376 932 401 950 2.
445 923 519 959 Cous.
539 922 663 949 Trebell.
685 921 748 948 Poll.
769 921 796 946 in
815 921 929 946 Gallieu.
944 929 964 945 c.
980 928 1005 946 12
1026 920 1073 946 Ille
1086 928 1133 954 pcr
1194 927 1237 949 1‘0,
1251 924 1296 943 ctc.
1319 918 1349 943 Et
1363 917 1469 943 Seruius
1484 918 1517 943 ,td
1530 918 1606 951 Virg.
1621 917 1672 943 bel.
1692 925 1718 951 7,
1732 926 1758 951 51
1780 919 1855 951 dicit,
1881 925 2009 951 [un—mn„-
2031 930 2137 961 quidam
2161 933 2235 959 tiu-e.

88 961 227 988 curionem
254 960 304 987 dici
328 959 410 990 instit,
431 958 602 994 imposturam
623 957 701 989 fecit,
722 963 747 983 et
762 956 844 991 passus
862 956 907 981 cst.
1064 953 1084 992 q
1112 964 1128 981 2
1195 962 1253 979 mus
1272 953 1413 986 accipiunt.
1474 953 1554 979 Verba
1570 958 1650 988 sunt,
1671 954 1724 979 Hie
1742 960 1842 994 tantum
1865 957 1961 985 Boreae
1981 970 2101 991 curamus
2124 967 2234 1001 frigora,

87 997 177 1031 Agnus
196 997 272 1022 curio
285 995 365 1022 Plaut.
380 995 469 1021 Aulul.
483 1003 506 1027 3,
521 996 546 1025 6,
561 1001 592 1028 27
612 1001 664 1020 ME.
684 993 753 1019 Volo
767 1001 798 1019 ex
812 999 838 1018 tc
851 992 926 1023 scire,
940 991 987 1026 qui
1006 990 1035 1018 sit
1049 999 1130 1025 agnus
1195 996 1322 1023 quantum
1339 990 1392 1030 Aut
1411 997 1551 1015 numerum
1572 990 1646 1022 lupus
1666 995 1711 1015 aut
1729 996 1864 1032 torrentia
1875 990 1984 1021 flumina
1995 998 2072 1032 ripas,
2109 1002 2155 1028 §sd
2168 1012 2235 1029 -ὐῃ-ο,

87 1032 172 1059 curio.
194 1039 243 1059 lav.
264 1032 312 1066 qui
331 1031 382 1058 ossa
395 1037 473 1065 atquc
492 1029 569 1064 pellis
588 1035 658 1056 totus
673 1028 724 1060 cst,
740 1028 776 1054 ita
798 1037 859 1054 cura
877 1035 969 1053 macet.
1076 1025 1097 1063 ἢ
1118 1034 1130 1057 3
1150 1035 1181 1061 25
1194 1034 1237 1060 quc
1251 1025 1301 1050 loco
1315 1033 1366 1049 vim
1377 1025 1450 1059 suam
1468 1032 1559 1051 rennes
1573 1025 1670 1050 verbum
1686 1025 1746 1057 hoc,
1763 1026 1924 1062 &significat
1937 1034 2166 1070 ratl'oncn1habmw,
2181 1042 2235 1064 anf.

87 1066 130 1101 Est
142 1071 215 1094 ctiam
227 1076 356 1104 cognomen
367 1073 449 1102 gennis
462 1065 625 1092 Scriboniae.
663 1064 736 1092 Tres
748 1063 891 1100 tseincrpss.
906 1073 955 1089 uua
970 1062 1036 1097 serie·
1052 1068 1133 1088 orato·
1194 1069 1258 1086 mum
1271 1059 1398 1100 aduertere
1411 1067 1459 1085 etc.
1496 1061 1537 1087 Sic
1557 1060 1619 1100 idem
1638 1060 1745 1086 Seruius
1759 1062 1833 1096 Virg.
1849 1065 1912 1088 Aen.
1927 1072 1954 1095 2,
1968 1068 2013 1097 536
2032 1077 2102 1097 curet
2113 1080 2159 1107 P‘Y
2172 1074 2230 1100 „rh-i.

87 1113 128 1130 res
142 1113 170 1130 ex
190 1113 216 1130 ea
229 1105 335 1140 jamilm
356 1100 490 1134 exstitiffe,
513 1105 579 1127 inter
598 1101 715 1127 humanae
729 1100 870 1135 felicitatis
889 1104 1035 1134 argumenta
1051 1097 1133 1132 refert
1196 1096 1281 1122 scatur
1292 1096 1413 1130 explzcat:
1435 1103 1516 1130 nempe
1529 1102 1557 1121 τι
1571 1095 1780 1122 animaduertere
1791 1098 1914 1124 interdum
1932 1097 1964 1132 effi
1973 1105 2072 1135 punire.

85 1139 154 1167 Plin.
167 1147 194 1174 7,
208 1148 238 1173 4¹
260 1138 397 1165 Ciceronis
418 1137 603 1163 Familiarium
624 1146 686 1172 quas
705 1142 795 1162 uocant
814 1134 986 1169 epistolarum
1007 1132 1076 1159 liber
1095 1133 1132 1158 se-
1300 1132 1335 1157 At
1354 1130 1406 1157 tibi
1427 1140 1475 1165 pro
1489 1131 1598 1164 scelere,
1612 1132 1753 1171 exclamat,
1767 1142 1816 1167 pro
1835 1134 1932 1160 talibus
1951 1136 2027 1169 aulis,

89 1174 188 1202 cundus
202 1173 234 1208 2st
247 1174 279 1201 ad
292 1173 439 1201 Curionem
453 1179 499 1199 etc.
1300 1167 1354 1199 DI,
1376 1166 1393 1192 si
1408 1176 1459 1201 qua
1472 1167 1508 1193 est
1521 1167 1593 1193 caelo
1609 1174 1689 1201 pietas
1698 1188 1706 1200 ,
1718 1177 1785 1202 quac
1799 1169 1861 1195 talia
1877 1178 1959 1203 curet„

122 1217 168 1238 cv
178 1217 197 1236 R
207 1217 214 1236 1
225 1215 246 1236 Ο
258 1216 274 1234 :x
287 1216 332 1236 ΑΙ.
344 1216 351 1234 1
361 1216 389 1239 s,
409 1208 440 1234 is.
462 1217 497 1234 m.
525 1207 593 1234 Idem
610 1210 652 1242 qui
666 1207 748 1233 Curio.
786 1206 892 1232 Gruter.
912 1203 1029 1238 inscript.
1044 1214 1068 1239 p.
1084 1211 1129 1237 :305
1139 1219 1182 1244 *30
1299 1202 1452 1242 Persoluaut
1465 1208 1549 1240 grates
1564 1203 1670 1237 dignas,
1682 1210 1708 1230 et
1726 1206 1841 1238 praemia
1860 1206 1970 1233 reddant

88 1255 115 1272 n.
131 1254 145 1279 5
181 1246 255 1272 DIS.
287 1244 489 1271 MANIBVS.
520 1243 669 1270 FELICI.
697 1241 966 1271 COMELIANO.
995 1241 1132 1268 PVBLI·
1298 1238 1394 1265 Debita
1409 1245 1454 1264 etc.
1654 1240 1721 1265 Haec
1733 1241 1917 1276 tranrfinamm
1930 1243 1965 1269 ad
1977 1244 2041 1276 alia,
2054 1254 2080 1272 τ.
2093 1255 2118 1283 g.
2131 1247 2235 1283 leian.

89 1282 152 1310 CO.
189 1280 441 1308 CVRIONALI.
461 1286 506 1305 etc.
1196 1275 1225 1301 in
1241 1275 1258 1301 l.
1275 1275 1367 1309 Itaque
1387 1274 1457 1300 fullo
1478 1274 1512 1314 D.
1529 1273 1560 1301 de
1575 1274 1678 1307 Furtis,
1702 1276 1793 1310 Itaque
1813 1276 1894 1308 fullo,
1909 1279 1955 1313 qui
1974 1281 2086 1308 curanda
2106 1284 2239 1317 polienda-

126 1323 144 1344 c
157 1323 176 1341 v
186 1323 204 1343 R
217 1325 224 1342 ι
236 1324 255 1344 0
264 1324 285 1343 Ν
296 1317 317 1342 A
329 1322 350 1343 Τ
360 1322 381 1342 V
391 1323 403 1342 S
412 1336 420 1348 ,
439 1314 477 1341 sis.
498 1323 534 1341 m.
572 1313 698 1341 Curionis
713 1312 835 1347 dignitas.
854 1312 921 1338 Fest.
1195 1320 1247 1345 que
1261 1310 1416 1337 vestimenta
1427 1315 1542 1350 accepit,
1556 1310 1657 1351 semper
1671 1311 1733 1345 agit.
1770 1314 1811 1338 Ita
1825 1313 1894 1339 Cura
1909 1321 1950 1347 te,
1963 1316 2070 1343 amabo!
2085 1317 2178 1346 siccine
2190 1314 2238 1348 im.

122 1358 358 1384 CVR10N1vs,
377 1359 408 1383 a,
427 1359 480 1377 um.
502 1349 563 1376 Adi.
605 1351 656 1382 Vt,
671 1349 801 1375 Curionia
821 1349 907 1380 sacra,
922 1348 997 1380 Qiae
1011 1356 1025 1374 a
1043 1348 1132 1374 curio.
1195 1346 1294 1373 munda
1315 1346 1424 1372 obsecro
1445 1346 1498 1372 ibis
1515 1346 1598 1372 Plaut.
1613 1346 1677 1373 C1st.
1699 1355 1717 1379 1,
1735 1355 1754 1378 1,
1772 1356 1821 1380 ¹¹4·
1893 1351 1993 1377 curare
2006 1352 2148 1388 abfhlutum.
2169 1357 2237 1385 Ter,

87 1388 166 1415 nibus
183 1388 213 1414 in
225 1387 305 1414 curiis
318 1386 425 1413 fiebant.
445 1386 542 1414 Festus.
1150 1395 1178 1421 35
1195 1382 1276 1408 Andr.
1297 1389 1317 1414 1,
1339 1391 1359 1414 ι,
1381 1390 1431 1415 144
1449 1382 1499 1422 'Sat
1518 1382 1563 1415 est,
1576 1382 1682 1409 curabo.
1731 1382 1832 1409 Sallust.
1853 1384 1880 1410 in
1895 1386 2013 1420 Iugurth.
2032 1397 2053 1414 c.
2069 1397 2100 1423 57
2133 1391 2239 1427 Legmjg

124 1430 240 1450 CVRIO
252 1430 271 1448 N
283 1430 290 1448 1
301 1430 320 1449 v
331 1430 354 1449 M
365 1443 373 1455 ‚
391 1423 409 1449 i.
433 1432 460 1448 n.
483 1420 619 1448 dicebatur
630 1420 694 1449 Aes,
709 1417 781 1452 quod
796 1417 908 1444 dabatur
920 1417 1026 1444 curioni
1040 1418 1076 1444 ob
1095 1419 1131 1444 sa·
1194 1418 1326 1457 imperat,
1342 1417 1390 1443 vbi
1410 1426 1521 1457 quisque
1541 1425 1658 1459 curaret,
1674 1417 1770 1445 deinde
1788 1418 1860 1453 siguo
1879 1420 1940 1447 dato
1959 1423 2075 1458 vndique
2093 1425 2168 1454 simul
2189 1430 2239 1455 cla.

87 1459 236 1486 cei-dotium
251 1459 412 1485 curionatus.
436 1457 534 1484 Festus.
1192 1462 1253 1479 mor
1272 1461 1364 1486 mgens
1382 1461 1511 1480 exoritur.
1548 1454 1618 1480 Adci.
1634 1454 1670 1480 ὼ.
1685 1463 1705 1480 c.
1719 1456 1764 1487 46.
1808 1456 1849 1482 Sic
1869 1457 1923 1491 Ego
1937 1467 1985 1491 pro
1998 1468 2040 1485 me
2057 1467 2083 1486 ct
2102 1468 2127 1487 te
2141 1464 2238 1491 curabo

124 1500 142 1521 c
153 1502 173 1521 v
183 1502 244 1525 Ro,
264 1499 314 1521 are.
351 1492 500 1529 [Qu-clim,
517 1488 637 1524 κήδομκι,
650 1490 828 1521 ἔπιμελέσμοικ,
850 1487 993 1524 θεραπεύω]
1024 1490 1131 1524 Operam
1193 1489 1275 1515 Plaut.
1290 1487 1380 1514 Pseud.
1395 1497 1415 1520 1,
1431 1497 1454 1520 3,
1469 1498 1489 1520 3.
1542 1491 1573 1515 Ει
1584 1490 1653 1516 Ter.
1667 1489 1748 1516 Andr.
1767 1498 1793 1521 2,
1808 1499 1830 1523 3,
1843 1497 1875 1521 28
1910 1494 1983 1519 lianc
2003 1494 2081 1521 sidem
2102 1497 2150 1524 sibi
2163 1499 2237 1526 obse-

86 1529 296 1566 :sandaliarum
309 1529 350 1561 υθέ»
361 1530 389 1555 de
402 1538 428 1554 re
441 1521 534 1563 aitqua.
581 1526 638 1552 Cic.
655 1533 704 1558 pro
720 1525 792 1551 Cael.
812 1533 846 1557 54
882 1524 962 1557 Quod
981 1525 1085 1557 facinus
1103 1526 1132 1551 in
1193 1525 1293 1556 crauit,
1314 1524 1362 1559 qui
1379 1525 1404 1550 s'e
1416 1525 1494 1550 sciret
1507 1533 1560 1550 non
1575 1524 1756 1557 deserturum,
1770 1533 1797 1551 vt
1812 1526 1910 1554 darem.
1924 1536 1950 1555 D.
1967 1530 2112 1558 curabitur.
2157 1536 2238 1563 Cura.

85 1566 204 1592 alienum
217 1559 352 1592 hominem
367 1564 470 1590 illatum
487 1563 577 1588 seuere
590 1560 737 1595 acciperet,
753 1560 780 1586 id
796 1559 917 1586 omisisset
929 1569 1022 1587 curare
1035 1561 1064 1587 in
1083 1560 1130 1587 ho-
1149 1567 1252 1597 40tur‚
1278 1566 1307 1586 vt
1325 1560 1404 1586 vinea
1422 1566 1498 1586 vetus
1511 1560 1590 1586 semel
1606 1562 1670 1587 fossa
1689 1561 1719 1587 sit
1738 1560 1803 1588 Plin.
1818 1568 1853 1595 18,
1866 1572 1906 1598 27.
1943 1566 2073 1600 Imprimis
2085 1569 2239 1598 Medicorum

85 1602 169 1636 spite?
238 1602 293 1627 Cic.
315 1601 388 1626 Fam.
404 1607 430 1631 9,
443 1607 478 1631 24
510 1597 552 1624 Sic
571 1596 639 1628 tibi,
653 1596 690 1622 mi
709 1597 798 1626 Paete,
812 1595 952 1630 persuade,
967 1605 1010 1623 me
1027 1597 1083 1623 dies
1104 1602 1131 1624 et
1191 1604 1252 1632 opus
1268 1594 1301 1630 est
1313 1605 1409 1623 curare.
1483 1596 1540 1623 Cic.
1553 1605 1601 1631 pro
1615 1597 1690 1624 Rosc.
1705 1598 1793 1624 Amer.
1810 1604 1852 1628 128
1890 1601 2015 1636 intelligo
2034 1612 2076 1629 me
2095 1613 2154 1631 ante
2173 1613 2237 1633 tem-

84 1637 174 1662 nocies
192 1636 260 1663 nihil
273 1635 345 1662 aliud
360 1643 454 1669 agere,
467 1632 536 1661 nihil
558 1641 665 1664 curare,
679 1631 727 1658 nisi
745 1638 773 1658 vt
792 1632 846 1659 mei
866 1632 936 1658 ciues
951 1632 1018 1658 salui
1035 1632 1129 1659 liberi·
1191 1642 1239 1666 pus
1253 1632 1370 1663 Iudices,
1383 1631 1447 1658 haec
1467 1633 1595 1665 scrutari,
1610 1639 1635 1659 et
1649 1633 1842 1667 propemodum
1855 1644 1957 1662 errare.-
1992 1639 2040 1672 qui
2058 1648 2139 1674 quum
2160 1644 2242 1677 capiti

84 1681 136 1707 que
151 1672 207 1698 siut.
239 1686 249 1690 -
280 1672 382 1698 Curare
401 1677 426 1696 et
446 1669 579 1696 attendere
599 1668 654 1695 Cic.
670 1669 740 1694 Fam.
754 1678 781 1703 4,
796 1676 829 1700 132
899 1668 1032 1694 Omnibus
1049 1668 1129 1696 rebus
1192 1669 1241 1695 Sex
1256 1668 1261 1673 ’
1278 1668 1370 1696 Roscii
1382 1668 1484 1695 mederi
1503 1668 1629 1701 debeam,
1643 1669 1783 1695 reduuiam
1802 1679 1900 1697 curem.
1956 1673 1997 1700 Sic
2012 1675 2133 1710 Corpora
2149 1678 2238 1706 curari

85 1716 146 1734 cura
159 1715 185 1734 et
200 1707 311 1741 prouide
330 1716 363 1734 ne
377 1705 441 1741 quid
455 1706 480 1732 ei
494 1704 557 1731 desit
570 1703 641 1731 Idem
654 1704 708 1730 Au.
722 1713 754 1736 11,
770 1712 791 1736 3.
863 1703 983 1730 Alicuius
997 1705 1071 1731 causa
1085 1713 1128 1731 cu-
1191 1714 1226 1739 po
1285 1710 1310 1737 t,
1324 1705 1476 1731 animorum
1490 1705 1622 1731 medicina
1634 1705 1707 1731 nulla
1719 1705 1756 1731 cst
1773 1706 1828 1732 Cic.
1842 1707 1924 1733 Tusc.
1937 1717 1960 1740 5,
1974 1718 1995 1741 5.
2066 1712 2238 1742 Detrac‘tione

85 1751 144 1770 iare
159 1743 260 1777 aliquid
269 1743 306 1769 Id.
316 1743 368 1769 Att.
382 1750 405 1775 5,
420 1750 444 1768 2.
481 1743 586 1768 Ponitur
599 1739 628 1766 de
640 1739 780 1766 sat-”tionibus
792 1745 844 1765 tum
854 1737 1019 1772 nqftri5‚tum
1031 1741 1129 1766 alicnis.
1144 1751 1178 1778 45
1191 1741 1324 1775 sanguinis
1345 1741 1462 1776 aliquem
1483 1740 1615 1774 Qiine'til.
1630 1750 1652 1773 2,
1667 1750 1704 1767 ιο.
1777 1741 1874 1768 Herbis
1895 1744 1975 1770 Ouid.
1991 1746 2065 1773 Rem.
2080 1749 2171 1776 Amor.
2187 1759 2238 1783 313.

85 1781 123 1805 D:
139 1788 169 1805 no
182 1788 198 1804 n
209 1782 246 1812 is,
260 1788 279 1804 e.
297 1788 321 1814 g.
349 1780 449 1808 Varro,
464 1776 566 1808 Nolui,
579 1776 682 1810 inquit,
696 1775 826 1808 scribere,
839 1774 909 1809 quod
923 1784 940 1801 n
977 1784 1011 1801 ue
1025 1775 1130 1804 indoc‘li
1191 1777 1248 1804 Cic.
1264 1777 1292 1803 in
1308 1777 1393 1803 Pison.
1409 1785 1433 1809 13
1469 1777 1551 1813 Qiod
1568 1777 1668 1803 diceres
1682 1777 1825 1804 vinolentis
1838 1784 1863 1804 te
1878 1779 2035 1813 quibusdam
2055 1783 2238 1813 medicamini-

84 1815 235 1849 inzclligere
250 1815 362 1849 possent,
387 1822 475 1847 neque
493 1812 566 1839 docti
583 1811 670 1846 legere
684 1817 808 1838 curarent
831 1811 887 1837 Cic.
901 1811 953 1837 Aca
974 1831 980 1838 .
996 1820 1005 1838 1
1025 1821 1069 1838 c.2
1083 1819 1128 1848 pr.
1190 1812 1240 1840 bus
1259 1813 1344 1839 solere
1365 1813 1471 1839 curari?
1541 1812 1613 1839 Idem
1632 1813 1663 1839 de
1676 1813 1776 1839 Sene&
1792 1816 1826 1848 67
1867 1815 1980 1842 Facilius
1999 1817 2028 1844 in
2046 1820 2155 1847 morbos
2172 1822 2240 1849 inci-

85 1851 159 1877 Idem
173 1853 205 1876 de
219 1851 292 1877 Orat.
307 1859 322 1876 2
336 1859 358 1876 c.
373 1852 390 1876 6
417 1850 447 1876 C.
462 1848 582 1875 Lucilius
601 1862 646 1867 —-
663 1847 762 1881 scripsit
779 1846 894 1881 Persium,
906 1857 955 1873 non
973 1856 1031 1874 cmo
1049 1849 1128 1884 legere
1191 1849 1258 1875 dunt
1277 1848 1468 1882 adolescentes,
1482 1850 1589 1883 grauhss
1608 1855 1762 1883 aegrotant,
1776 1849 1877 1876 tristius
1898 1859 2029 1882 curantur,
2080 1856 2146 1882 Em„
2166 1858 2238 1885 [ρᾶς

86 1887 149 1918 (liic
167 1887 238 1913 enim
257 1886 311 1912 fuit
325 1885 447 1912 omnium
467 1884 523 1911 fere
539 1883 691 1910 nostrorum
711 1883 852 1909 hominum
869 1882 1046 1915 doetiffimus)
1067 1886 1129 1910 Lae·
1191 1890 1344 1911 curaturum
1352 1885 1418 1911 Cels.
1433 1893 1443 1911 1
1458 1885 1541 1919 praef.
1597 1885 1683 1919 Caput
1703 1894 1795 1912 curare
1816 1886 1935 1914 Scribon.
1951 1897 1968 1919 1,
1981 1897 2003 1921 3,
2018 1894 2069 1920 180.
2126 1893 2239 1921 Morbo.

84 1925 146 1948 siam
160 1925 289 1949 Decimum
301 1924 373 1954 volo,
391 1929 471 1956 quem
483 1919 658 1955 cognouimus
671 1919 759 1945 virum
777 1918 891 1950 bonum,
911 1925 937 1945 et
949 1927 1003 1945 non
1017 1919 1128 1946 illitera-
1138 1935 1171 1962 30
1192 1921 1260 1947 Cels.
1277 1929 1286 1947 1
1302 1921 1386 1955 praes.
1424 1921 1499 1947 Vitia
1512 1928 1605 1947 curare
1619 1920 1739 1947 Scribon.
1747 1922 1793 1956 Ep.
1847 1922 1926 1950 Vic‘iu
1939 1925 2047 1952 morbos
2060 1928 2238 1964 Celssipraef.

83 1965 159 1990 xum,
178 1957 222 1985 sed
240 1957 309 1984 nihil
328 1957 360 1984 ad
373 1956 496 1984 Persium.
533 1955 606 1991 Conf.
624 1955 690 1982 Plin.
711 1954 794 1989 praef.
805 1954 893 1989 operis
905 1964 930 1990 p.
944 1964 960 1981 z
982 1955 1064 1982 Hard.
1084 1956 1128 1982 vbi
1191 1956 1273 1982 Vietu
1287 1965 1379 1983 curare
1387 1955 1501 1983 Ibidem.
1538 1957 1634 1994 Curari
1642 1956 1794 1992 Athenippo
1806 1958 2022 1996 (medicamento)
2034 1970 2077 1997 27.
2114 1966 2238 1997 Qficurr,

85 1996 124 2020 ita
141 1994 269 2030 refertur,
291 1993 410 2020 Manium
430 1992 544 2019 Persium
563 1991 626 2017 haec
644 1991 732 2025 legere
749 1990 822 2017 nolo-
857 1988 898 2024 Est
908 1991 970 2027 stine
987 2000 1043 2018 non
1061 2000 1128 2018 curo
1190 2001 1238 2028 per
1257 1992 1349 2019 oleum
1363 1992 1509 2027 aliqnando
1530 1999 1670 2020 curauerat
1686 1993 1807 2020 Tertull.
1822 1993 1854 2020 ad
1867 1994 1937 2030 Scap.
1957 2005 1978 2023 e.
1991 2006 2012 2029 3.
2089 1999 2173 2032 Tristi
2185 2003 2239 2027 Me-

83 2029 151 2055 idem
163 2029 229 2065 quod
239 2029 311 2056 nolo.
367 2030 448 2056 Etiam
462 2028 528 2055 Pers.
541 2036 566 2061 3,
579 2035 610 2060 29
644 2026 726 2060 Qod
746 2027 819 2061 sapio
837 2027 896 2053 satis
913 2026 950 2053 est
967 2027 1051 2054 mihi:
1072 2037 1128 2054 non
1190 2028 1297 2063 taphora
1308 2028 1425 2055 utebatur
1440 2031 1509 2055 Nero
1521 2035 1561 2064 ap.
1577 2030 1683 2056 Sueton.
1693 2039 1714 2056 c.
1722 2037 1754 2063 37
1785 2030 1860 2057 Mori
1874 2030 1942 2057 iuffis
1957 2041 2012 2058 non
2031 2034 2144 2067 amplius
2158 2044 2239 2070 quam

84 2073 136 2100 ego
149 2075 214 2093 curo
228 2066 283 2093 Esse
295 2065 367 2101 quod
381 2064 505 2092 Arcesilas
518 2062 720 2098 aerumnosique
731 2063 850 2090 Solones.
884 2062 979 2099 Rursus
987 2064 1044 2090 Cic.
1052 2064 1126 2090 Fam.
1190 2063 1329 2090 horarium
1349 2064 1464 2098 spatium
1483 2064 1570 2091 dabat.
1607 2067 1642 2092 At
1660 2075 1694 2092 ne
1713 2065 1779 2100 quid
1799 2074 1890 2092 morae
1908 2068 2098 2102 interueniret,
2120 2071 2237 2098 medicos

86 2109 108 2133 1,
121 2109 139 2134 9
158 2101 200 2128 Est
212 2111 277 2129 vero
291 2101 472 2136 probandum,
486 2101 535 2136 qui
547 2107 572 2127 et
591 2099 692 2126 summa
708 2098 844 2126 voluntate
859 2099 960 2126 cesserit
976 2115 1022 2120 —
1040 2108 1127 2134 neque
1144 2110 1174 2136 55
1190 2098 1365 2132 admouebat,
1379 2100 1427 2135 qui
1443 2099 1595 2127 cuneiantes
1614 2101 1743 2126 continuo
1763 2106 1896 2127 curarent:
1922 2101 1960 2128 ita
1981 2103 2052 2130 enini
2070 2106 2182 2133 vocabat
2193 2117 2237 2135 ve-

85 2137 147 2163 sane
157 2137 245 2165 redire
257 2138 372 2170 curarit,
389 2141 408 2164 i.
424 2147 473 2164 non
483 2135 619 2170 studuerit.
673 2134 747 2162 Idem
759 2135 813 2165 Att,
826 2142 854 2169 7,
867 2142 894 2167 15
931 2136 998 2161 Cato
1017 2135 1046 2161 in
1063 2135 1128 2160 Sici·
1187 2143 1234 2161 nas
1254 2135 1348 2162 mortis
1368 2135 1451 2170 gratia
1467 2135 1594 2161 incidere.
1630 2135 1680 2161 Pro
1699 2137 1811 2162 cicurari
1821 2135 1928 2170 positum
1947 2135 1996 2170 est,
2010 2139 2079 2166 modo
2092 2145 2188 2169 nonita
2204 2145 2237 2170 Ie—

85 2171 150 2199 liam
169 2173 210 2201 ire
228 2183 284 2201 non
304 2180 384 2200 curat.
420 2173 461 2200 Sic
473 2172 530 2205 Qu
548 2172 613 2198 solas
635 2170 744 2197 diuitias
762 2169 896 2197 exstruere
916 2175 1008 2196 curant
1022 2171 1128 2197 Petron.
1188 2170 1293 2207 gendum
1304 2169 1358 2202 fit,
1377 2178 1393 2194 a
1409 2168 1526 2203 Nigidio
1545 2170 1614 2204 apud
1630 2171 1752 2197 Priscian.
1765 2175 1780 2200 8
1802 2180 1827 2205 p.
1843 2178 1891 2206 793
1920 2174 2008 2200 Omne
2026 2184 2103 2209 pecus
2122 2178 2237 2206 indomj.

85 2217 108 2234 c.
123 2213 166 2241 84.
236 2210 349 2236 Currere
366 2216 487 2235 curamus
504 2207 570 2233 velis
588 2206 671 2233 Rutil.
685 2207 746 2233 Itin.
768 2215 789 2239 1,
808 2214 870 2239 429.
890 2205 934 2232 vbi
951 2206 1021 2242 conf.
1036 2205 1127 2233 Barth.
1189 2213 1246 2231 tum
1260 2203 1339 2244 habet
1354 2203 1480 2244 quiddam
1501 2204 1531 2230 in
1550 2206 1576 2231 se
1595 2206 1699 2237 serum;
1726 2206 1769 2232 sed
1783 2214 1871 2233 tamen
1881 2217 1911 2234 ea
1927 2216 2020 2237 natura
2034 2212 2085 2245 est,
2105 2220 2133 2240 vt
2147 2216 2236 2242 curari

81 2250 108 2268 et
121 2244 207 2270 Burm.
241 2246 280 2271 De
290 2246 395 2277 alienis,
409 2253 510 2280 quarum
531 2251 576 2269 nos
588 2249 669 2269 tamen
685 2241 909 2278 auctores-fumus,
921 2247 952 2267 vt
964 2241 1067 2269 Cedere
1082 2241 1127 2268 Ci-
1189 2246 1215 2266 et
1227 2239 1362 2266 dominari
1380 2239 1462 2280 possit.
1499 2241 1550 2266 Pro
1567 2241 1690 2277 consolari
1703 2241 1786 2281 ιΑριιΙ.
1800 2243 1865 2270 Met.
1878 2252 1891 2277 5
1904 2253 1928 2279 p.
1943 2248 2000 2279 160,
2014 2255 2049 2281 24
2078 2249 2176 2276 Curam
2189 2260 2234 2278 no.

81 2286 207 2306 teronem
225 2279 306 2306 domo
325 2286 351 2307 et
364 2279 450 2314 patria
459 2278 563 2306 curasti
572 2298 581 2310 ,
599 2281 619 2304 i.
640 2276 745 2311 ffezjsli
753 2297 762 2309 ‚
774 2283 805 2303 ut
817 2276 886 2303 domo
899 2276 994 2303 cederet
1006 2277 1063 2304 Cic.
1076 2286 1126 2311 pro
1145 2279 1181 2304 60
1189 2284 1250 2302 vam
1264 2281 1374 2309 nuptam
1388 2275 1544 2302 interfectae
1559 2277 1722 2311 virginitatis
1735 2278 1861 2314 (causa.)
1931 2282 2028 2309 Curari
2039 2292 2055 2309 a
2067 2285 2166 2317 multis,
2182 2288 2235 2314 Coli

82 2313 171 2341 Domo
184 2323 206 2340 c.
220 2323 242 2347 3.
287 2316 358 2343 Ter.
372 2314 454 2341 Andr.
469 2321 492 2348 5,
503 2322 530 2346 2,
543 2322 577 2347 24
597 2314 669 2340 Cura
681 2312 862 2339 asseruandum
875 2312 1005 2339 vinctum.
1053 2313 1127 2339 Caes.
1188 2311 1256 2338 Plin.
1270 2310 1349 2346 Epist.
1362 2320 1383 2344 1,
1397 2318 1411 2344 5
1446 2311 1561 2346 Regulus
1582 2314 1654 2339 enim
1669 2313 1706 2340 cst
1724 2313 1853 2349 locuples,
1866 2316 2013 2351 factionis.
2019 2327 2126 2347 curatur
2140 2331 2155 2348 a
2167 2323 2235 2349 mul-

81 2349 148 2376 Bell.
162 2350 230 2378 Gall.
247 2356 272 2382 8,
286 2359 316 2383 23
336 2351 393 2384 Qui
409 2357 471 2377 eum
487 2358 534 2385 per
545 2349 740 2376 simulationem
755 2348 886 2382 colloquii
905 2353 1009 2374 curaret
1023 2346 1126 2373 interfi-
1187 2347 1362 2388 tis,·timetur
1376 2356 1391 2373 a
1402 2347 1534 2382 pluribus.
1570 2348 1640 2384 [Quid
1650 2348 1739 2383 hocsfit
1750 2351 1801 2386 ipse
1814 2361 1841 2386 4,
1854 2362 1870 2378 2
1888 2352 1929 2378 his
1942 2354 2026 2380 verbis
2033 2358 2151 2391 explicat,
2165 2359 2236 2385 Con.

79 2385 213 2414 ciendum.
251 2387 308 2413 Cic.
322 2386 394 2413 Fam.
409 2394 444 2419 15,
457 2395 486 2412 10
516 2384 673 2412 Faciendum
686 2392 770 2411 cures.
805 2383 875 2410 Add.
889 2383 960 2415 Nep.
976 2390 1014 2414 10,
1027 2385 1046 2409 6
1058 2389 1124 2408 extr.
1188 2389 1296 2410 venitur
1310 2383 1342 2409 ad
1355 2383 1487 2418 Regulum
1502 2385 1571 2411 mira
1582 2384 1745 2412 celebritate.
1781 2386 1878 2413 Cuncti
1891 2388 2059 2423 detestantur,
2071 2392 2194 2426 oderunt,
2208 2401 2236 2422 et

80 2421 231 2456 Diligenter
247 2431 340 2449 curare
359 2422 477 2457 aliquem
496 2421 552 2447 Cic.
566 2421 619 2446 Att.
633 2427 669 2452 13,
683 2427 720 2445 21.
791 2418 900 2457 Leniter
912 2425 1005 2444 curare
1020 2418 1126 2453 aliquid
1188 2419 1260 2454 quasi
1272 2418 1402 2454 probent,
1416 2419 1488 2455 quasi
1502 2419 1630 2456 diligant,
1645 2422 1761 2455 cursant,
1774 2422 1952 2457 frequentant.
1988 2427 2045 2452 Huc
2051 2427 2124 2464 facit
2136 2437 2160 2456 ec
2171 2431 2237 2457 illud

79 2457 149 2484 Hor.
163 2458 241 2492 Epist.
255 2467 280 2490 2,
295 2467 316 2490 1,
329 2466 363 2490 51.
434 2457 501 2482 Ter.
523 2455 604 2481 Andr.
624 2462 645 2487 5,
659 2463 686 2486 2,
697 2456 715 2479 6
738 2454 837 2479 Omma
854 2459 977 2487 apparata
991 2453 1045 2481 iam
1066 2455 1124 2481 sunt
1136 2456 1170 2488 65
1187 2455 1320 2482 Martialis
1332 2464 1358 2488 2,
1373 2463 1410 2490 74
1440 2455 1566 2483 Cinemm
1585 2459 1682 2492 togatis
1697 2457 1754 2492 post
1772 2464 1798 2484 et
1817 2464 1877 2485 ante
1891 2460 2052 2496 Saufellum,
2070 2464 2176 2498 Qanta
2194 2476 2236 2494 re.

78 2493 159 2520 intus.
170 2501 194 2520 s.
206 2493 301 2519 curasti
313 2490 406 2527 probe.
478 2491 600 2517 Studiose
617 2489 813 2523 diligenterque
828 2497 918 2514 curare
935 2489 1039 2524 aliquid
1065 2490 1122 2517 Cic.
1186 2491 1247 2518 duci
1262 2491 1378 2525 Regulus
1390 2492 1456 2518 solet
1469 2492 1558 2526 turba,
1571 2500 1616 2520 etc.
1657 2494 1712 2529 ij?
1725 2493 1781 2520 Cic.
1794 2496 1847 2520 Atr.
1862 2502 1885 2528 5,
1897 2505 1916 2529 4
1947 2497 1971 2523 O
1984 2498 2138 2532 prouincia!
2153 2502 2236 2529 etiam

78 2529 131 2555 Att.
146 2529 185 2560 16,
202 2530 239 2555 16.
251 2534 275 2555 ct
288 2528 360 2555 Fam.
375 2535 416 2560 14,
431 2534 466 2558 13.
483 2531 532 2560 per
551 2527 669 2551 ironiam.
740 2524 808 2550 Tcr.
828 2524 909 2550 Andr.
922 2533 945 2558 5,
958 2534 987 2558 4,
1001 2531 1026 2556 18
1065 2527 1122 2562 Ego
1186 2527 1230 2554 hic
1245 2527 1314 2554 mihi
1328 2528 1458 2554 curandus
1471 2528 1516 2554 est.
1700 2525 1722 2566 ff
1742 2539 1761 2563 4
1797 2531 1878 2556 Etiam
1895 2541 1949 2558 cum
1962 2534 2057 2561 Dan-„0
2069 2540 2191 2571 ponitur,
2206 2545 2237 2565 ve

77 2563 156 2590 istaec
168 2572 266 2590 moneo
276 2569 322 2590 aut
334 2571 408 2589 cur0.
481 2561 597 2588 Martial.
610 2569 643 2593 11,
655 2567 687 2593 95
705 2560 763 2586 Hoc
777 2569 885 2595 quoque
896 2569 951 2587 non
962 2571 1038 2595 curo,
1050 2562 1124 2596 quod
1185 2572 1279 2591 durare
1293 2564 1374 2590 alicui
1387 2563 1450 2590 idem
1456 2562 1503 2597 fit,
1516 2563 1581 2599 quod
1590 2573 1675 2590 curam
1683 2565 1759 2591 alicui
1774 2567 1919 2600 impendere.
1956 2569 2033 2604 Apul.
2050 2571 2126 2606 Apol.
2141 2583 2164 2608 p.
2174 2582 2224 2609 297

77 2603 106 2626 tu
119 2608 178 2626 mea
190 2599 309 2626 carmina
321 2607 420 2633 carpas,
432 2603 478 2624 etc.
515 2596 588 2632 Conf.
603 2596 753 2632 Brouckhus.
766 2596 801 2622 ad
812 2596 881 2622 Tib.
893 2605 914 2628 1,
929 2605 949 2628 1,
962 2605 1001 2631 57.
1053 2598 1123 2625 Ter.
1186 2608 1216 2627 21
1251 2599 1389 2633 Quoniam
1409 2600 1491 2634 vsquc
1510 2598 1578 2626 adeo
1598 2599 1676 2626 rebus
1691 2601 1756 2627 meis
1770 2609 1851 2629 curat.
1926 2605 2028 2631 Curare
2047 2607 2125 2634 rebus
2139 2594 2235 2636 alienis,

78 2634 154 2662 Adel.
167 2642 190 2668 5,
204 2644 225 2668 1,
239 2644 269 2662 10
295 2634 452 2669 Exemplum
466 2632 590 2659 omnibus
605 2641 723 2658 curarem
738 2638 767 2659 vt
786 2633 854 2658 effes.
926 2632 982 2659 Cic.
998 2634 1070 2660 Fam.
1086 2642 1123 2667 12,
1137 2640 1173 2667 70
1187 2637 1234 2662 suo
1252 2635 1411 2662 vestimento
1431 2642 1457 2662 ct
1477 2635 1539 2662 cibo
1558 2635 1639 2662 Plaut.
1653 2636 1739 2663 Tmc.
1753 2645 1774 2669 1,
1786 2646 1810 2670 2,
1828 2646 1864 2671 35.
1934 2640 2008 2667 Idem
2029 2642 2110 2670 Tsin.
2123 2654 2152 2678 4,
2164 2655 2186 2678 3,
2201 2653 2233 2678 50

77 2675 106 2702 28
125 2672 195 2698 Cura
207 2677 236 2698 vt
249 2670 344 2698 valeas.
398 2670 442 2697 Ne
456 2669 502 2696 illa
516 2668 624 2704 quidem
639 2677 704 2694 curo
717 2667 786 2694 mihi
800 2667 896 2694 scribas
909 2668 964 2699 Cic.
979 2670 1052 2696 Fam.
1067 2678 1090 2701 2,
1099 2675 1122 2700 8.
1187 2670 1236 2697 Sed
1250 2680 1300 2706 ego
1313 2672 1370 2699 sum
1390 2670 1571 2706 insipientior,
1584 2672 1631 2705 qui
1646 2672 1724 2699 rebus
1745 2682 1834 2699 curem
1848 2673 1962 2709 publicis
1980 2678 2069 2711 penius
2083 2688 2170 2714 quam,
2184 2687 2231 2706 etc.

77 2705 152 2741 Qud
165 2715 208 2733 me
219 2715 311 2739 curas,
323 2705 390 2742 quid
401 2714 494 2732 rerum
506 2706 612 2740 geram?
636 2704 740 2730 Plautus
753 2703 822 2731 Rud.
837 2715 865 2738 4,
879 2713 906 2737 4,
921 2713 964 2738 24.
1070 2704 1091 2743 q
1106 2714 1123 2732 2
1185 2707 1243 2734 Illis
1256 2707 1403 2734 curandum
1421 2708 1514 2734 censeo
1531 2707 1614 2733 Plaut.
1629 2708 1697 2734 Rud.
1716 2717 1735 2740 1,
1750 2717 1775 2741 2,
1788 2717 1828 2742 93,
1845 2713 1861 2736 i.
1885 2718 1981 2746 opum„
2000 2712 2115 2741 dudm]-
2186 2715 2231 2742 So-

74 2744 131 2771 lam
146 2748 263 2778 ponemus
279 2745 379 2769 nomina
397 2741 532 2778 quaedam:
552 2741 593 2768 sic
612 2741 714 2767 Curare
733 2740 859 2775 Aliquem
874 2740 1074 2768 delicatioribus
1088 2742 1124 2768 ci·
1186 2742 1218 2769 lis
1231 2742 1386 2770 hominibus
1399 2749 1425 2769 et
1438 2752 1533 2770 eorum
1547 2744 1636 2777 paucis
1651 2753 1744 2771 curare
1761 2745 1839 2780 Apul.
1856 2747 1933 2780 Apol.
1955 2757 1980 2781 p.
1995 2754 2048 2781 281,
2061 2758 2095 2782 15.
2165 2751 2232 2778 Dae-

74 2777 118 2805 bis
135 2778 206 2813 Sulp.
225 2779 313 2806 Seuer.
336 2777 403 2805 Hist.
419 2777 485 2804 Eccl.
506 2786 530 2808 2,
548 2785 567 2803 1.
641 2778 733 2810 Qium
752 2777 785 2802 ad
800 2784 909 2802 coenam
930 2777 1123 2809 inuitauerant,
1185 2787 1277 2806 mones
1289 2778 1397 2814 quidam
1410 2780 1489 2806 certis
1506 2779 1676 2814 potestatibus
1690 2787 1783 2807 curant
1794 2780 1832 2807 Id.
1846 2781 1877 2807 de
1889 2782 1946 2808 Deo
1959 2783 2029 2809 Socr.
2044 2794 2068 2819 p.
2083 2793 2124 2818 50,
2138 2795 2176 2819 30,

75 2815 145 2842 vltra
152 2814 335 2842 Romanorum
347 2820 373 2841 et
385 2813 542 2840 mortalium
555 2813 634 2839 etiam
647 2821 751 2839 morem
766 2811 893 2838 curabant
905 2813 1039 2839 exornatis
1051 2814 1122 2840 aedi·
1139 2816 1172 2844 75
1224 2821 1242 2842 C
1254 2822 1276 2840 v
1286 2822 1305 2841 R
1316 2817 1363 2842 ᾸΤ
1373 2822 1394 2840 ν
1406 2822 1419 2842 s
1433 2835 1441 2847 ‚
1466 2824 1495 2848 a,
1522 2824 1576 2841 um.
1613 2816 1706 2842 Partic.
1743 2817 1926 2852 [ἔπιμέλητυς]
1969 2819 2039 2845 Bene
2061 2828 2150 2848 curata
2170 2828 2231 2851 cute

75 2849 129 2877 bus.
143 2858 190 2885 per
202 2851 292 2878 aulaea
311 2857 336 2877 et
350 2850 476 2884 insignia,
491 2849 625 2884 scenisque
640 2848 672 2875 ad
686 2848 890 2875 ostentationem
909 2848 1071 2876 histrionum
1084 2850 1123 2876 fa·
1184 2850 1286 2877 nitidus
1295 2852 1362 2878 Hor.
1370 2851 1449 2885 Epist.
1459 2860 1478 2884 1,
1488 2860 1516 2884 4,
1529 2859 1563 2884 15.
1634 2851 1758 2878 Membra
1770 2858 1859 2878 curata
1872 2854 1964 2887 sopori
1976 2854 2053 2888 dare,
2065 2860 2082 2883 i.
2098 2858 2231 2885 Cornutum

75 2885 200 2917 bricatis;
227 2886 303 2914 simul
322 2895 400 2912 croco
418 2886 503 2920 sparsa
522 2884 617 2912 humus
637 2892 681 2911 etc.
702 2884 761 2911 Sall.
774 2883 842 2919 apud
861 2885 935 2911 Non.
955 2891 981 2911 et
1000 2885 1122 2912 Macrob.
1184 2886 1293 2913 dormire
1306 2886 1379 2913 Idem
1395 2887 1476 2913 Serm.
1489 2895 1516 2920 2,
1530 2896 1554 2918 2,
1567 2892 1607 2917 80.
1662 2887 1774 2914 Pecunia
1789 2895 1879 2915 curata
1898 2890 1954 2916 Cic.
1969 2891 2038 2916 Fam.
2053 2900 2075 2924 5,
2089 2901 2128 2920 ιο,
2177 2895 2230 2921 Cu.

75 2921 127 2949 Sat.
139 2930 162 2955 2,
175 2930 201 2956 9.
271 2922 354 2949 Aedes
369 2930 462 2949 curare
481 2921 563 2948 Plaut.
577 2920 682 2948 Mostcl.
697 2929 715 2951 1,
729 2929 750 2953 1,
764 2929 806 2954 34.
878 2921 1009 2955 Aegrotos
1028 2930 1121 2949 curare
1184 2928 1257 2949 ratus
1277 2923 1354 2958 adeps
1373 2923 1464 2950 suillus
1486 2922 1607 2950 Scribon.
1626 2931 1684 2949 222.
1703 2925 1722 2948 i.
1736 2930 1870 2959 purgatus.
1906 2925 1974 2952 Add.
1993 2936 2009 2952 a
2026 2928 2106 2955 Rhod,
2125 2933 2153 2956 in
2168 2931 2229 2957 Lex,

75 2956 150 2989 Idem
161 2959 236 2993 Casu,
253 2967 273 2991 1,
285 2967 310 2991 2,
323 2963 364 2993 87.
434 2958 555 2984 Aetatem
570 2957 641 2984 stiam
655 2962 680 2983 et
695 2957 720 2983 se
732 2964 824 2984 curare
836 2955 874 2982 Id.
889 2957 980 2983 Pseud.
993 2967 1023 2990 4,
1036 2965 1063 2992 7,
1078 2967 1120 2991 34.
1183 2959 1296 2986 Scribon.
1309 2957 1446 2995 produc‘ia.
1482 2960 1560 2993 Qtae
1577 2958 1774 2993 τεθεραπευμένα
1788 2960 1882 2986 Graeci
1902 2961 2048 2996 appellant,
2074 2973 2123 2991 nos
2140 2973 2230 2992 curata

77 2991 146 3019 Ter.
160 2993 189 3020 in
201 2994 277 3021 Adel.
292 3002 314 3028 5,
329 3003 349 3026 1,
364 3002 374 3020 1
391 2996 419 3020 in
437 2993 537 3020 eandem
550 2993 702 3030 sententiam
720 2991 802 3023 dixit,
823 2992 868 3018 Te
882 2993 978 3020 curasti
992 2993 1121 3020 molliter.
1137 2998 1170 3024 80
1183 3003 1322 3021 vocamus:
1340 3004 1425 3030 quum
1438 3003 1470 3021 ex
1489 2996 1551 3021 seuo
1570 2999 1632 3028 puta
1650 3002 1744 3020 omues
1763 2995 1960 3023 membranulae
1981 2997 2125 3033 diligenter
2143 3010 2230 3028 exem.

77 3026 159 3054 Plaut.
173 3029 232 3055 Mil.
252 3038 278 3063 2,
298 3038 317 3062 1,
335 3037 366 3065 71
389 3030 541 3060 Faciemus,
563 3029 624 3055 Alia
647 3036 716 3055 cura.
787 3028 857 3055 Ter.
877 3028 986 3056 Phorm.
1004 3038 1031 3062 2,
1049 3038 1070 3061 1,
1086 3032 1121 3056 26
1184 3035 1226 3057 tae
1241 3031 1315 3062 sunt,
1335 3036 1381 3058 aut
1397 3040 1433 3057 ex.
1442 3030 1498 3057 alio
1511 3028 1704 3056 medicamento
1721 3030 1788 3057 Cels.
1801 3038 1824 3064 ς,
1839 3040 1877 3064 19,
1891 3041 1913 3058 11
1927 3039 1992 3060 extr.
2064 3036 2174 3064 Cadmia
2187 3047 2230 3064 cu.

79 3063 162 3097 Atqui
173 3065 262 3099 reperi
273 3064 342 3092 iam:
360 3064 441 3092 Aliud
454 3073 526 3092 cura.
562 3067 604 3092 Ita
615 3064 716 3101 saepius
726 3064 842 3091 Plautus.
912 3065 1008 3101 Aliena
1028 3074 1122 3092 curare
1183 3073 1240 3093 rata
1252 3066 1326 3093 Idem
1338 3068 1366 3100 6,
1378 3074 1400 3100 5.
1455 3065 1606 3093 Haedinum
1620 3072 1697 3105 caput
1708 3073 1829 3093 curatum
1851 3069 1941 3102 Vegct.
1954 3079 1983 3103 4,
1995 3074 2019 3102 8,
2034 3078 2053 3096 1.
2088 3073 2162 3109 conf.
2178 3075 2229 3101 co.

78 3099 147 3125 Ter.
161 3099 256 3127 Heaut.
270 3109 321 3134 1,1‚
335 3109 375 3135 ²4·
443 3101 528 3128 Plaut.
540 3100 620 3128 Stich.
635 3108 658 3134 5,
671 3109 693 3134 3,
707 3109 724 3133 9
750 3101 858 3128 Amicos
871 3110 946 3128 meos
957 3100 1056 3129 curabo
1069 3101 1122 3128 hue
1182 3102 1247 3129 lum.
1260 3111 1287 3136 9,
1300 3111 1340 3135 14,
1356 3111 1376 3130 1.
1398 3111 1436 3135 12,
1451 3107 1487 3134 18,
1500 3104 1526 3128 6.
1597 3100 1664 3127 Plin.
1677 3102 1757 3136 Epist.
1771 3111 1798 3135 9,
1812 3111 1836 3135 13
1870 3104 1915 3130 Me
1936 3105 2044 3139 quidam
2058 3115 2090 3134 ex
2103 3109 2229 3137 Consula.

76 3134 263 3169 aduenientes,
280 3139 300 3162 ι’.
316 3137 394 3172 epulis
406 3139 536 3172 accipiam.
571 3136 618 3164 Sed
630 3146 680 3172 pro
694 3137 775 3163 Colere
787 3137 867 3163 Mart.
882 3138 909 3170 6,
922 3145 963 3170 50.
1033 3137 1119 3164 Plaut.
1182 3138 1258 3166 ribus
1274 3139 1367 3165 amicis
1381 3139 1496 3170 secreto,
1517 3142 1662 3171 curatoque
1681 3138 1816 3168 sermone,
1830 3139 1900 3173 quasi
1918 3141 1999 3167 nimis
2012 3141 2121 3171 fortiter
2140 3145 2229 3172 incau—

76 3169 154 3197 Most.
169 3179 190 3203 1,
202 3179 222 3204 1,
235 3180 268 3205 34
287 3172 328 3198 An
339 3172 397 3199 ruri
410 3172 508 3207 quaeso
523 3181 578 3200 non
593 3174 651 3199 sunt
664 3180 731 3207 quos
749 3181 839 3199 curem
852 3173 956 3199 Boucs?
1019 3172 1119 3200 Cibum
1137 3177 1166 3206 85·
1182 3181 1261 3210 teque
1280 3175 1441 3209 progressum
1459 3173 1583 3207 corripit:
1613 3180 1737 3205 reuocat,
1755 3182 1846 3201 monet
1867 3183 1896 3201 vt
1913 3175 2039 3204 desistam.
2115 3181 2228 3216 Compar.

76 3214 168 3233 curare
185 3207 272 3234 Varro
289 3207 320 3234 L.
339 3208 369 3234 L.
388 3209 418 3238 6,
430 3216 444 3241 3
464 3218 490 3243 p.
508 3215 554 3242 72,
571 3216 607 3244 27
643 3208 746 3242 Epeum
766 3207 917 3235 fumisicum
933 3218 1027 3236 cocum
1046 3216 1121 3237 vocae
1181 3212 1249 3238 Cato
1262 3220 1284 3237 c.
1298 3219 1340 3243 103
1379 3211 1438 3237 Hoc
1451 3208 1469 3235 si
1489 3209 1601 3241 feceris,
1619 3208 1657 3235 ita
1673 3209 1755 3236 boues
1768 3216 1795 3236 et
1812 3219 1924 3245 corpore
1936 3214 2083 3241 curatiorcs
2095 3223 2187 3249 erunt,
2201 3223 2228 3243 et

75 3242 196 3275 Plautus,
214 3242 248 3269 ab
266 3243 339 3278 Epeo
353 3243 418 3276 illo,
433 3244 481 3279 qui
497 3243 597 3271 dicitur
613 3243 645 3270 ad
656 3244 775 3271 Troiam
810 3259 856 3264 -—
889 3251 949 3280 apte
963 3245 1063 3272 Cibum
1077 3255 1120 3272 cu-
1181 3246 1291 3273 morbus
1308 3246 1412 3278 aberit,
1427 3248 1446 3271 i.
1465 3246 1564 3271 meliore
1578 3244 1730 3272 habitudine.
1800 3247 1897 3282 Superl.
1928 3248 1979 3281 Vt,
1997 3250 2086 3278 Preces
2105 3251 2226 3279 curatissi-

75 3278 155 3304 ralse:
173 3277 236 3304 ideo
253 3279 291 3305 ait
303 3279 402 3314 Epeum
419 3279 588 3312 sumificum,
609 3280 658 3315 qui
674 3279 777 3314 legioni
796 3279 899 3307 nostrae
914 3280 993 3312 habet
1011 3280 1119 3308 coetum
1181 3291 1256 3315 mae,
1272 3285 1291 3309 i.
1310 3280 1504 3316 accurattffimae
1517 3280 1608 3307 Tacit.
1619 3280 1687 3306 Ann.
1704 3289 1723 3312 1,
1741 3289 1775 3313 13.

75 3313 175 3341 cibum.
211 3314 253 3342 Sic
271 3314 339 3341 Ter.
351 3314 432 3342 Andr.
445 3324 467 3348 1,
480 3324 500 3347 1,
513 3323 526 3347 3
555 3315 659 3350 Nempe
678 3321 708 3343 vt
725 3322 851 3343 curentur
868 3316 940 3343 reete
959 3317 1022 3344 hacc
1043 3320 1118 3344 etiam
1217 3324 1236 3345 c
1248 3325 1268 3344 v
1280 3320 1395 3345 κᾹΤι-ῖ.
1432 3316 1501 3343 Adu.
1543 3317 1711 3350 [ἐπιμελῶς]
1748 3318 1798 3343 Pro
1818 3318 1953 3346 Accurate.
1995 3321 2108 3357 Compar.
2133 3321 2223 3348 Tacit.

73 3348 108 3375 ad
125 3352 231 3376 culinam
249 3356 272 3376 ee
287 3349 406 3387 coquendi
419 3353 540 3377 rationem
554 3354 676 3387 pertinet.
746 3351 862 3378 Martial.
876 3354 902 3384 6,
915 3361 947 3386 50
983 3351 1118 3380 Obscenos
1129 3358 1167 3383 90
1181 3355 1247 3380 Anu.
1261 3363 1288 3387 2,
1302 3362 1336 3388 27
1370 3352 1432 3379 Eius
1451 3351 1554 3386 negotii
1575 3351 1701 3385 initium,
1713 3352 1852 3386 ordinem,
1865 3353 1946 3382 finem
1959 3357 2075 3383 curatius
2095 3356 2221 3383 disseram.

74 3385 211 3420 postquam
228 3386 318 3420 coepit
335 3393 427 3412 curare
444 3385 567 3413 cinaedos
578 3407 588 3420 ,
614 3390 633 3414 i.
659 3388 752 3419 colere,
768 3391 860 3414 amicos
878 3388 974 3416 habere.
1026 3385 1028 3392 '
1044 3390 1116 3416 Con·
1179 3389 1253 3417 Editi
1270 3388 1385 3416 curatius
1403 3388 1461 3415 ludi
1482 3387 1554 3414 Idem
1573 3388 1640 3414 Ann.
1660 3396 1700 3420 14,
1713 3395 1750 3414 21.
1822 3390 1918 3425 Sapere.
1936 3391 2036 3418 Sallust.
2055 3391 2173 3425 Iugur-th.
2193 3394 2223 3418 16

74 3421 210 3448 scientiam
222 3421 306 3448 animi
318 3430 373 3448 non
385 3427 459 3448 curat
476 3422 616 3457 improbus
634 3422 692 3450 Cic.
707 3422 741 3448 de
756 3423 816 3450 Fin.
829 3431 857 3455 2,
868 3431 910 3457 54.
980 3425 1116 3451 Conuiuia
1179 3426 1246 3452 Eum
1267 3424 1395 3459 Iugurtha
1413 3423 1569 3452 curatissime
1587 3423 1703 3458 recepit,
1718 3426 1737 3450 i.
1757 3433 1812 3451 cum
1828 3435 1891 3454 cura
1908 3433 1934 3454 ee
1952 3427 2050 3454 bonore.
2084 3426 2132 3454 Sed
2148 3427 2220 3453 MSS.

74 3456 152 3491 Virg.
169 3458 267 3493 Georg.
286 3466 307 3491 1,
325 3466 378 3491 301.
449 3458 570 3493 Corpora
597 3457 673 3485 Idem
691 3459 757 3485 Aen.
777 3463 801 3491 8,
821 3461 884 3494 607.
919 3460 941 3486 E
957 3469 984 3487 re
1005 3461 1116 3487 militari
1177 3461 1371 3488 acciu-atiffime.

65 3491 177 3529 sumtum
194 3503 250 3520 cum
269 3500 371 3521 coenant
384 3493 477 3520 milites
490 3500 514 3520 et
527 3493 653 3530 quiescunt
666 3503 691 3520 v.
703 3502 729 3530 g.
744 3494 821 3521 Curt.
834 3503 858 3527 3,
872 3499 896 3528 8,
908 3503 948 3521 22.
1019 3495 1117 3523 Cutem
1215 3497 1421 3525 ονΚᾹΤΟΚ,
1440 3495 1505 3523 ὃι-ἰε.
1523 3503 1559 3520 m.
1594 3494 1782 3530 [ἕπιμεληνῆς]
1811 3496 1927 3524 Gener-ali
1937 3501 2032 3524 nomine
2043 3496 2138 3523 dicitur
2144 3503 2220 3532 pras.

73 3536 181 3560 eurare,
201 3528 332 3561 Indulgere
356 3531 428 3566 genio
453 3530 545 3556 quen.
563 3529 615 3556 Sat.
635 3538 662 3562 2,
683 3536 735 3562 105.
776 3531 871 3557 Horat.
892 3530 971 3566 Epist.
989 3539 1010 3563 1,
1030 3541 1060 3566 4,
1080 3538 1115 3564 15.
1131 3539 1164 3565 93
1173 3532 1270 3568 politus
1281 3533 1358 3559 alicui
1370 3534 1468 3567 negotio
1485 3529 1608 3562 curando,
1619 3537 1666 3563 ut,
1678 3531 1794 3558 Cui-ator
1806 3533 1865 3559 viae
1878 3533 2022 3560 Flaminiae
2034 3532 2089 3558 Cic.
2097 3533 2150 3559 Att.
2163 3542 2184 3566 1,
2199 3542 2220 3560 1.

72 3562 170 3591 Officia
189 3560 306 3592 amantia
325 3565 411 3591 Deum
431 3565 550 3591 Tertull.
570 3564 629 3591 adu.
646 3564 762 3598 Psychic.
781 3575 804 3592 c.
822 3568 860 3593 16.
931 3567 1020 3601 Equos
1040 3567 1117 3601 Virg.
1179 3569 1323 3595 Munerum
1339 3575 1368 3594 ae
1386 3567 1560 3593 venationum
1581 3572 1687 3593 curator
1705 3567 1775 3594 Suet.
1790 3568 1876 3603 Calig.
1891 3579 1911 3595 c.
1925 3577 1968 3603 27.
2040 3568 2220 3601 Negotiorum

72 3600 140 3626 Aen.
154 3604 178 3632 8,
190 3601 253 3634 607.
324 3600 415 3627 Fidem
435 3601 523 3634 silam,
535 3601 624 3627 curam
642 3600 729 3627 hahere
746 3600 775 3627 de
786 3600 842 3637 fide
855 3600 1008 3637 praestanda
1031 3602 1115 3629 Plaut.
1179 3603 1278 3631 Sallust.
1293 3604 1349 3637 Iug.
1362 3610 1403 3637 71.
1463 3602 1536 3628 Idem
1555 3601 1584 3628 in
1597 3601 1717 3637 Iugurth.
1731 3612 1773 3630 110
1801 3602 1940 3632 Caeterum
1960 3603 1992 3629 de
2004 3602 2106 3636 Repub.
2121 3603 2218 3636 nostra,

71 3635 154 3662 Trin'.
168 3643 189 3668 1,
203 3644 230 3667 2,
245 3642 294 3668 155.
363 3636 479 3663 Genium
491 3645 568 3663 mero
584 3636 652 3662 Hor.
665 3636 754 3662 Carm-
767 3644 791 3668 3,
805 3644 842 3671 17,
856 3645 896 3671 ¹4·
965 3637 1116 3665 Histriones
1177 3640 1254 3667 cuius
1267 3639 1317 3665 huc
1331 3643 1439 3664 curator
1448 3638 1536 3664 missus
1548 3646 1592 3671 es,
1603 3639 1692 3672 paucis
1705 3640 1802 3674 accipe.
1873 3637 2030 3666 Reficiendis
2044 3639 2126 3664 nturis
2146 3648 2219 3666 cura-

71 3677 146 3698 curat
156 3671 259 3706 Iupiter
271 3671 353 3707 Plaut.
367 3672 461 3707 Amph.
475 3671 542 3707 prol.
560 3677 602 3706 87.
673 3671 766 3698 Tacit.
780 3672 890 3706 Ann..6‚
901 3681 935 3705 30
960 3673 1116 3700 Gaetulicus
1177 3680 1222 3703 tor
1240 3673 1429 3702 Demosthenes
1447 3673 1502 3700 fuit
1520 3673 1577 3700 Cic.
1596 3674 1629 3700 de
1649 3675 1712 3710 Opt.
1731 3684 1789 3710 gen.
1802 3676 1882 3709 Orat..
1890 3682 1926 3707 19.
1999 3674 2162 3701 Restituendi
2179 3684 2219 3702 ea-

69 3715 102 3734 ea
115 3707 266 3741 tempestate
283 3707 424 3742 ssipen-,ioris
438 3708 595 3735 Germaniae
613 3706 733 3742 legiones
747 3706 869 3740 curabat,
885 3710 904 3734 ι’.
924 3707 977 3734 illis
985 3714 1114 3745 praeerat.
1123 3711 1269 3746 100pitoli1'
1282 3709 1350 3736 Gell.
1363 3718 1391 3742 2,
1401 3717 1439 3735 ιο.
1510 3709 1591 3736 Vrbis
1604 3715 1631 3736 et
1649 3710 1770 3738 annfinac
1788 3716 1933 3740 curatores,
1945 3707 2042 3747 aed—iles
2058 3710 2111 3735 Cic.
2125 3709 2158 3736 dc
2169 3711 2218 3736 Lc-

50 3743 51 3746 ’
70 3742 219 3769 Secundum
237 3743 342 3769 Locum
356 3743 424 3771 δίκε.
444 3744 512 3771 Tib.
533 3753 575 3776 11,
600 3745 619 3769 i.
639 3745 714 3769 tueri.
786 3742 912 3770 Mandata
929 3753 989 3771 mea
1007 3744 1114 3771 curabis
1178 3747 1233 3782 gib.
1248 3755 1269 3779 3,
1283 3753 1301 3780 7
1313 3754 1334 3771 c.
1349 3753 1371 3777 3.
1442 3743 1516 3772 Idem
1529 3746 1557 3772 in
1570 3746 1659 3772 Vatin.
1672 3755 1700 3780 35
1734 3743 1932 3783 Non⁴nuntioq
1942 3752 2010 3777 pacis
2024 3753 2051 3770 ac
2066 3744 2145 3777 belli,
2162 3754 2217 3772 non

71 3778 129 3805 Cic.
143 3779 197 3805 Att.
211 3788 240 3812 4,
252 3786 279 3813 7.
351 3778 447 3806 Munus
465 3779 573 3814 aliquod
594 3779 677 3805 Plaut.
694 3778 781 3806 Truc.
799 3787 823 3812 2,
837 3787 867 3812 4,
879 3780 924 3813 76.
994 3780 1113 3814 Negotia
1177 3789 1328 3814 curatores,
1340 3789 1395 3807 non
1407 3780 1573 3817 interpretes,
1587 3788 1634 3808 erc.
1674 3783 1782 3809 Senatus
1793 3788 1869 3806 more
1881 3787 2014 3806 maiorum
2027 3779 2143 3815 deligere
2158 3781 2216 3815 pos-

68 3813 156 3840 aliena
169 3814 227 3842 Cic.
240 3814 270 3840 in
281 3813 382 3848 Topic.
397 3815 441 3841 66.
511 3814 637 3843 Officium
650 3815 725 3841 suum
737 3823 831 3841 curare
839 3814 922 3841 Plaut.
935 3814 1028 3842 Bacch.
1042 3825 1071 3849 4,
1084 3825 1114 3849 4,
1177 3819 1232 3844 set?
1253 3816 1330 3853 Qud.
1345 3816 1480 3844 Oratores.
1550 3817 1646 3844 Iulian.
1667 3818 1684 3844 l.
1698 3826 1730 3843 ex
1749 3814 1820 3843 facio
1836 3813 1870 3844 D-
1884 3815 1916 3841 de
1929 3815 2044 3848 negotiis
2065 3816 2156 3850 gestis,
2177 3816 2215 3841 Ex

69 3855 122 3880 ¹08-
194 3849 294 3877 Velites
306 3848 487 3879 excursionem
496 3851 636 3883 adornant,
655 3850 762 3877 ordines
775 3850 908 3885 principes
919 3856 1020 3882 curant,
1037 3852 1114 3886 equi·
1176 3853 1250 3880 facto
1283 3851 1456 3885 merebatur,
1474 3853 1604 3889 quendam
1617 3853 1651 3879 ad
1664 3852 1794 3887 siliginem
1805 3849 1942 3888 emendam
1962 3857 2110 3878 curatorem
2129 3851 2216 3890 decre-

66 3891 106 3914 tes
124 3885 251 3914 cornibus
269 3885 393 3922 praesunt
416 3885 496 3921 Apul.
513 3887 547 3916 de
567 3886 670 3915 Mundo
687 3895 712 3922 p.
727 3894 772 3922 72,
791 3895 816 3913 2.
887 3886 1008 3914 Parentes
1029 3886 1166 3923 Haut-105
1175 3895 1206 3916 to
1223 3862 1328 3917 ortiinis
1347 3888 1533 3952 etknstitutum:
1551 3889 1647 3921 eidem,
1661 3895 1708 3914 etc.
1776 3883 1944 3912 Constituere
1962 3893 2095 3913 curatores
2113 3885 2216 3947 legicbus

1332 3929 1346 3955 Β
1422 3933 1438 3951 2
2181 3930 2213 3947 1c.
