2474 4182
282 184 354 224 78(
653 172 688 211 C
761 176 800 210 A
873 168 899 208 S
1506 192 1510 193 γ
1785 162 1829 213 c*
1906 164 1947 202 A
2025 165 2063 204 s.
2344 157 2416 222 *738

287 262 416 288 occultari.
470 261 608 288 Castorum
621 262 715 285 nomint
728 256 821 283 Castor
833 261 859 282 et
872 255 965 282 Pollux
978 260 1145 285 continentur.
1216 254 1282 282 Plin.
1296 262 1324 290 7,
1389 258 1460 288 quam
1474 248 1572 277 diuidat
1583 254 1716 292 veteranis.
1781 251 1879 292 Tacit.
1896 250 1965 278 Hist.
1976 260 2008 290 ⁸4,
2023 252 2182 293 241Flaecut
2200 252 2308 283 interim
2318 259 2419 293 cognito
2444 250 2446 258 ,

286 306 321 325 22
340 297 459 324 Castores
474 297 603 327 Romani,
624 295 669 328 qui
684 292 808 319 Perticam
829 292 867 326 (a
881 292 952 328 Pers}
967 292 1126 319 Macedonum
1141 293 1220 328 rege)
1239 291 1324 317 vicio.
1389 286 1536 314 castrorum
1551 286 1671 320 obsidio,
1705 294 1730 314 et
1749 287 1827 314 nullis
1844 296 1891 322 per
1912 287 2010 313 Gallias
2030 296 2078 322 qui
2095 291 2193 318 auxilia
2211 294 2357 327 concitent,
2377 302 2420 323 etc.
2442 286 2461 324 Ε,

286 333 357 360 riam
377 347 421 352 —
438 333 604 358 nunciauerc.
640 329 711 355 idem
722 336 799 360 10,43
809 328 868 354 Γ.60
891 327 928 353 Ex
935 327 990 354 fetu
1004 328 1079 363 supra
1089 328 1225 354 Castorum
1234 325 1325 353 aedem
1390 321 1489 348 Castris
1503 328 1622 357 pr0¹¹1ss¹⁵
1648 323 1719 349 Idem
1734 325 1802 350 Ann-
1817 332 1837 356 1,
1852 330 1882 358 57
1909 322 2164 385 ss?d1’s¹'s¹1r³galfh.
2181 354 2184 356 ,
2234 329 2331 362 Apium
2347 330 2421 358 castra
2438 356 2441 358 ,

287 368 391 402 genitus
405 368 490 402 pullus
505 370 573 393 corui
585 372 630 390 cte.
675 364 714 390 Sic
727 363 828 390 Minue.
843 362 896 390 Fel.
908 371 944 396 21,
960 365 995 390 16.
1009 371 1032 390 et
1047 372 1117 397 2735.
1155 363 1278 397 Cyprian.
1294 361 1326 387 de
1392 357 1497 392 metaph.
1519 360 1536 383 i.
1552 358 1616 382 aluei
1633 357 1729 385 Pallad.
1743 367 1763 391 1,
1778 368 1818 393 37,
1832 369 1858 391 4.
1919 358 2061 385 stabularii
2101 360 2135 386 ol.
2148 363 2174 393 6,
2188 370 2227 393 23,
2241 371 2262 394 3.
2324 364 2421 393 Aestiua

288 403 356 430 Idol.
369 405 434 430 Van.
450 412 470 434 1,
484 411 505 428 2.
542 400 645 433 Vulgat.
660 398 717 425 Act.
732 404 769 431 28,
784 408 814 425 11.
851 398 1006 426 Trebellius
1021 399 1108 425 Pollio
1122 398 1150 424 in
1164 398 1295 424 Valerian.
1309 405 1327 423 2
1356 399 1371 425 5
1394 392 1474 419 castra
1494 392 1562 418 Suet.
1584 392 1674 432 Claud·
1689 401 1708 419 1.
1778 392 1894 421 Confusa
1914 393 2028 420 tumultu
2048 394 2165 421 fremunt
2182 397 2262 423 castra
2294 398 2386 428 Lucan.
2398 407 2423 436 7,
2470 417 2471 420 ,

290 441 380 473 Quun
399 439 433 465 ob
453 435 636 470 imperatorias
656 434 746 461 literas
766 435 793 460 in
810 433 873 461 aede
893 435 1030 461 Castorum
1050 435 1156 460 Senatus
1177 433 1328 459 haberetur.
1397 436 1450 463 127.
1473 466 1476 470 .
1521 428 1670 469 Domestica
1687 429 1776 455 quen.
1791 430 1840 456 Sat.
1855 438 1891 462 10,
1904 438 1943 464 93.
1991 431 2100 456 h'st'litem
2114 431 2298 458 praetorianum
2310 433 2423 471 Augustos
2442 430 2471 469 ll..

290 474 454 509 Capitolinus
467 473 495 498 in
508 471 678 502 Maximinis,
699 472 726 496 16
744 471 835 504 Qium
849 477 956 497 ventum
970 471 1028 496 ess’et
1042 470 1069 495 in
1083 469 1173 495 aedem
1183 468 1329 495 Castorum.
1395 474 1451 491 rum
1466 464 1595 503 zntclltgit.
1638 462 1695 489 lstd.
1714 463 1887 491 Praetoriana.
1968 465 2106 500 Fulgentia
2125 466 2201 500 signis
2231 468 2297 494 Hor.
2311 469 2392 497 Carm.
2404 479 2424 506 1,
2438 470 2444 500 ,J
2461 471 2474 502 ζ,

290 510 441 539 arnobius,
460 515 476 532 2
492 516 515 541 p.
532 515 562 539 93
590 505 761 532 Tendaridae
775 506 893 533 Castores
908 515 973 532 vnus
986 514 1068 540 equos
1081 504 1210 531 domitare
1224 505 1330 530 consuc-
1396 508 1423 534 7,
1439 508 1478 525 20-
1552 499 1624 538 Vfrg·
1639 498 1692 525 Ecl·
1707 507 1744 530 10,
1764 507 1790 530 23
1820 501 1886 527 Tua
1903 509 1966 527 cura
1986 501 2096 533 Lycoris
2131 502 2231 536 Perque
2248 502 2321 529 niues
2338 504 2423 540 alium,
2462 512 2474 537 ’,1

291 553 347 576 tus,
378 545 443 569 alter
464 542 597 576 pugilator
619 541 713 568 bonus.
782 543 823 570 Sic
843 542 911 568 Tac.
930 541 996 568 Hist.
1017 549 1040 570 2,
1058 549 1091 573 24
1115 539 1154 566 Ad
1171 547 1214 566 xri
1235 548 1248 565 a
1267 540 1330 566 Cre·
1397 543 1497 575 perque
1509 534 1617 560 hon·1d³
1631 534 1711 561 castra
1725 535 1810 560 secuta
1823 536 1867 562 est.
1938 537 2032 572 Iniqua
2051 538 2118 563 Hor.
2136 537 2224 563 Carm.
2239 544 2259 570 1,
2272 546 2309 570 10,
2320 542 2359 571 16.
2371 540 2423 571 hg,
2471 559 2474 571 ,

291 588 369 607 1110113
387 578 459 604 locus
479 577 617 604 Castorum
642 582 765 604 vocatur:
802 587 868 614 quem
888 578 957 603 Suet.
978 576 1078 603 Othon.
1099 584 1115 608 9
1149 582 1222 602 vocat
1238 575 1269 601 ad
1283 576 1331 601 Ca·
1351 576 1380 595 ¹0
1399 573 1519 598 lmssuffl-
1534 569 1662 604 Porphyr.
1733 570 1831 610 Martia
1853 570 1950 598 Tibul·
1972 581 1992 605 Ι,
2010 581 2034 604 22
2053 580 2095 607 70·
2166 572 2262 599 Mollia
2274 573 2364 608 castra,
2385 577 2425 605 G:-
2441 573 2474 607 ⁷¹:

291 615 382 646 (toris,
402 613 445 649 (s.
463 613 495 639 ad
509 613 656 644 Castores.)
692 613 768 639 Oros.
779 621 806 648 7,
821 621 833 646 ς
851 613 930 640 Circa
944 613 1042 644 locum,
1055 620 1136 646 quem
1149 611 1279 643 Castoris3
1297 611 1331 637 al.
1393 605 1453 640 stra
1468 606 1599 646 Cupidinis
1609 611 1685 645 ⁴vocat
1710 605 1790 631 Ouid.
1807 606 1838 632 de
1854 607 1916 633 Arte
1929 609 1986 634 Am.
2000 617 2025 640 2,
2040 610 2097 640 236.
2170 608 2241 634 Caes.
2253 608 2318 635 Bell.
2331 610 2393 638 Gall.
2403 619 2425 646 ς,
2438 601 2446 645 f

290 650 408 678 castores
431 655 534 675 vocant.
1399 651 1434 669 22.
1453 643 1539 675 Atque
1559 649 1592 666 ns
1606 646 1735 680 imperat,
1770 646 1800 667 vt
1814 641 1911 668 coaffls
1930 644 2053 670 omnibus
2073 644 2172 678 copiis,
2200 643 2278 670 castra
2289 646 2387 674 naualia
2396 644 2449 682 def„¹

326 690 574 715 cnsronnvs,
596 692 620 716 a,
638 692 693 710 um.
713 683 773 710 Adi.
810 682 959 718 [Καςᾶρως]
994 683 1053 710 Sen.
1074 683 1185 717 Hippol.
1206 687 1250 712 810
1271 682 1332 708 Fre.
1399 677 1549 711 improuiso
1568 676 1738 707 adoriantur,
1763 682 1840 712 atque
1861 685 2018 712 expugnent.
2075 681 2105 706 1η
2123 681 2196 706 litore
2210 686 2292 713 nempe
2304 679 2443 714 cmislieuta*

289 721 329 748 nis
350 720 474 747 Castorea
490 719 621 747 mobilior
640 728 727 746 manu.
754 723 771 745 i.
792 718 867 754 ipfius
884 716 1010 751 Castoris,
1039 722 1081 755 qui
1101 722 1209 754 optimus
1228 717 1335 743 domitor
1392 713 1456 749 szmt
1467 712 1525 738 hacc
1538 710 1634 744 castra,
1654 715 1681 737 ὑὶ
1695 720 1755 747 quae
1766 715 1890 749 recipiant
1896 714 1925 749 st·
1938 714 2065 748 cloffiarii.
2115 716 2150 741 Ea
2169 721 2241 741 vocat
2254 714 2363 743 Nautica
2374 711 2434 746 ‹Ne-2

289 766 402 795 equorum
415 763 477 782 arat.
1354 754 1380 779 ις
1400 757 1447 783 pos
1459 748 1487 773 in
1500 747 1654 780 Alcibiade,
1675 755 1702 781 7,
1724 752 1747 779 8,
1768 755 1790 780 5.
1861 749 2028 775 praetoriana
2040 750 2120 777 castra
2151 750 2220 777 Suet.
2235 748 2327 777 Claud.
2345 760 2384 780 als
2400 756 2434 784 t'n,

325 798 391 819 CAS
400 798 421 818 T
430 798 450 818 R
459 797 494 822 0,
519 794 573 818 ᾖτε.
609 790 756 824 [im-imm,
777 788 892 823 ἕυνκχίζω
901 810 908 823 ,
928 789 1056 826 ἐρχοτομῶ
1068 790 1080 822 ]
1116 789 1220 821 Proprie
1239 783 1272 818 est
1291 786 1334 811 Vi·
1399 784 1486 823 quibus
1500 784 1569 823 miles
1585 785 1772 823 praetorianus.
1829 784 1921 819 Nempe
1931 783 2056 821 Augustus
2068 792 2168 813 certum
2181 794 2320 813 numerum
2331 788 2383 815 vm‘lt'
2396 818 2399 819 .

289 829 350 854 rilia
363 834 497 862 amputare.
570 827 626 852 Val.
639 827 710 852 Max.
726 828 752 858 6,
768 834 787 857 ι,
803 834 826 857 13
852 827 890 851 De
900 833 989 860 poems
1002 825 1167 850 adulterorum
1183 820 1272 847 Carbo
1288 822 1335 847 Ac·
1401 825 1498 854 pamm
1513 828 1540 844 in
1553 818 1627 845 vrbis
1643 825 1740 853 partim
1753 819 1781 845 in
1797 819 1836 845 sui
1860 819 2004 847 custodiam
2026 821 2123 856 adlegit
2157 836 2204 842 —
2239 821 2281 848 Ne
2301 830 2333 848 ue
2351 828 2432 853 tamem
2449 818 2451 822 ⁷

290 863 379 890 cienus
393 871 408 889 a
421 862 553 894 Vibieno‚
576 862 640 887 item
662 861 768 888 Pontius
787 869 801 888 a
816 861 842 886 P.
855 861 956 887 Cernio
974 858 1126 893 deprehensi
1149 857 1251 883 castrati
1266 857 1333 883 sunt.
1400 863 1517 889 vnquam
1537 854 1641 888 plures,
1670 863 1749 889 quarn
1772 861 1825 881 tres
1848 854 1969 882 cohortes
1989 856 2017 883 in
2030 857 2096 884 vrbe
2115 857 2163 883 ess'e
2178 857 2259 891 passus
2272 865 2285 883 e
2313 876 2322 889 ,
2343 854 2407 891 ea}
2471 883 2474 887 ,

289 899 356 926 Ρ1111.
371 903 404 930 18,
416 906 446 931 32
477 899 573 924 Verres
594 898 734 927 iuuenem,
758 897 869 928 arictes,
896 895 1010 926 hoedos,
1036 894 1199 920 decrescente
1219 893 1280 919 luna
1295 901 1335 918 ca·
1401 890 1454 916 fine
1467 890 1569 916 castris:
1590 890 1705 925 reliquas
1719 891 1747 916 in
1762 889 1874 917 hiberna
1888 897 1913 917 ct
1927 891 2023 919 aestiua
2035 893 2104 919 circa
2117 892 2231 919 finitima
2245 893 2340 927 oppida
2351 893 2441 927 ‘sfi'sl
2451 894 2474 931 μ,

291 935 380 962 strato.
419 935 505 960 Mares
526 940 630 959 teneros
649 934 781 959 Ammian.
802 941 841 965 14,
855 933 879 958 6.
951 929 1057 956 Vitulos
1071 929 1182 955 castrare
1203 928 1334 955 Columel.
1353 933 1391 952 20
1401 932 1457 953 tere
1471 926 1597 953 adsuerat.
1635 927 1703 952 Haec
1716 926 1821 952 Sueten.
1836 927 1902 961 Aug.
1918 936 1963 960 49.
1998 927 2046 955 Sed
2057 928 2135 954 eodem
2149 927 2207 961 teste
2221 937 2242 954 c.
2258 936 2290 963 37
2309 928 2418 956 Tibx‘
2465 934 2468 939 ·

291 971 366 1002 6‚26.
387 969 429 995 vbi
441 969 470 996 de
483 976 535 995 tota
547 972 652 996 ratione.
704 968 773 995 Add.
790 975 816 1001 7,
839 975 870 992 11.
1066 963 1086 1002 ff
1112 973 1128 991 2
1165 964 1336 999 Metaphort‘ce
1402 962 1503 989 Romae
1524 961 1604 988 castra
1623 961 1774 993 constituit,
1800 962 1896 997 quibus
1915 963 2098 990 Praetor-ianae
2112 964 2234 991 cohortes
2251 971 2330 998 vagae
2346 960 2419 1006 ''s‘'

290 1005 415 1032 Muearia
427 1004 553 1038 castrare,
573 1002 819 1041 fflffflAfJ-spolmff,
845 1008 868 1027 et
880 1000 958 1026 mellis
976 999 1124 1026 vindemiam
1133 999 1238 1036 facere:
1271 999 1336 1036 quod
1400 1004 1504 1032 tempus
1517 1003 1543 1024 et
1557 1006 1603 1032 per
1617 997 1732 1032 hospitia
1744 998 1873 1032 dispersae
1887 999 2094 1026 continerentur.
2131 998 2233 1026 Fal-‘lma
2253 999 2282 1025 id
2292 995 2435 1035 corfilij

307 1051 338 1068 ua
356 1044 453 1068 ratione
487 1040 614 1067 aciendum
626 1039 677 1073 stt,
697 1040 765 1064 docet
790 1036 919 1062 Columcl.
938 1044 963 1068 9,
986 1043 1019 1068 15.
1075 1036 1170 1062 Pallad.
1188 1036 1246 1062 Iun.
1269 1044 1296 1071 7,
1312 1044 1334 1062 2.
1401 1036 1470 1064 iani,
1490 1033 1575 1068 dequo
1593 1033 1662 1060 Tac.
1677 1034 1745 1060 Ann.
1753 1042 1781 1066 4,
1796 1042 1812 1059 2
1841 1034 1903 1060 Vim
1917 1034 2097 1068 praefecturae
2119 1035 2285 1071 (praetorii)
2311 1036 2393 1063 mo·'

310 1077 356 1104 lin.
370 1085 415 1110 24,
429 1082 441 1106 8
468 1096 474 1102 .
487 1084 513 1108 33
535 1076 562 1102 de
577 1077 668 1103 ulmis,·
703 1074 809 1099 Humor
823 1080 930 1106 quoque
944 1080 957 1097 e
971 1071 1148 1105 medulla,vti
1162 1070 1278 1098 diximus
1296 1080 1337 1097 ca·
1402 1075 1492 1100 antea,
1517 1068 1647 1101 intendit,
1675 1069 1799 1103 dispersas
1818 1078 1866 1104 per
1885 1070 1979 1096 vrbem
2001 1070 2123 1098 cohortes
2142 1080 2194 1097 vna
2212 1071 2240 1097 in
2255 1069 2343 1098 castra·
2406 1067 2408 1071 ⁷
2433 1065 2436 1073 ¹

290 1113 383 1140 stratae
401 1112 505 1139 arboris
517 1112 638 1142 effluens,
658 1109 783 1142 capillum
796 1107 884 1133 reddit
897 1107 977 1141 capiti
990 1107 1082 1134 illitus.
1126 1108 1237 1144 Respicit
1251 1107 1285 1134 ad
1299 1109 1336 1139 16,
1351 1111 1383 1137 23
1404 1104 1487 1131 cendo
1500 1111 1545 1131 etc.
1581 1105 1671 1131 Locum
1683 1104 1807 1141 defigunt,
1833 1111 1885 1132 vet.
1898 1105 1984 1132 Schol.
1997 1105 2029 1132 ad
2042 1106 2160 1133 quenal.
2175 1115 2213 1139 10,
2227 1114 2259 1139 9,-
2282 1107 2340 1134 qut

290 1157 322 1182 39
341 1147 359 1175 Γ.
378 1155 414 1183 74
448 1147 620 1174 Circumcisas
640 1144 672 1170 ad
690 1143 834 1170 medullam
852 1143 936 1177 aliqui
954 1152 1007 1169 non
1019 1143 1152 1170 inutiliter
1171 1143 1337 1178 relinquunt,
1403 1149 1460 1167 rem
1480 1140 1580 1175 primus
1601 1141 1689 1174 posuit
1712 1140 1793 1167 castra
1807 1141 1929 1174 Seianus,
1953 1141 1982 1168 id
2007 1141 2043 1168 est
2063 1143 2139 1176 super
2157 1142 2348 1176 Diocletianas,

290 1190 321 1211 vt
339 1184 426 1210 omnis
449 1183 545 1209 humor
566 1179 692 1207 stantibus
712 1179 819 1205 defluat.
892 1179 1042 1206 Arundines
1068 1180 1134 1206 Plin.
1151 1187 1190 1214 17,
1212 1188 1246 1206 20
1265 1180 1283 1206 s.
1299 1187 1336 1211 33.
1403 1175 1474 1202 dieta
1488 1176 1546 1202 sunt
1559 1176 1647 1202 Castra
1659 1176 1803 1203 Praetoria.
1839 1175 1977 1209 Ostendunt
1988 1185 2068 1204 autem
2081 1181 2219 1214 antiquarii
2233 1179 2361 1217 Agger5m

292 1219 393 1247 Caudas
418 1218 564 1244 catulorum
586 1215 696 1241 castrare
725 1214 857 1242 Columel.
870 1222 897 1248 7,
916 1223 954 1247 12,
969 1223 1007 1249 ¹4-
1079 1215 1198 1242 Lafitant.
1223 1216 1249 1247 6,
1268 1223 1303 1246 15,
1323 1222 1336 1246 3
1403 1212 1490 1247 quinii
1511 1214 1582 1238 iuxta
1594 1218 1696 1247 portam
1721 1213 1875 1239 Viminolem.
1911 1215 1949 1240 De
1962 1213 2002 1240 bis
2014 1217 2058 1250 agi
2066 1221 2129 1249 puto
2144 1214 2264 1240 Frontin.
2282 1213 2315 1241 de
2326 1215 2375 1250 Aq
2401 1233 2408 1249 Α.
2440 1228 2443 1239 1

290 1255 372 1282 Stoici
388 1262 451 1287 ergo
463 1251 555 1278 furiosi
564 1271 573 1284 ,
594 1251 640 1286 qui
653 1259 682 1276 ea
696 1259 751 1277 non
762 1256 925 1284 temperant,
951 1250 995 1276 sed
1010 1250 1166 1277 abscindunt
1175 1270 1184 1283 ‚
1205 1250 1337 1285 rebusque
1403 1249 1461 1275 Art.
1476 1253 1516 1277 80.
1551 1248 1589 1274 De
1599 1248 1640 1273 his
1653 1247 1759 1273 Sueten.
1772 1247 1864 1274 Claud.
1877 1257 1905 1276 21
1927 1250 2145 1277 Anniuersarium
2156 1250 2185 1276 in
2200 1249 2288 1277 castris
2302 1250 2356 1277 Pra
2368 1264 2381 1272 u
2433 1247 2442 1272 ¹.

291 1297 384 1317 natura
398 1288 479 1315 inlitis
490 1287 600 1314 castrare
615 1286 752 1313 hominem
771 1285 970 1321 quodammodo
990 1286 1093 1313 volunt.
1131 1286 1249 1313 Martial.
1272 1295 1291 1318 1,
1305 1286 1337 1318 36
1351 1297 1386 1323 30
1403 1284 1445 1309 nis
1459 1282 1512 1309 fine
1524 1283 1667 1310 venatione
1687 1289 1865 1318 apparatuque
1883 1285 2004 1311 exhibuit.
2054 1287 2147 1321 Nempe
2164 1288 2192 1312 in
2210 1288 2348 1312 memoriam
2395 1274 2442 1320 ,3⁴¹¹

289 1326 346 1352 Nec
361 1325 469 1351 castrare
482 1323 548 1350 velis
562 1331 634 1349 meos
646 1322 769 1354 libellos,
785 1325 802 1348 i.
817 1321 930 1358 obscoena
945 1324 1040 1349 eiicere.
1098 1323 1165 1349 Cato
1182 1322 1213 1348 R.
1230 1323 1260 1349 R.
1273 1330 1310 1354 33,
1324 1329 1338 1347 2
1395 1318 1448 1354 fibi
1463 1322 1490 1345 in
1511 1319 1552 1346 his
1569 1316 1659 1351 castris
1674 1322 1789 1354 imperii,
1808 1320 1837 1345 de
1872 1329 1901 1346 uo
1914 1320 2021 1347 Sueten.
2035 1330 2072 1347 10.
2108 1321 2176 1348 Add.
2189 1331 2211 1348 c.
2225 1330 2265 1354 3ο.
2302 1321 2355 1356 Cap
2372 1303 2444 1369 ’ᾗὲ

289 1361 363 1387 Vites
384 1366 483 1387 teneras
504 1359 702 1393 quamprimum
721 1364 881 1392 propagate,
913 1363 1014 1384 veteres
1034 1367 1114 1392 quam
1136 1357 1279 1384 minimum
1297 1366 1338 1384 ca·
1402 1356 1475 1382 Max.
1488 1360 1514 1381 et
1527 1354 1630 1381 Balbin.
1645 1363 1674 1381 10
1693 1355 1725 1382 Et
1736 1364 1817 1390 quum
1832 1328 1917 1382 edquta
1925 1356 2048 1383 Balbinus
2062 1362 2230 1392 proponeret,
2242 1365 2290 1383 nec
2303 1357 2362 1384 au·'
2429 1345 2443 1381 i·

289 1396 383 1423 strato:
403 1395 491 1431 potius
506 1395 523 1421 si
538 1404 603 1429 opus
616 1394 668 1421 erit
682 1393 801 1424 deiicito,
823 1392 988 1428 biennioque
1000 1394 1057 1428 post
1076 1393 1231 1429 praecidite.
1267 1393 1338 1420 Vina
1402 1391 1522 1418 veterani
1536 1391 1561 1417 se
1574 1390 1603 1416 in
1616 1390 1696 1417 castra
1710 1391 1843 1425 praetoria
1855 1392 2023 1419 contulerunt
2036 1402 2095 1419 cum
2110 1392 2169 1428 ipsis
2181 1392 2434 1431 Praetorianis,‡iou

289 1432 400 1459 castrare
421 1430 497 1458 saccis
519 1430 582 1457 Plin.
597 1439 634 1463 19,
646 1438 665 1462 4
679 1430 697 1456 s.
713 1438 751 1462 19,
766 1437 790 1455 2.
809 1429 862 1455 vid.
882 1436 895 1456 s
905 1436 952 1456 Ac
962 1436 977 1456 C
987 1436 1008 1455 V
1018 1437 1031 1457 s
1052 1429 1183 1457 niuarius.
1218 1429 1338 1456 Castrare
1403 1427 1516 1462 populus
1531 1426 1618 1460 coepit
1629 1425 1749 1453 obsidere
1763 1434 1807 1453 etc.
1855 1427 1913 1454 Cum
1927 1430 1954 1454 in
1972 1428 2083 1455 Affibus
2104 1428 2263 1464 Apostolicis
2276 1436 2313 1460 21,
2325 1437 2364 1463 34.
2375 1434 2419 1462 {013

288 1468 319 1495 in
331 1467 498 1495 sterilitatem
514 1466 586 1492 Idem
602 1471 636 1498 18,
650 1474 690 1499 14.
726 1465 818 1492 Claud.
832 1465 861 1491 in
873 1465 981 1501 Eutrop.
997 1474 1017 1498 1,
1033 1474 1076 1500 193
1097 1465 1145 1492 vis
1159 1464 1231 1492 nulla
1246 1474 1338 1492 cruen-
1355 1472 1385 1499 35
1404 1462 1557 1490 Castrorum
1569 1465 1597 1488 in
1610 1462 1669 1489 vrbe
1683 1462 1906 1498 Hierosolymorum
1923 1467 2014 1491 mentio
2021 1464 2074 1501 fit,
2087 1466 2202 1492 Antonia
2223 1474 2271 1491 arx
2288 1464 2366 1492 intelli
2388 1467 2390 1470 '
2404 1492 2417 1496 A,
2440 1488 2442 1494 ,

288 1509 344 1532 tam
379 1502 479 1530 Castrat
501 1502 648 1528 auaritiam.
1403 1498 1513 1526 videtur.
1569 1498 1685 1532 profuga
1708 1498 1801 1524 Claud.
1816 1499 1848 1525 de
1861 1498 1926 1525 Bell.
1941 1500 2000 1527 Get.
2014 1505 2070 1534 398.
2142 1501 2266 1535 Prospera
2291 1498 2417 1532 11111011.ῗῇ
2438 1495 2444 1522 5

327 1546 344 1566 c
354 1545 396 1566 As
407 1539 510 1565 TRAT
521 1545 541 1564 v
552 1544 580 1570 S,
599 1546 622 1569 a,
643 1546 696 1563 um.
717 1536 812 1563 Partie.
842 1535 996 1571 [ἔκ-ταμίαις]
1031 1537 1081 1569 Vt,
1101 1537 1167 1564 Plin.
1182 1546 1214 1569 11,
1231 1545 1255 1570 51
1268 1537 1286 1564 Γ.
1301 1545 1338 1564 112
1406 1537 1445 1568 16,
1459 1543 1483 1562 2.
1555 1533 1685 1560 Scelerata
1702 1533 1784 1560 castra
1801 1534 1869 1561 Suet.
1882 1535 1974 1562 Claud.
1986 1545 2006 1562 1.
2079 1535 2179 1563 Statiua
2199 1539 2249 1562 iam
2262 1534 2415 1570 vidimusAEi
2440 1563 2441 1568 ,

291 1575 380 1602 Bubus
393 1580 493 1601 tantum
507 1573 613 1599 feminis
626 1581 678 1599 vox
693 1572 817 1606 grauior,
835 1572 864 1598 in
877 1572 952 1598 omni
966 1573 1020 1599 alio
1033 1582 1127 1607 genere
1146 1573 1245 1600 exilior
1258 1582 1338 1608 quam
1403 1572 1481 1598 Verr.
1495 1578 1525 1604 5,
1545 1578 1588 1602 29.
1624 1570 1714 1603 Veget.
1729 1577 1752 1602 3,
1764 1575 1778 1600 8
1803 1570 1916 1603 Castris,
1929 1580 1996 1606 quae
2009 1572 2038 1598 in
2050 1572 2128 1598 vnius
2147 1571 2232 1599 noctis
2244 1571 2375 1600 transitum
2385 1575 2442 1613 {nihl

290 1610 423 1638 maribus:
444 1610 472 1635 in
486 1608 594 1635 homine
608 1608 687 1634 etiam
701 1607 823 1634 castratis.
849 1622 851 1625 ν
896 1607 989 1634 Claud.
1002 1609 1029 1634 in
1044 1609 1154 1644 Eutrop.
1174 1618 1196 1642 2,
1209 1616 1255 1641 550
1289 1610 1337 1635 Ca·
1403 1607 1530 1639 niuntur,
1544 1615 1561 1632 a
1574 1608 1649 1641 ponit
1662 1605 1778 1638 Statiua,
1801 1615 1867 1641 quae
1881 1606 1975 1633 aestate
1989 1607 2031 1634 vel
2046 1607 2135 1634 hieme
2148 1607 2221 1635 hoste
2234 1607 2335 1641 vicino,
2346 1610 2413 1637 mum
2438 1603 2441 1636 f

291 1646 384 1674 stratus
399 1645 500 1680 prosilit
513 1644 597 1670 heres.
668 1644 759 1669 Homo
774 1643 896 1670 castratus
915 1644 991 1670 Curt.
1005 1646 1032 1677 6,
1045 1653 1066 1677 3,
1082 1653 1118 1671 12.
1191 1644 1258 1671 Plin.
1273 1650 1296 1677 8,
1309 1653 1337 1677 32
1348 1655 1387 1681 40
1404 1651 1467 1669 cura
1479 1650 1507 1669 ac
1521 1643 1546 1668 la
1567 1649 1616 1669 ore
1633 1640 1782 1668 firmantur.
1851 1642 1932 1669 Surda
1947 1642 1993 1669 Sil.
2015 1647 2036 1674 8,
2051 1645 2110 1676 346.
2130 1646 2158 1669 in
2178 1644 2206 1669 ob
2220 1650 2330 1680 equentes
2362 1660 2363 1664 =
2377 1643 2404 1676 J
2424 1650 2442 1679 t

290 1691 313 1708 c.
329 1690 360 1715 50
381 1681 408 1706 de
420 1683 517 1712 ceruix,
537 1680 602 1706 Non
615 1678 739 1704 decidunt
752 1679 867 1704 castratis
881 1687 994 1713 cornua,
1013 1689 1059 1706 nec
1074 1681 1222 1708 nascuntur.
1263 1680 1337 1707 Idem
1403 1679 1479 1713 Virg.
1495 1679 1558 1704 Aen.
1572 1686 1599 1710 9,
1613 1685 1662 1711 147
1681 1677 1713 1704 Et
1724 1685 1829 1704 mecum
1849 1677 1951 1705 inuadit
1970 1679 2148 1713 Trepidantia
2166 1687 2193 1706 ca
2218 1688 2254 1706 ra.
2291 1678 2366 1712 Idem
2377 1678 2383 1683 ”
2418 1692 2421 1702 ι
2438 1678 2447 1712 “,

289 1727 331 1750 30,
348 1719 378 1743 16
389 1717 406 1743 Γ.
424 1724 449 1748 53
480 1714 581 1741 Sorices
603 1713 706 1747 fugari,
731 1713 750 1739 si
765 1723 831 1740 vnus
845 1714 968 1741 castratus
982 1716 1128 1743 emittatur.
1192 1718 1285 1750 Nempe
1296 1716 1338 1742 ille
1404 1722 1430 1748 9,
1447 1722 1472 1746 13
1490 1714 1593 1747 Rumpe
1606 1721 1694 1739 moras
1709 1721 1816 1745 omnes,
1828 1718 1854 1740 et
1875 1712 1980 1741 turbata
1993 1715 2082 1749 arripe
2100 1715 2190 1748 castra,
2202 1718 2221 1742 i.
2236 1715 2334 1742 inuade.
2359 1709 2426 1752 '3351
2445 1744 2447 1746 ,

289 1759 381 1779 narrat
395 1753 470 1783 aliis,
495 1750 555 1786 quid
568 1749 618 1786 ipse
634 1747 770 1784 pafficsjrt.
811 1750 947 1775 Translate
965 1754 1038 1777 etiam
1045 1755 1169 1786 ponitur,
1185 1757 1213 1778 vt
1229 1751 1338 1785 Aposio-
1405 1748 1497 1776 §tricia
1512 1748 1605 1774 Claud.
1619 1749 1699 1774 Coris.
1714 1748 1791 1775 Prob.
1806 1755 1832 1775 et
1844 1749 1923 1781 Olyb.
1937 1758 1990 1785 ¹37·
2025 1750 2086 1777 Stat.
2100 1749 2193 1778 Theb.
2208 1758 2247 1784 10,
2259 1755 2304 1783 388
2332 1750 2415 1779 Nm-
2445 1751 2447 1758 ’

290 1786 330 1814 lus
342 1793 368 1814 et
382 1787 436 1822 ipse
449 1785 570 1813 castratus
590 1784 781 1810 continentiam
795 1783 897 1810 mauult
918 1784 1038 1812 Tertuu.
1058 1787 1090 1812 de
1104 1787 1259 1821 Monogam.
1279 1796 1301 1812 c.
1316 1795 1338 1819 3.
1404 1783 1575 1818 vigilataque
1589 1782 1670 1809 castra
1683 1782 1828 1816 Explorate
1839 1783 1929 1814 datus,
1943 1788 1961 1811 i.
1973 1784 2050 1819 iuffiu·
2062 1788 2194 1814 circumire
2206 1787 2321 1823 vigilias.
2359 1774 2433 1815 vrb

290 1824 347 1851 Cic.
363 1823 394 1850 de
407 1823 480 1849 Orat.
496 1830 518 1853 3,
532 1823 573 1848 161
594 1820 669 1847 Nolo
682 1825 768 1845 morte
783 1818 835 1845 dici
851 1818 972 1846 Africani
985 1821 1120 1848 castratam
1135 1823 1184 1848 ess‘e
1198 1822 1339 1856 Rempubl.
1353 1826 1388 1854 45
1405 1828 1439 1846 na
1453 1819 1533 1846 castra
1545 1818 1575 1845 ab
1589 1818 1705 1853 leiano
1720 1817 1739 1843 1.
1752 1817 1770 1843 si
1785 1818 1895 1844 maritus
1909 1817 1957 1854 §.1
1970 1821 2004 1846 ad
2017 1822 2048 1848 L.
2061 1822 2111 1850 Iul.
2131 1822 2164 1849 de
2177 1821 2314 1849 adulteriis
2333 1819 2428 1854 dictim

290 1858 360 1889 Add.
380 1857 513 1892 Qsinetil.
529 1862 551 1889 8,
564 1859 591 1889 6,
607 1864 640 1889 15.
712 1854 796 1889 Siligo
813 1855 964 1889 Campana,
995 1864 1075 1890 quam
1096 1857 1227 1890 appellant
1249 1857 1341 1884 castra.
1405 1855 1590 1886 Paetorum,
1603 1853 1632 1880 de
1645 1853 1732 1889 quibus
1744 1852 1813 1879 modo
1829 1851 1911 1879 aslum
1925 1852 1968 1886 est.
2164 1855 2196 1894 Ὗ
2206 1867 2223 1885 2
2260 1859 2386 1885 formulae
2394 1861 2423 1884 ύε

292 1901 346 1923 um
367 1894 434 1921 Plin.
450 1898 485 1926 18,
498 1902 523 1925 9.
561 1891 643 1919 Hard.
656 1894 838 1926 interpretatur
848 1897 1000 1928 purgatam,
1020 1892 1166 1918 cribratam.
1221 1892 1294 1918 Idem
1309 1901 1343 1925 11,
1405 1890 1500 1916 borum.
1536 1889 1628 1916 Tacit.
1644 1891 1711 1915 Ann.
1726 1891 1753 1921 6,
1767 1897 1799 1922 34
1823 1889 1935 1918 Interim
1955 1889 2074 1916 0¹¹⁰d0m
2089 1891 2221 1918 soeiorum
2237 1893 2346 1928 inopem
2359 1891 2424 1920 ³¹¹&

292 1937 318 1962 18
339 1932 407 1965 Apes
427 1928 510 1963 amrffi)
528 1929 610 1955 aculeo
631 1927 705 1954 fucos
725 1926 814 1962 postea
827 1926 894 1959 else,
917 1936 966 1954 nee
987 1927 1068 1954 mella
1089 1927 1193 1961 facere,
1214 1927 1288 1954 velut
1303 1936 1344 1953 ea·
1408 1925 1513 1951 auxilio
1534 1923 1716 1950 Pharasmenes
1741 1932 1839 1950 vocare
1857 1923 1891 1950 ad
1918 1933 2031 1959 pugnam
2058 1931 2084 1952 et
2108 1925 2296 1954 detrectantem
2317 1929 2423 1955 incess'er

2437 1846 2450 2007 l

291 1966 377 1994 stratis
401 1964 516 1992 viribus·
1409 1959 1573 1995 Adequitare
1591 1959 1694 1992 castris,
1708 1959 1840 1986 infensare
1860 1958 1970 1994 pabula,
1984 1969 2012 1987 ae
2031 1961 2104 1996 saepe
2122 1962 2231 1989 modum
2244 1962 2341 1990 obsidii
2361 1963 2419 1990 stati

326 2008 396 2029 CAS
405 2007 454 2028 TR
463 2007 484 2026 Α
495 2007 516 2026 N
525 2005 544 2026 D
554 2005 575 2024 v
585 2006 597 2026 s
607 2017 616 2031 ,
644 2006 668 2030 a,
689 2006 744 2024 um.
782 1998 935 2031 [ἓκτμητέος
947 1999 960 2033 ]
997 1996 1092 2025 Claud.
1106 1997 1135 2024 in
1148 1998 1258 2034 Eutrop.
1269 2006 1292 2031 1,
1306 2000 1344 2033 46
1361 2004 1395 2031 50
1408 1995 1488 2023 nibus
1501 1994 1630 2029 cingebat.
1685 1994 1760 2021 Idem
1774 1995 1843 2021 Ann.
1857 2003 1886 2028 4,
1900 2000 1933 2028 48
1958 1994 2013 2021 Alii
2033 1996 2113 2023 castra
2125 1997 2243 2024 Romana
2260 1999 2422 2033 adpugnarer
2437 2014 2445 2027 ιΔ

292 2037 406 2073 Rapitur
418 2035 566 2070 castrandqs
578 2033 610 2061 ab
628 2033 684 2068 ipso
721 2031 819 2059 vbere,
1408 2040 1464 2058 non
1477 2032 1519 2066 spe
1532 2029 1668 2065 capiendi,
1693 2029 1737 2056 sed
1757 2036 1786 2057 vt
1805 2030 1935 2064 clamore,
1949 2030 2022 2063 telis,
2037 2031 2083 2058 suo
2101 2033 2212 2068 quisque
2232 2034 2350 2068 periculo
2364 2035 2419 2060 inte
2436 2047 2439 2063 1

330 2079 348 2100 c
358 2079 379 2099 A
388 2078 400 2099 s
412 2078 434 2098 'r
445 2078 464 2097 R
473 2078 496 2097 A
507 2076 530 2096 ‘r
540 2077 550 2096 1
559 2076 578 2096 0
588 2089 596 2102 ,
622 2069 690 2094 onis.
720 2068 740 2095 f.
777 2069 788 2099 [
801 2066 914 2102 ἕκτομῆ]
957 2067 1076 2094 Virilium
1089 2073 1234 2103 amputatio.
1271 2068 1343 2096 Deli·
1409 2074 1450 2095 tus
1461 2087 1471 2100 ‚
1491 2068 1622 2094 honorem
1636 2066 1744 2093 alterius
1758 2065 1861 2100 praedii
1874 2075 1928 2092 non
1942 2067 2079 2101 acciperet.
2133 2069 2164 2094 Et
2177 2070 2244 2095 Arm.
2258 2077 2285 2102 2,
2299 2077 2323 2101 13
2352 2069 2421 2095 Ter«

295 2108 400 2136 derium
413 2105 539 2133 coitionis
552 2104 708 2131 castratione
726 2103 843 2130 exsecare
863 2103 945 2130 Solin.
960 2112 981 2129 c.
999 2105 1042 2130 62.
1097 2103 1229 2130 Columel.
1241 2106 1268 2136 6,
1282 2107 1344 2136 26,r
1409 2104 1494 2130 ferme
1507 2103 1603 2137 vigilia
1616 2101 1775 2128 adsultatum
1787 2102 1823 2128 est
1836 2101 1925 2129 castris
1939 2102 1992 2128 sine
2005 2101 2126 2128 coniectu
2139 2102 2195 2129 teli.
2232 2104 2316 2137 Agere
2328 2103 2357 2129 in
2364 2103 2422 2130 castr

294 2144 328 2172 Id
350 2143 483 2179 optimum
506 2149 586 2176 genus
611 2139 798 2166 castrationum
812 2158 821 2172 ,
851 2138 924 2173 quod
949 2138 1092 2166 adhibetur
1121 2144 1227 2165 tenerae
1255 2139 1344 2165 aetati.
1409 2138 1549 2164 stationem
1562 2138 1654 2165 Tacit.
1662 2137 1731 2164 Hist.
1747 2146 1768 2170 1,
1782 2143 1822 2168 28.
1859 2138 1960 2172 Capere
1971 2137 2060 2165 castris
2072 2137 2130 2164 loca
2136 2137 2174 2164 Id.
2183 2139 2250 2164 Ann.
2260 2145 2343 2171 12,55.
2378 2135 2415 2170 Vs

295 2179 370 2216 Cous.
385 2177 481 2205 Pallad.
496 2180 522 2209 6,
534 2184 560 2211 7.
631 2175 767 2202 Arborum
781 2174 903 2201 castratio
923 2173 990 2201 Plin.
1005 2176 1043 2207 16,
1055 2183 1092 2207 40
1108 2174 1199 2201 Ramis
1211 2174 1285 2208 saepe
1299 2173 1342 2200 de·
1362 2177 1391 2203 55
1409 2173 1560 2207 Aen.7‚159
1581 2172 1734 2198 Castrorum
1745 2173 1775 2198 in
1783 2181 1886 2200 morem
1893 2173 1981 2207 pinnis
1989 2179 2067 2208 atque
2079 2182 2173 2207 aggere
2187 2173 2278 2209 cingit.
2302 2173 2363 2201 Circ
2381 2175 2414 2196 ιι*

295 2215 410 2251 putatis,
435 2213 556 2239 castratio
574 2211 620 2238 illa
642 2210 688 2237 est.
761 2209 892 2237 Columel.
912 2218 940 2243 4,
953 2217 992 2242 32,
1005 2219 1023 2244 4
1052 2210 1081 2236 de
1093 2209 1277 2243 Arundinem,
1294 2208 1344 2236 Sed
1410 2207 1468 2234 nire
1481 2206 1707 2245 exercitiissalltist.
1720 2207 1750 2232 in
1762 2208 1931 2242 Iugurth.57.
1969 2208 2025 2234 Cic.
2033 2208 2147 2242 Philipp.
2158 2217 2193 2242 12,
2201 2217 2236 2244 27
2249 2217 2303 2236 c.¹1
2323 2209 2372 2236 Cn.
2410 2207 2416 2218 ³

294 2249 364 2279 :illud
378 2250 409 2276 de
422 2249 527 2282 integro
539 2246 628 2274 refodi
640 2246 734 2278 debet,
755 2245 806 2273 hoc
819 2245 903 2281 potest
917 2243 1043 2272 intercidi
1061 2250 1087 2272 et
1101 2244 1240 2274 disrarari:
1269 2245 1343 2281 quod
1410 2243 1485 2278 peius
1499 2242 1571 2268 Sexti
1584 2241 1654 2267 filius
1665 2241 1765 2268 Consul
1778 2250 1822 2269 ine
1835 2244 1984 2277 praesente,
1998 2252 2080 2278 quum
2095 2245 2171 2269 essem
2185 2245 2239 2271 tiro
2247 2244 2276 2271 in
2289 2244 2344 2271 eius
2362 2257 2375 2267 -o

297 2295 363 2322 opus
377 2284 469 2312 rustici
480 2282 665 2310 castrationem
679 2286 783 2308 vocant.
1410 2286 1448 2309 tu,
1463 2287 1521 2304 cum
1528 2278 1554 2304 P.
1562 2277 1655 2304 Vettio
1662 2277 1771 2303 Scatone
1782 2277 1847 2304 duce
1853 2278 2004 2305 Marsorum
2016 2279 2088 2306 inter
2099 2277 2162 2305 bina
2171 2279 2252 2309 castra
2259 2280 2374 2307 collocu-

334 2328 352 2349 C
361 2328 383 2349 Α
391 2326 404 2347 s
413 2327 434 2347 ‘r
443 2326 490 2347 ΚΑ
501 2325 522 2344 Τ
533 2319 554 2344 V
562 2325 582 2344 R
590 2324 612 2344 A
623 2337 632 2350 ,
653 2325 692 2343 ae.
712 2317 731 2343 f.
762 2315 938 2351 [ὄρχατομίοι]
969 2315 1038 2343 Idem
1052 2315 1119 2351 quod
1131 2314 1263 2349 castratio.
1283 2314 1346 2342 Pall.
1411 2314 1543 2341 Conferre
1556 2313 1637 2340 castra
1649 2312 1737 2339 castris
1746 2331 1755 2345 ‚
1774 2313 1828 2340 vid.
1854 2319 1872 2340 c
1883 2320 1902 2341 o
1911 2321 1934 2340 N
1944 2320 1985 2341 PE
1994 2321 2012 2340 R
2023 2321 2051 2341 ο.
2108 2314 2211 2342 Collata
2223 2315 2303 2342 castra
2317 2316 2363 2343 Sil.

297 2357 364 2387 Mai.
377 2364 405 2392 7,
419 2365 435 2383 2
457 2354 622 2382 Castraturae
642 2352 761 2379 vulnera.
833 2351 898 2378 Plin.
914 2356 950 2383 18,
963 2359 979 2383 9
1010 2351 1038 2377 de
1048 2349 1167 2386 pistorii:
1184 2358 1207 2378 et
1219 2352 1346 2383 molitura,
1353 2350 1403 2383 ¹60,
1414 2350 1470 2377 Cic.
1486 2350 1559 2376 Fam.
1578 2357 1605 2382 9,
1626 2356 1661 2375 20
1690 2349 1721 2375 In
1734 2348 1840 2383 Epicuri
1853 2358 1901 2376 nos
1921 2349 2066 2376 aduersarii
2084 2349 2168 2376 nostri
2187 2351 2268 2378 castra
2288 2352 2375 2379 conie

296 2393 426 2430 asor-ino
438 2392 550 2427 loquens,
570 2388 671 2416 Iustum
685 2388 721 2414 est
734 2397 748 2414 e
762 2394 843 2422 grano
859 2386 1024 2421 Campanae,
1048 2395 1128 2421 quam
1144 2392 1240 2414 vocant
1255 2387 1347 2414 castra·
1414 2385 1583 2413 Constituere
1597 2384 1677 2411 castra
1698 2384 1771 2411 Caes.
1787 2384 1850 2411 Bell.
1865 2384 1946 2412 Ciuil.
1958 2393 1981 2418 3,
1994 2387 2035 2419 56.
2070 2385 2263 2421 Hirt.B.Hisp.
2276 2394 2299 2414 ci
2309 2395 2352 2424 27.

298 2435 372 2461 tam,
392 2437 406 2454 e
419 2426 511 2454 modio
524 2425 612 2453 redire
626 2424 752 2451 sextarios
764 2428 879 2458 quatuor
892 2421 1020 2458 siliginis,
1043 2422 1087 2450 vel
1101 2431 1116 2449 e
1130 2422 1230 2458 gregali
1243 2422 1297 2450 sine
1308 2431 1348 2450 ca·
1411 2420 1518 2449 trahere
1537 2420 1633 2454 castra,
1661 2419 1716 2446 vid.
1742 2426 1786 2448 co
1796 2427 1818 2447 Ν
1830 2427 1908 2448 TRA
1918 2427 1938 2447 H
1947 2426 1976 2447 O.
2072 2421 2237 2449 Conuertere
2258 2422 2337 2450 castra
2382 2425 2412 2460 s,

300 2465 413 2494 stratura
427 2462 551 2489 sex‘ssio'
566 2461 693 2496 qumque·
1413 2457 1467 2484 vid.
1486 2461 1672 2484 CONVERT
1681 2462 1710 2483 o.
1782 2456 1874 2483 Tacit.
1886 2457 1955 2483 Hist.
1970 2464 1994 2490 5,
2007 2464 2036 2489 23
2058 2456 2198 2491 Castraque
2209 2457 2238 2484 in
2249 2458 2330 2492 plano
2343 2457 2388 2492 sita
2399 2456 2426 2489 ‘A'

338 2506 465 2527 CASTRA
474 2504 560 2530 TOR,
578 2497 641 2524 oris.
658 2505 693 2523 m.
736 2495 787 2529 Vt,
806 2494 901 2522 Carnis
914 2493 1039 2521 castrator
1057 2493 1178 2520 Tertull.
1191 2492 1251 2520 adu.
1264 2494 1348 2521 Marc.
1415 2493 1533 2519 fluminis
1553 2491 1757 2525 differebantur,
1788 2492 1813 2519 h.
1833 2502 1852 2519 e.
1873 2492 2067 2528 dtffipabontur,
2098 2492 2292 2520 distinebantur.
2368 2499 2377 2517 ι
2397 2485 2426 2523 ἐἶ’

303 2545 325 2570 1,
338 2544 359 2563 t.
377 2538 407 2562 it.
421 2534 480 2561 adu.
495 2533 559 2560 Nat.
571 2541 596 2567 2,
612 2541 645 2566 13.
689 2531 769 2559 (ἰῑοῆῖ
783 2530 830 2558 Gr.
844 2531 901 2558 Lat.
915 2529 1052 2563 ἓυνεχιςής,
1073 2529 1206 2556 castrator.
1365 2532 1397 2565 63
1415 2537 1479 2555 nere
1497 2528 1578 2555 castra
1608 2528 1669 2554 Liu.
1683 2528 1716 2554 de
1734 2527 1800 2555 Bell.
1813 2528 1877 2556 Pun.
1947 2528 2056 2563 Erigere
2076 2528 2157 2555 castra
2173 2527 2322 2556 hiematuri·
2340 2528 2424 2564 legio‘n

341 2578 358 2598 c
367 2577 388 2598 A
397 2577 410 2598 s
419 2577 440 2598 'r
449 2577 468 2596 R
477 2577 498 2596 A
507 2575 528 2596 ‘r
538 2575 584 2596 OR
593 2576 603 2596 1
613 2575 632 2593 v
643 2575 655 2595 s
665 2587 674 2600 ,
699 2576 724 2600 a,
741 2576 796 2593 um.
813 2566 858 2593 Ad
869 2564 1044 2600 castrationem
1054 2567 1202 2602 pertinent,-
1227 2565 1272 2599 Vt,
1288 2565 1350 2593 Fer·
1414 2564 1466 2592 bus
1495 2564 1588 2591 Tacit.
1603 2563 1672 2590 Hist.
1693 2571 1723 2597 5,
1743 2571 1785 2590 22..
1815 2567 1834 2591 i.
1854 2561 2017 2598 constituere,
2045 2566 2161 2592 tentoria·
2173 2566 2235 2592 enim
2251 2567 2315 2602 erigi
2326 2563 2420 2592 dicanti

304 2611 423 2635 ramenta
435 2604 587 2632 castratoria
604 2603 699 2631 Pallad.
714 2611 735 2635 1,
754 2611 797 2636 43,
809 2611 831 2635 3.
1415 2599 1552 2628 Ειὶὶτυᾶὶ3
1564 2599 1655 2627 Tacit.
1665 2600 1732 2626 Ann.
1747 2608 1776 2632 4,
1790 2606 1816 2635 7.
1852 2599 1973 2627 Euellere
1982 2599 2062 2627 castra
2069 2599 2165 2627 obsessa
2172 2599 2251 2635 Silus,
2257 2607 2304 2634 335.
2311 2603 2329 2628 i.
2337 2599 2420 2628 liberor

342 2648 410 2670 CAS
421 2647 443 2668 Τ
452 2647 500 2668 Rv
509 2647 551 2672 M,
577 2640 595 2666 i.
616 2648 643 2666 n.
679 2640 692 2673 [
705 2638 818 2672 πόλισμα
830 2639 844 2673 ]
878 2638 958 2665 Locus
970 2639 1096 2669 munitus,
1115 2635 1150 2664 ad
1160 2635 1291 2664 arcendum
1309 2636 1352 2665 ho·
1417 2637 1517 2664 Exutus
1529 2635 1618 2671 castris
1631 2635 1684 2662 dux
1696 2635 1794 2662 dicitur
1802 2655 1811 2668 ,
1821 2635 1896 2663 Cuius
1909 2634 1990 2669 costra
2004 2635 2104 2672 direpta
2111 2636 2174 2673 sumt
2199 2635 2246 2663 Sil.
2254 2637 2292 2670 16,
2302 2637 2342 2664 26.
2359 2635 2420 2663 Pom

299 2675 381 2714 Jlem,
398 2682 422 2703 et
435 2674 608 2703 continendum
626 2675 728 2700 militem
736 2693 744 2706 ,
763 2675 867 2701 tuendos
883 2673 945 2708 fines
954 2693 962 2706 ,
981 2671 1133 2707 obfidtndum
1152 2672 1276 2708 oppidum.
1314 2674 1352 2699 De
1419 2671 1488 2708 apud
1500 2672 1555 2699 Cic.
1568 2672 1622 2698 Att.
1636 2676 1660 2704 8,
1675 2679 1702 2697 12
1722 2671 1793 2697 Nam
1807 2680 1893 2707 neque
1906 2671 1986 2699 castra
1999 2678 2107 2707 propter
2118 2672 2181 2698 anni
2191 2677 2292 2708 tempus
2302 2670 2422 2706 etwmilitu

305 2715 395 2742 ultimo
414 2720 500 2750 genere
535 2710 590 2737 Cic.
605 2710 677 2736 Fam.
688 2717 749 2743 1;,4
769 2709 848 2736 Vallo
859 2715 885 2736 et
897 2709 961 2736 fossa
973 2707 1151 2735 circumdedi:
1170 2709 1213 2735 sex
1232 2707 1353 2741 castellis,
1368 2712 1405 2740 70
1420 2708 1540 2739 animos.
1565 2708 1659 2734 Facere
1678 2707 1786 2741 poffiim.
1834 2707 1873 2734 Id.
1888 2708 1959 2735 Fam.
1979 2716 2014 2742 15,
2027 2717 2056 2741 4.
2125 2708 2245 2736 Firmare
2262 2707 2358 2735 robore
2375 2705 2423 2734 east

309 2749 451 2783 castrisque
467 2746 590 2773 maximis
604 2745 674 2780 sepsi.
717 2744 879 2772 Callistratus
898 2745 926 2771 in
941 2745 959 2771 l.
973 2744 1038 2772 Non
1057 2750 1159 2771 tantum
1178 2743 1307 2779 inquilini
1321 2744 1354 2770 D.
1420 2743 1466 2771 Sil.
1481 2749 1506 2777 8,
1517 2748 1580 2777 448.
1599 2746 1618 2770 i.
1639 2744 1725 2777 Mllite
1732 2742 1805 2778 forti
1816 2750 1840 2769 et
1852 2742 1956 2777 robusto.
2027 2743 2083 2771 Cic.
2097 2743 2170 2771 Fam.
2186 2752 2220 2778 13,
2233 2743 2320 2778 4›1·1is
2330 2741 2404 2771 tebt-
2415 2741 2426 2771 ⁴.

309 2785 344 2813 de
363 2784 479 2812 Excusat.
499 2787 635 2814 tutor-um,
667 2780 798 2815 inquilini
817 2780 962 2807 castrorum
981 2789 996 2806 a
1018 2779 1107 2807 tutelis
1125 2780 1243 2807 excusari
1260 2779 1354 2812 solent,
1419 2779 1496 2815 gestis
1508 2779 1588 2806 castra
1600 2779 1628 2805 in
1641 2777 1776 2805 radicibus
1789 2779 1884 2806 Amani
1897 2779 2037 2806 habuimus
2049 2779 2119 2814 apud
2132 2781 2198 2807 Aras
2210 2778 2358 2811 Alexandri.
2376 2776 2394 2811 u*
2412 2790 2437 2814 ¹1⁶

308 2817 359 2848 nisi
372 2828 475 2851 eorum,
490 2817 538 2853 qui
550 2823 576 2845 et
590 2816 637 2852 ipsi
656 2816 784 2852 inquilini
804 2816 878 2849 sunt,
905 2821 931 2843 et
945 2816 973 2842 in
986 2815 1080 2842 eodem
1092 2816 1192 2850 castro,
1210 2815 1356 2850 eademqne
1420 2816 1512 2842 duum.
1558 2813 1654 2841 Habiti
1673 2814 1702 2841 in
1725 2813 1813 2841 castris
1834 2821 1860 2842 et
1878 2815 2017 2849 procinCtu
2052 2815 2144 2842 Tacit.
2159 2815 2227 2843 Hist.
2245 2824 2270 2849 3,
2282 2824 2307 2843 2.
2371 2813 2397 2846 f
2414 2816 2442 2846 *tt

309 2855 465 2884 conditione
479 2853 546 2880 sunt.
584 2854 677 2888 Nempe
688 2859 731 2878 aut
744 2853 820 2884 locus,
840 2852 963 2878 habitatus
978 2857 1034 2878 ante
1048 2855 1097 2878 iam
1108 2851 1139 2878 ab
1152 2852 1229 2884 aliis,
1249 2850 1356 2885 castrum
1420 2860 1484 2878 nere
1496 2849 1577 2878 castra
1596 2850 1642 2878 Sil.
1662 2857 1691 2883 5,
1710 2858 1765 2884 451.
1835 2851 1954 2878 Infistere
1967 2851 2072 2884 castris,
2084 2858 2133 2887 pro
2155 2850 2205 2886 Est}
2226 2857 2250 2878 et
2262 2860 2306 2878 uer
2317 2847 2388 2888 0¹¹*th
2400 2862 2420 2882 ·,

303 2892 356 2932 fit:
377 2897 420 2918 aut
433 2893 460 2916 in
471 2886 579 2923 castrum
593 2887 711 2915 eiusmodi
723 2889 833 2914 militare
844 2886 975 2913 habitandi
991 2887 1063 2923 causa
1079 2890 1184 2914 veniunt
1195 2888 1250 2913 alii.
1287 2888 1357 2914 Hinc
1370 2895 1403 2925 75
1413 2885 1484 2922 stris
1503 2885 1585 2914 Ouid.
1597 2886 1662 2913 Met.
1677 2891 1701 2918 8,
1713 2894 1752 2919 52.
1822 2886 1924 2915 Locare
1936 2887 2016 2914 castra
2034 2887 2132 2914 Lucan.
2145 2896 2173 2921 4,
2191 2889 2245 2920 169.
2316 2883 2404 2914 alh-‘23

311 2937 397 2956 nomen
411 2924 564 2963 quarundam
582 2924 680 2952 orbium
686 2943 695 2956 ‚
722 2922 843 2951 Castrum
862 2923 940 2955 Inui,
960 2922 1081 2950 Castrum
1095 2923 1208 2950 Nouum
1223 2929 1269 2949 etc.
1296 2921 1355 2949 Vid.
1423 2924 1479 2950 106.
1552 2922 1665 2953 Metari,
1683 2920 1738 2948 vid.
1759 2927 1904 2950 METOR.
1978 2923 2074 2950 Moliri
2087 2923 2167 2950 castra
2193 2923 2285 2950 Tacit.
2292 2923 2366 2952 Anm,
2403 2943 2406 2952 2

313 2969 382 2992 cAs
393 2968 416 2989 'r
426 2968 468 2989 ΕΙ.
479 2967 496 2988 1.
507 2967 573 2988 νΜ.
647 2960 716 2986 Hinc
727 2967 777 2985 non
797 2958 858 2984 male
876 2967 905 2984 ex
919 2961 986 2985 omni
993 2965 1069 2998 porte
1103 2958 1194 2985 Ifidor.
1210 2966 1245 2992 15,
1260 2966 1277 2985 2
1307 2959 1356 2985 Ca·
1412 2959 1539 2986 .Mouere
1563 2957 1638 2992 Virg.
1651 2957 1716 2984 Aen.
1734 2966 1758 2990 3,
1773 2965 1824 2990 519.
1877 2959 1952 2985 Curt.
1966 2967 1989 2992 ς,
2005 2967 2030 2990 2,
2044 2966 2069 2994 7.
2116 2957 2189 2986 Cael}
2202 2959 2231 2986 B.
2245 2959 2277 2985 G.
2289 2966 2310 2992 1,
2323 2963 2357 2992 15.
2397 2945 2437 3002 {l

312 2999 412 3031 strum,
431 2997 485 3030 ait,
503 2995 608 3032 'antiqui
621 2994 743 3022 dicebant
755 2993 890 3029 Oppidum
905 2993 965 3020 loco
978 2993 1098 3020 altissimo
1113 2993 1203 3021 situm:
1224 2993 1295 3028 quasi
1309 2995 1358 3021 Ca·
1422 2994 1496 3021 Fam.
1515 3001 1538 3026 3,
1559 2994 1585 3020 6.
1604 3000 1670 3020 extr.
1740 2993 1854 3021 Monere
1873 2994 1902 3020 in
1921 2994 2022 3021 hostem
2055 2994 2100 3021 Sil.
2119 3001 2147 3028 7,
2166 3003 2193 3027 4.
2262 2993 2338 3022 Muni
2357 3005 2369 3019 -t
2394 2999 2435 3030 ,ψῃ

313 3036 369 3063 sam
380 3034 474 3061 altam:
493 3032 569 3059 euius
581 3030 690 3066 pluralis
705 3038 831 3058 numerus
842 3028 930 3057 Castra
954 3028 1147 3057 diminutiuum
1159 3029 1300 3057 Castellum
1313 3029 1358 3056 est.
1422 3035 1567 3057 MVNIO.
1604 3027 1731 3062 Nudare,
1746 3028 1801 3055 vid.
1823 3035 1943 3056 anvs.
1979 3029 2107 3056 Obiicere
2125 3030 2185 3057 Liu.
2194 3029 2226 3056 de
2233 3029 2300 3057 Bell.
2311 3030 2329 3057 P
2344 3034 2365 3062 J
2398 3037 2418 3062 Ἰις’
2431 3028 2433 3033 “

315 3071 426 3105 Etymolo
445 3071 471 3095 ia
484 3068 553 3132 suis
573 3066 688 3104 absurda.
747 3067 806 3094 Non
823 3066 900 3092 multo
913 3049 1015 3098 vidior,
1042 3074 1113 3100 quam
1126 3065 1275 3102 subiungit,
1297 3065 1358 3092 Siue
1375 3072 1409 3099 80
1423 3066 1567 3100 Opponere
1593 3064 1666 3091 Idem
1678 3063 1745 3091 ibid.
1815 3063 1916 3092 Pellere
1937 3064 2018 3092 Ouid.
2037 3064 2116 3100 Epist.
2130 3067 2157 3098 6,
2175 3073 2213 3098 52.
2284 3065 2318 3093 Pe
2348 3068 2363 3086 ‘¹=
2404 3065 2417 3097 ,Ξ

302 3105 389 3141 Quod
403 3113 431 3132 ca
453 3113 482 3132 ra
503 3109 561 3131 atur
573 3103 681 3130 licentia
694 3101 764 3129 inibi
781 3100 1014 3132 habitantium,ne
1027 3100 1114 3134 paffim
1127 3109 1193 3135 vaga
1211 3101 1279 3128 hosti
1291 3107 1360 3135 pate·
1423 3101 1479 3128 vid.
1499 3107 1514 3127 Ρ
1524 3106 1625 3127 ERRV
1636 3106 1662 3127 M
1674 3106 1727 3128 Po.
1787 3099 1843 3126 Cic.
1858 3101 1912 3127 Att.
1927 3106 1950 3133 8,
1963 3109 1991 3127 12
2009 3101 2114 3128 Literae
2126 3100 2196 3127 mihi
2209 3109 2224 3128 a
2237 3107 2264 3128 te
2276 3100 2332 3129 red
2353 3106 2368 3132 j,
2415 3124 2417 3126 ,

317 3147 375 3174 ret,
394 3144 412 3167 i.
428 3150 457 3167 ne
477 3145 599 3177 vagantes
610 3137 698 3174 poffim
710 3138 855 3166 castrorum
867 3137 960 3164 incolae
967 3135 1051 3172 facilc
1064 3138 1090 3161 in
1104 3134 1207 3168 bosham
1218 3135 1361 3171 potestatem
1425 3136 1458 3164 ad
1478 3141 1551 3164 11111
1571 3135 1628 3164 Cal.
1641 3136 1720 3163 Mart.
1735 3135 1764 3162 in
1776 3135 1872 3170 quibus
1886 3136 1988 3169 scribis,
1996 3136 2133 3164 Caesarem
2146 3136 2214 3172 apud
2222 3133 2358 3164 Corfiniu

316 3179 449 3209 uenirent,
466 3176 549 3212 ipsaue
562 3174 643 3202 castra
655 3171 719 3207 hosti
729 3179 846 3210 paterent
859 3170 1007 3208 occupanda.
1063 3170 1102 3198 Id.
1115 3179 1142 3205 9,
1156 3180 1173 3198 2
1191 3171 1280 3199 Castra
1293 3174 1361 3206 sunt,
1424 3172 1546 3208 posuisse.
1617 3171 1691 3208 Conf.
1704 3171 1776 3198 Caes.
1794 3170 1842 3198 sub
1855 3173 1908 3198 Att.
1922 3180 1949 3205 9,
1962 3181 1994 3205 13.
2032 3173 2091 3199 Liu.
2105 3180 2149 3208 27,
2164 3177 2198 3202 18·
2268 3168 2338 3200 Cae's.
2356 3176 2361 3202 ,1
2410 3190 2415 3202 ·,
2428 3181 2437 3188 ·‘

318 3210 368 3239 vbi
381 3211 457 3238 miles
468 3211 578 3239 steterit.
634 3209 712 3237 Dicta
733 3215 822 3236 autem
836 3208 916 3235 eastra
931 3206 1002 3243 quasi
1014 3206 1098 3239 casta,
1123 3215 1155 3234 eo
1169 3208 1241 3242 quod
1255 3208 1309 3235 illic
1322 3217 1361 3235 ca·
1425 3217 1454 3242 35
1474 3208 1544 3234 Cum
1567 3213 1679 3243 vterque
1697 3206 1806 3242 verique
1826 3207 1954 3235 exercitui
1976 3209 2035 3235 elset
2048 3208 2077 3235 in
2091 3207 2248 3243 conspeetu,
2272 3208 2371 3243 fereqfi
2409 3235 2414 3241 Ἴ,
2428 3209 2436 3235 :¹·

318 3246 446 3276 “caretur
459 3246 555 3274 libido.
590 3246 663 3273 Nam
680 3254 816 3281 nunquam
836 3244 870 3271 iis
887 3244 1014 3271 intererat
1025 3242 1132 3270 mulier.
1187 3243 1274 3270 Eadem
1288 3245 1360 3271 Seru.
1378 3249 1409 3278 ες
1427 3244 1507 3279 gione
1520 3242 1609 3270 castris
1629 3242 1708 3270 castra
1721 3249 1838 3278 poneret.
1876 3243 1966 3270 Castra
2000 3252 2082 3270 onere
2092 3240 2141 3278 fim
2158 3246 2242 3270 liciter
2254 3250 2304 3279 pro
2316 3249 2349 3280 p
2361 3246 2368 3272 ’,
2398 3241 2415 3276 ’ζ

318 3281 353 3310 ad
365 3282 430 3308 Aen.
442 3290 464 3314 3,
478 3290 531 3315 519-
567 3281 634 3309 Illud
643 3288 762 3319 apparet,
780 3283 903 3307 notionem
916 3277 1037 3316 quandam
1049 3277 1207 3312 continendi,
1225 3279 1362 3313 coercendi,
1425 3279 1494 3306 dfxit
1514 3280 1576 3306 Var.
1590 3278 1622 3306 R.
1636 3279 1667 3306 R.
1680 3287 1703 3312 3,
1718 3287 1745 3312 2,
1759 3285 1793 3312 15.
1846 3279 1932 3306 Potiti
1946 3287 1975 3307 ca
1997 3280 2035 3306 ris
2053 3279 2126 3306 Hirt.
2161 3278 2205 3306 ell.
2219 3279 2293 3306 Alex.
2305 3279 2363 3315 76.v
2406 3291 2412 3310 χ

319 3317 498 3353 compefiendi,
529 3317 597 3344 casto
615 3318 634 3344 s.
655 3317 755 3351 caesto,
786 3316 807 3344 s.
821 3315 906 3350 cesto,
936 3313 1061 3347 et·casto,
1085 3316 1104 3340 ι’.
1115 3320 1197 3350 puro,
1219 3319 1362 3342 nonminus
1426 3315 1495 3342 iacet
1513 3323 1619 3350 campus
1637 3313 1719 3342 castra
1749 3313 1840 3341 Tacit.
1856 3314 1923 3342 Arm.
1944 3323 1983 3348 ¹2,
2002 3317 2042 3348 36.
2113 3315 2235 3342 Proserre
2271 3312 2341 3345 Caes.

319 3362 393 3392 quam
406 3352 479 3379 verbo
490 3352 595 3387 Castigo
607 3351 686 3387 ineſjb.
1427 3351 1511 3378 Ciuil.
1526 3358 1547 3383 1,
1584 3370 1592 3378 .
1630 3369 1637 3377 .
1675 3369 1682 3377 .
1736 3349 1897 3377 Promouere
1917 3350 1991 3377 Idem
2004 3351 2036 3378 de
2049 3349 2114 3378 Bell.
2128 3350 2196 3377 Gall.
2211 3359 2232 3384 1,
2244 3355 2287 3385 48.
2313 3355 2322 3359 “

358 3393 515 3416 cAsTRA
528 3407 536 3420 ,
563 3396 649 3415 orum.
672 3387 708 3424 pl.
744 3383 924 3425 [ypocrisi-ulau,—
952 3384 1118 3422 παριμέολῆ]
1154 3385 1233 3412 Locur
1251 3385 1299 3420 est,
1318 3387 1363 3414 vbi
1428 3386 1490 3414 Liu.
1505 3396 1533 3421 4,
1547 3392 1585 3420 17.
1600 3392 1664 3413 extr.
1733 3385 1812 3412 Relin
1833 3394 1897 3413 uere
1917 3386 1963 3413 Sil.
1977 3395 2004 3422 7,
2018 3389 2079 3422 208.
2150 3385 2273 3413 Residere
2283 3393 2311 3414 ca
2328 3389 2344 3408 ι’

320 3425 416 3453 militet
429 3425 538 3449 tmtoria
548 3422 568 3458 fi
602 3430 645 3455 nt,
681 3423 783 3460 uifoffit
795 3422 859 3451 vallo
878 3431 922 3456 ue,
939 3421 1006 3458 quafi
1020 3430 1104 3454 muro,
1124 3421 1276 3448 circumdari
1288 3422 1362 3458 solet.
1376 3432 1414 3457 90
1429 3429 1464 3455 15,
1480 3430 1533 3456 510.
1605 3421 1735 3448 Seducere
1757 3394 1914 3451 OuidMet.
1931 3430 1965 3455 13,
1977 3425 2029 3449 611.
2047 3425 2066 3448 i.
2079 3421 2328 3458 dtscedereffleeapb.
2401 3430 2405 3453 ,¹
2425 3450 2429 3457 ,

321 3457 510 3496 Antiqutffimis
525 3433 628 3490 Caffla,
645 3433 772 3495 stminino
783 3431 908 3486 inthan
920 3466 1007 3494 genere
1018 3455 1088 3484 dieta
1098 3476 1107 3489 ,
1116 3454 1142 3491 fi
1148 3455 1215 3492 fides
1233 3457 1327 3484 Nonio
1341 3467 1365 3492 3,
1427 3460 1534 3495 agmine.
1604 3456 1699 3484 Subire
1718 3455 1780 3484 Stat.
1793 3455 1885 3484 Theb.
1897 3467 1926 3491 4,
1937 3466 1964 3491 9.
2031 3457 2109 3493 Virg.
2124 3457 2222 3492 Georg.
2238 3466 2263 3491 3,
2276 3463 2326 3498 313.
2344 3471 2373 3501 .'.⁷

323 3498 356 3530 65
374 3497 419 3532 qui
431 3493 520 3521 laudat
531 3501 564 3520 ex
579 3494 676 3527 Accio,
694 3495 782 3522 Castra
795 3494 857 3522 haec
869 3492 955 3520 vestra
967 3492 1003 3520 cst
1016 3499 1062 3527 etc,
1100 3493 1198 3519 plurali
1208 3502 1304 3520 numero
1319 3503 1364 3521 cur
1585 3491 1644 3520 Nec
1658 3492 1746 3519 minus
1759 3492 1859 3519 interea
1872 3493 1983 3525 barbas,
2002 3493 2148 3528 incanaque
2159 3498 2248 3520 menta

317 3534 407 3569 potius
420 3527 491 3556 difla
498 3527 568 3562 fint,
587 3532 653 3555 ratio
665 3529 737 3556 reddi
743 3529 824 3566 potest
837 3539 866 3557 ex
879 3529 1010 3557 Frontino
1023 3528 1132 3562 Strateg.
1145 3536 1174 3561 4,
1187 3535 1208 3560 ι,
1223 3536 1253 3560 ¹4
1276 3529 1365 3556 Castra
1586 3527 1713 3563 Cinyphii
1725 3527 1835 3555 tondent
1849 3527 1936 3562 hirci,
1955 3530 2073 3564 setasque
2085 3534 2232 3562 comantes,

325 3565 471 3602 antiquitus
491 3564 606 3591 Romani
625 3571 792 3600 caeteraeque
819 3570 908 3601 gentes
925 3563 1013 3600 passim
1026 3572 1073 3600 per
1085 3571 1197 3598 corpora
1212 3563 1365 3592 cohortium
1584 3564 1667 3590 Vsum
1680 3563 1708 3589 in
1720 3563 1882 3597 castrorum,
1901 3570 1928 3591 et
1939 3564 2043 3591 miseris
2055 3563 2187 3591 velamina
2200 3562 2296 3591 nautis.
2335 3568 2343 3575 ·⁴

325 3602 399 3629 velut
412 3600 525 3635 mapalia
545 3599 703 3627 constituere
715 3600 788 3628 soliti
801 3608 891 3634 erant,
911 3609 971 3628 cum
982 3599 1053 3627 solos
1065 3598 1173 3626 vrbium
1182 3607 1272 3625 muros
1285 3601 1366 3627 nosset
1382 3606 1415 3634 95
1431 3598 1464 3627 In
1476 3599 1552 3626 vsum
1565 3598 1708 3626 castrorum
1727 3598 1812 3632 dixit,
1831 3605 1857 3626 et
1871 3600 1934 3635 quia
1954 3600 1987 3627 de
1998 3598 2092 3626 ciliciis
2111 3594 2249 3633 poliuntur
2265 3595 2317 3630 lori
2335 3600 2338 3601 ⁷

327 3638 383 3664 anti
403 3637 471 3664 uitas
486 3643 532 3663 etc.
568 3637 607 3663 De
619 3634 706 3662 castris
718 3635 873 3663 ordinandis
887 3643 911 3663 et
923 3634 1082 3670 instituendis
1106 3635 1197 3670 Veget.
1214 3642 1235 3667 3,
1249 3640 1262 3665 8
1288 3637 1318 3662 Et
1332 3635 1366 3662 ad
1431 3641 1530 3670 guntur
1542 3634 1657 3662 tabulata
1670 3634 1801 3668 turrium,
1817 3643 1850 3663 ne
1863 3634 1938 3662 iactis
1952 3633 2052 3662 facibus
2064 3634 2133 3668 ignis
2144 3634 2219 3668 possit
2230 3633 2295 3662 adha
2332 3636 2335 3637 ⁷
2397 3643 2415 3670 ς-

327 3673 390 3707 Poly
406 3675 427 3699 1'1'
441 3670 540 3699 dublum
553 3669 650 3706 Ia'psius
662 3670 692 3696 de
703 3671 762 3698 Mil.
774 3672 845 3698 Rom.
857 3682 882 3706 5,
893 3681 914 3698 1.
964 3673 1039 3708 Quem
1052 3668 1140 3706 paffim
1159 3669 1269 3697 emendat
1289 3678 1312 3698 et
1325 3681 1368 3698 au.
1430 3671 1501 3698 vius.
1573 3670 1678 3697 Vallare
1691 3669 1771 3698 castra
1790 3670 1881 3698 Tacit.
1893 3669 1963 3698 Hist.
1975 3678 1998 3701 2,
2011 3676 2048 3701 19.
2118 3670 2194 3705 Virg.
2203 3670 2300 3704 Georg.
2310 3676 2339 3702 4,
2401 3689 2416 3708 A.

327 3714 371 3744 get
384 3707 498 3734 Rahodut
517 3708 604 3734 Herm.
624 3706 732 3734 Schelius
751 3705 827 3732 editis
843 3707 946 3742 Hygini
964 3713 991 3734 et
1001 3705 1107 3740 Polybii
1125 3704 1214 3732 libellis
1230 3714 1283 3732 cum
1300 3709 1367 3734 notit
1431 3705 1520 3733 castris
1538 3704 1648 3734 audebit
1665 3705 1766 3733 vellere
1778 3705 1858 3741 signa.
1895 3717 1898 3719 ·
2014 3724 2017 3727 «
2087 3700 2109 3740 ff
2128 3712 2141 3736 3
2181 3706 2306 3732 formulae
2323 3718 2327 3724 .
2402 3707 2414 3730 'i

323 3742 382 3779 filis
395 3749 418 3768 et
431 3741 686 3777 animaduersionibus.
719 3742 791 3768 -Nos
803 3743 871 3777 loqui
889 3742 917 3768 de
930 3741 1021 3776 castris
1032 3740 1114 3775 resse,
1138 3747 1163 3767 et
1174 3741 1282 3767 Romano
1295 3751 1369 3774 more,
1433 3742 1556 3777 Quoniam
1579 3744 1608 3768 in
1635 3744 1758 3768 exercitus
1788 3744 1878 3768 itinere
1892 3738 2004 3775 fingulis
2031 3737 2133 3772 diebus,
2163 3741 2207 3768 vbi
2228 3735 2415 3779 confisttre'ssvss

330 3776 454 3809 docemus,
479 3778 521 3804 vbi
539 3777 603 3805 illu'd
613 3776 827 3814 praenotmtdum,
840 3776 957 3812 sollemni
969 3780 1118 3814 metonymia
1134 3775 1224 3804 Castra
1244 3777 1368 3804 interdum
1377 3789 1426 3810 100
1433 3786 1535 3813 agmen,
1555 3775 1638 3810 casira
1644 3777 1815 3812 ponebantur,
1831 3775 1966 3814 obtinuit„
1980 3779 2010 3800 vt
2023 3773 2076 3799 dies
2088 3777 2206 3802 itinerum
2217 3773 2331 3812 castrisn
2382 3783 2414 3819 (4,
2422 3798 2427 3812 ι

348 3815 390 3838 oni
395 3819 444 3847 pro
454 3813 592 3845 militibus,
608 3813 721 3850 quisunt
733 3815 761 3838 in
773 3810 872 3845 castris.
907 3812 1048 3840 Cic.Verr.
1063 3821 1088 3847 5,
1101 3820 1134 3846 29
1154 3811 1203 3839 Iste
1216 3819 1289 3838 nouo
1303 3821 1370 3847 quo·
1434 3819 1487 3839 tur.
1561 3813 1616 3844 Sic,
1644 3811 1742 3839 Alteris
1759 3810 1847 3838 castris
1858 3814 1980 3845 peruenit
1993 3807 2025 3835 ad
2038 3809 2166 3843 oppidum
2179 3805 2338 3838 Castabalam
2359 3834 2361 3836 .
2376 3832 2396 3847 ,5
2422 3832 2429 3848 ,

325 3818 391 3874 {am
405 3855 436 3873 ex
457 3856 551 3887 genere
565 3849 726 3886 imperaspr,
760 3847 922 3875 ulcherrimo
934 3847 1116 3880 Syracusarum
1137 3847 1198 3874 loco
1215 3846 1310 3874 statiua
1322 3847 1372 3875 sibi
1434 3856 1462 3883 7,
1475 3855 1497 3881 ς.
1522 3849 1541 3875 i.
1554 3849 1642 3875 Altero
1654 3847 1704 3875 die.
1773 3844 1815 3873 Si&
1826 3843 1949 3885 Secundis
1963 3843 2051 3884 castris
2070 3845 2162 3873 Tacit.
2177 3845 2244 3873 Hist.
2255 3853 2279 3878 3,
2294 3850 2328 3883 15.1
2348 3836 2424 3880 ἰη”ἐὶῐ

329 3881 411 3910 castra
430 3882 557 3917 faciebat,
575 3887 603 3910 in
615 3884 704 3921 quihus
721 3886 825 3919 atquem
847 3881 891 3909 diu
902 3891 1048 3911 moraretur.
1084 3883 1157 3911 Idem
1170 3882 1281 3918 Philipp.
1297 3891 1330 3914 11,
1343 3891 1372 3910 12
1434 3884 1479 3911 tiis
1493 3883 1580 3910 castris
1599 3881 1761 3918 Rigodulum
1780 3885 1855 3907 vemt
1880 3879 1953 3907 Idem
1971 3878 2041 3906 Hrst.
2060 3890 2089 3914 4,
2103 3887 2141 3916 71.
2213 3878 2319 3915 Quas-tis
2341 3880 2389 3910 ·,’,

330 3917 438 3945 Accedit
451 3917 514 3944 Saxa
526 3916 614 3946 nescio
628 3919 704 3955 quit,
719 3927 798 3955 quem
810 3917 888 3944 nobis
901 3917 995 3945 Caesar
1007 3926 1039 3946 ex
1050 3919 1145 3947 vltima
1151 3917 1369 3946 CeltiberiaTri—
1434 3918 1528 3945 vrbem
1543 3918 1635 3945 venire
1662 3917 1737 3944 Curt.
1757 3922 1780 3948 5,
1795 3917 1860 3948 1016.
1913 3915 1945 3941 Et
1958 3914 2003 3940 hoc
2009 3914 2083 3950 sensu
2089 3918 2165 3952 saepe
2184 3910 2431 3948 &minuentibus

329 3953 432 3983 bunum
447 3953 517 3987 pleb.
537 3953 627 3989 dedit,
652 3954 798 3984 castrorum
813 3959 889 3984 antea
907 3959 1038 3989 metator,
1055 3962 1126 3983 nune
1144 3959 1175 3983 vt
1185 3951 1271 3990 sperat
1284 3952 1370 3986 vrbis,
1379 3963 1424 3992 ⁸⁹5
1434 3952 1524 3981 Castra
1535 3957 1610 3981 etim
1618 3958 1669 3989 pro
1683 3951 1750 3979 Tm
1760 3959 1789 3978 n
1800 3950 1909 3977 mimas-i
1926 3949 2022 3978 Veuei.
2037 3958 2062 3984 2,
2076 3958 2127 3987 123,
2139 3958 2154 3985 5
2171 3951 2240 3980 Viro
2250 3947 2351 3979 nesci&
2357 3941 2411 4006 9(ἒέ
2426 3988 2433 3994 .
