<?xml version="1.0" encoding="UTF-8"?>
<!DOCTYPE html PUBLIC "-//W3C//DTD XHTML 1.0 Transitional//EN"
    "http://www.w3.org/TR/xhtml1/DTD/xhtml1-transitional.dtd">
<html xmlns="http://www.w3.org/1999/xhtml" xml:lang="en" lang="en">
 <head>
  <title>
</title>
<meta http-equiv="Content-Type" content="text/html;charset=utf-8" />
  <meta name='ocr-system' content='tesseract 3.04.00' />
  <meta name='ocr-capabilities' content='ocr_page ocr_carea ocr_par ocr_line ocrx_word'/>
</head>
<body>
  <div class='ocr_page' id='page_1' title='image "./lta-11000/novuslinguaeeter01gesn/novuslinguaeeter01gesn_0042.png"; bbox 0 0 2474 4182; ppageno 0'>
   <div class='ocr_carea' id='block_1_1' title="bbox 762 59 1901 100">
    <p class='ocr_par' dir='ltr' id='par_1_1' title="bbox 762 59 1901 100">
     <span class='ocr_line' id='line_1_1' title="bbox 762 59 1901 100; baseline 0.001 -3"><span class='ocrx_word' id='word_1_1' title='bbox 762 59 1011 99; x_wconf 74' lang='lat' dir='ltr'><strong><em>DISSERT.</em></strong></span> <span class='ocrx_word' id='word_1_2' title='bbox 1045 60 1121 98; x_wconf 92' lang='lat' dir='ltr'>DE</span> <span class='ocrx_word' id='word_1_3' title='bbox 1152 59 1495 99; x_wconf 84' lang='lat' dir='ltr'><strong><em>PRAECIPVIS</em></strong></span> <span class='ocrx_word' id='word_1_4' title='bbox 1525 61 1755 100; x_wconf 86' lang='lat' dir='ltr'><em>LEXICIS</em></span> <span class='ocrx_word' id='word_1_5' title='bbox 1778 63 1901 100; x_wconf 84' lang='lat' dir='ltr'><em>LAT.</em></span> 
     </span>
    </p>
   </div>
   <div class='ocr_carea' id='block_1_2' title="bbox 279 152 1315 1343">
    <p class='ocr_par' dir='ltr' id='par_1_2' title="bbox 279 152 1315 1343">
     <span class='ocr_line' id='line_1_2' title="bbox 289 152 1311 206; baseline -0.003 -10"><span class='ocrx_word' id='word_1_6' title='bbox 289 168 523 196; x_wconf 84' lang='lat' dir='ltr'>mentatorum</span> <span class='ocrx_word' id='word_1_7' title='bbox 539 159 755 206; x_wconf 81' lang='lat' dir='ltr'>antiquorum</span> <span class='ocrx_word' id='word_1_8' title='bbox 769 152 975 203; x_wconf 87' lang='lat' dir='ltr'>colluuiem,</span> <span class='ocrx_word' id='word_1_9' title='bbox 1002 164 1170 204; x_wconf 81' lang='lat' dir='ltr'>praeterea</span> <span class='ocrx_word' id='word_1_10' title='bbox 1187 170 1230 193; x_wconf 84' lang='lat' dir='ltr'>ex</span> <span class='ocrx_word' id='word_1_11' title='bbox 1245 158 1311 193; x_wconf 88' lang='lat' dir='ltr'>Re-</span> 
     </span>
     <span class='ocr_line' id='line_1_3' title="bbox 291 207 1312 259; baseline -0.004 -8"><span class='ocrx_word' id='word_1_12' title='bbox 291 213 502 251; x_wconf 87' lang='lat' dir='ltr'>centioribus</span> <span class='ocrx_word' id='word_1_13' title='bbox 517 242 527 259; x_wconf 85' lang='lat'>,</span> <span class='ocrx_word' id='word_1_14' title='bbox 557 209 775 247; x_wconf 76' lang='lat' dir='ltr'><em>Laurentium</em></span> <span class='ocrx_word' id='word_1_15' title='bbox 804 207 933 246; x_wconf 79' lang='lat' dir='ltr'>Vallam</span> <span class='ocrx_word' id='word_1_16' title='bbox 948 239 958 256; x_wconf 85' lang='lat'>‚</span> <span class='ocrx_word' id='word_1_17' title='bbox 986 209 1203 248; x_wconf 75' lang='lat' dir='ltr'><em>Hermolaum</em></span> <span class='ocrx_word' id='word_1_18' title='bbox 1227 212 1312 248; x_wconf 81' lang='lat' dir='ltr'>Bar-</span> 
     </span>
     <span class='ocr_line' id='line_1_4' title="bbox 290 258 1312 313; baseline -0.003 -8"><span class='ocrx_word' id='word_1_19' title='bbox 290 267 407 305; x_wconf 79' lang='lat' dir='ltr'>barum</span> <span class='ocrx_word' id='word_1_20' title='bbox 423 296 432 313; x_wconf 80' lang='lat'>‚</span> <span class='ocrx_word' id='word_1_21' title='bbox 467 265 629 304; x_wconf 73' lang='lat' dir='ltr'>Ruellium</span> <span class='ocrx_word' id='word_1_22' title='bbox 654 292 663 308; x_wconf 85' lang='lat'>‚</span> <span class='ocrx_word' id='word_1_23' title='bbox 700 258 869 300; x_wconf 77' lang='lat' dir='ltr'>Budaeum</span> <span class='ocrx_word' id='word_1_24' title='bbox 889 293 900 311; x_wconf 85' lang='lat'>‚</span> <span class='ocrx_word' id='word_1_25' title='bbox 936 263 1088 313; x_wconf 57' lang='lat' dir='ltr'>Bepfium</span> <span class='ocrx_word' id='word_1_26' title='bbox 1110 295 1120 311; x_wconf 82' lang='lat'>‚</span> <span class='ocrx_word' id='word_1_27' title='bbox 1164 264 1312 302; x_wconf 80' lang='lat' dir='ltr'>Caelium</span> 
     </span>
     <span class='ocr_line' id='line_1_5' title="bbox 290 318 1313 374; baseline -0.002 -15"><span class='ocrx_word' id='word_1_28' title='bbox 290 319 506 374; x_wconf 61' lang='lat' dir='ltr'>leodtgz&#39;tzttaen</span> <span class='ocrx_word' id='word_1_29' title='bbox 527 330 606 353; x_wconf 85' lang='lat' dir='ltr'>cum</span> <span class='ocrx_word' id='word_1_30' title='bbox 621 318 912 368; x_wconf 80' lang='lat' dir='ltr'>Lexicographis,</span> <span class='ocrx_word' id='word_1_31' title='bbox 929 332 1017 370; x_wconf 87' lang='lat' dir='ltr'>quos</span> <span class='ocrx_word' id='word_1_32' title='bbox 1041 333 1133 369; x_wconf 90' lang='lat' dir='ltr'>pone</span> <span class='ocrx_word' id='word_1_33' title='bbox 1152 319 1313 371; x_wconf 81' lang='lat' dir='ltr'>sequeba-</span> 
     </span>
     <span class='ocr_line' id='line_1_6' title="bbox 289 373 1315 424; baseline -0.001 -11"><span class='ocrx_word' id='word_1_34' title='bbox 289 387 353 413; x_wconf 88' lang='lat' dir='ltr'>tur.</span> <span class='ocrx_word' id='word_1_35' title='bbox 422 373 517 409; x_wconf 84' lang='lat' dir='ltr'>Vnde</span> <span class='ocrx_word' id='word_1_36' title='bbox 532 373 665 416; x_wconf 79' lang='lat' dir='ltr'>euenit,</span> <span class='ocrx_word' id='word_1_37' title='bbox 679 381 716 409; x_wconf 91' lang='lat' dir='ltr'>vt</span> <span class='ocrx_word' id='word_1_38' title='bbox 736 385 779 410; x_wconf 85' lang='lat' dir='ltr'>ex</span> <span class='ocrx_word' id='word_1_39' title='bbox 794 373 1006 424; x_wconf 85' lang='lat' dir='ltr'>Aequalibus</span> <span class='ocrx_word' id='word_1_40' title='bbox 1031 374 1099 412; x_wconf 84' lang='lat' dir='ltr'>fiue</span> <span class='ocrx_word' id='word_1_41' title='bbox 1113 374 1315 424; x_wconf 79' lang='lat' dir='ltr'>Philolog&#39;is‚</span> 
     </span>
     <span class='ocr_line' id='line_1_7' title="bbox 290 426 1314 480; baseline -0.001 -12"><span class='ocrx_word' id='word_1_42' title='bbox 290 430 355 468; x_wconf 80' lang='lat' dir='ltr'>fiuc</span> <span class='ocrx_word' id='word_1_43' title='bbox 365 430 573 466; x_wconf 79' lang='lat' dir='ltr'>Lexicorum</span> <span class='ocrx_word' id='word_1_44' title='bbox 588 426 830 476; x_wconf 80' lang='lat' dir='ltr'><strong>scriptoribus,</strong></span> <span class='ocrx_word' id='word_1_45' title='bbox 846 428 991 477; x_wconf 87' lang='lat' dir='ltr'>plurima</span> <span class='ocrx_word' id='word_1_46' title='bbox 1007 429 1210 476; x_wconf 83' lang='lat' dir='ltr'>desumeret‚</span> <span class='ocrx_word' id='word_1_47' title='bbox 1227 443 1314 480; x_wconf 90' lang='lat' dir='ltr'>quae</span> 
     </span>
     <span class='ocr_line' id='line_1_8' title="bbox 288 481 1313 535; baseline 0.004 -18"><span class='ocrx_word' id='word_1_48' title='bbox 288 481 458 532; x_wconf 75' lang='lat' dir='ltr'>ignorauit</span> <span class='ocrx_word' id='word_1_49' title='bbox 476 481 650 525; x_wconf 88' lang='lat' dir='ltr'>Vetustas;</span> <span class='ocrx_word' id='word_1_50' title='bbox 679 496 700 519; x_wconf 85' lang='lat' dir='ltr'>A</span> <span class='ocrx_word' id='word_1_51' title='bbox 716 496 731 518; x_wconf 84' lang='lat' dir='ltr'>s</span> <span class='ocrx_word' id='word_1_52' title='bbox 744 496 766 519; x_wconf 89' lang='lat' dir='ltr'>T</span> <span class='ocrx_word' id='word_1_53' title='bbox 783 497 803 519; x_wconf 79' lang='lat' dir='ltr'>R</span> <span class='ocrx_word' id='word_1_54' title='bbox 818 497 840 519; x_wconf 94' lang='lat' dir='ltr'>o</span> <span class='ocrx_word' id='word_1_55' title='bbox 856 498 873 520; x_wconf 88' lang='lat' dir='ltr'>L</span> <span class='ocrx_word' id='word_1_56' title='bbox 888 498 908 520; x_wconf 85' lang='lat' dir='ltr'>A</span> <span class='ocrx_word' id='word_1_57' title='bbox 923 497 940 519; x_wconf 80' lang='lat' dir='ltr'><strong>B</strong></span> <span class='ocrx_word' id='word_1_58' title='bbox 956 498 968 519; x_wconf 92' lang='lat'>1</span> <span class='ocrx_word' id='word_1_59' title='bbox 982 497 1005 519; x_wconf 91' lang='lat' dir='ltr'>v</span> <span class='ocrx_word' id='word_1_60' title='bbox 1019 498 1045 520; x_wconf 87' lang='lat' dir='ltr'>M</span> <span class='ocrx_word' id='word_1_61' title='bbox 1064 498 1108 521; x_wconf 86' lang='lat' dir='ltr'>ex</span> <span class='ocrx_word' id='word_1_62' title='bbox 1119 485 1313 535; x_wconf 85' lang='lat' dir='ltr'>Sipontino;</span> 
     </span>
     <span class='ocr_line' id='line_1_9' title="bbox 291 537 1313 580; baseline 0.003 -6"><span class='ocrx_word' id='word_1_63' title='bbox 291 548 623 574; x_wconf 76' lang='lat' dir='ltr'>ASTRONOMIA</span> <span class='ocrx_word' id='word_1_64' title='bbox 649 551 693 575; x_wconf 83' lang='lat' dir='ltr'>ex</span> <span class='ocrx_word' id='word_1_65' title='bbox 717 537 842 580; x_wconf 84' lang='lat' dir='ltr'>Valla;</span> <span class='ocrx_word' id='word_1_66' title='bbox 873 550 1248 577; x_wconf 74' lang='grc' dir='ltr'>οοΜΒΕΝΝοΝΕε</span> <span class='ocrx_word' id='word_1_67' title='bbox 1269 553 1313 576; x_wconf 83' lang='lat' dir='ltr'>ex</span> 
     </span>
     <span class='ocr_line' id='line_1_10' title="bbox 287 591 1313 644; baseline 0.002 -16"><span class='ocrx_word' id='word_1_68' title='bbox 287 591 415 629; x_wconf 87' lang='lat' dir='ltr'>eodem</span> <span class='ocrx_word' id='word_1_69' title='bbox 437 592 610 644; x_wconf 80' lang='lat' dir='ltr'>Sipontino</span> <span class='ocrx_word' id='word_1_70' title='bbox 625 605 640 632; x_wconf 90' lang='lat'><em>;</em></span> <span class='ocrx_word' id='word_1_71' title='bbox 674 595 758 629; x_wconf 89' lang='lat' dir='ltr'>item</span> <span class='ocrx_word' id='word_1_72' title='bbox 777 606 796 628; x_wconf 90' lang='lat' dir='ltr'>c</span> <span class='ocrx_word' id='word_1_73' title='bbox 810 605 833 629; x_wconf 92' lang='lat' dir='ltr'>o</span> <span class='ocrx_word' id='word_1_74' title='bbox 848 607 874 629; x_wconf 89' lang='lat' dir='ltr'>M</span> <span class='ocrx_word' id='word_1_75' title='bbox 891 606 908 629; x_wconf 77' lang='grc' dir='ltr'>Β</span> <span class='ocrx_word' id='word_1_76' title='bbox 922 607 936 629; x_wconf 95' lang='lat'>1</span> <span class='ocrx_word' id='word_1_77' title='bbox 950 606 975 628; x_wconf 79' lang='lat' dir='ltr'>N</span> <span class='ocrx_word' id='word_1_78' title='bbox 989 607 1009 630; x_wconf 99' lang='lat' dir='ltr'>A</span> <span class='ocrx_word' id='word_1_79' title='bbox 1024 606 1045 629; x_wconf 83' lang='lat' dir='ltr'>R</span> <span class='ocrx_word' id='word_1_80' title='bbox 1059 607 1077 630; x_wconf 82' lang='lat' dir='ltr'>E</span> <span class='ocrx_word' id='word_1_81' title='bbox 1097 623 1108 641; x_wconf 84' lang='lat'>,</span> <span class='ocrx_word' id='word_1_82' title='bbox 1140 608 1159 630; x_wconf 88' lang='lat' dir='ltr'>c</span> <span class='ocrx_word' id='word_1_83' title='bbox 1173 608 1196 630; x_wconf 94' lang='lat' dir='ltr'>o</span> <span class='ocrx_word' id='word_1_84' title='bbox 1209 608 1234 630; x_wconf 85' lang='lat' dir='ltr'>M</span> <span class='ocrx_word' id='word_1_85' title='bbox 1248 608 1265 631; x_wconf 86' lang='lat' dir='ltr'><strong>B</strong></span> <span class='ocrx_word' id='word_1_86' title='bbox 1282 608 1313 630; x_wconf 85' lang='lat'>1-</span> 
     </span>
     <span class='ocr_line' id='line_1_11' title="bbox 289 645 1313 696; baseline 0.002 -13"><span class='ocrx_word' id='word_1_87' title='bbox 289 660 446 684; x_wconf 74' lang='lat' dir='ltr'>NArxo</span> <span class='ocrx_word' id='word_1_88' title='bbox 463 676 474 694; x_wconf 83' lang='lat'>‚</span> <span class='ocrx_word' id='word_1_89' title='bbox 503 656 567 684; x_wconf 89' lang='lat' dir='ltr'>etc.</span> <span class='ocrx_word' id='word_1_90' title='bbox 626 661 717 684; x_wconf 66' lang='lat' dir='ltr'>cnr</span> <span class='ocrx_word' id='word_1_91' title='bbox 734 661 890 684; x_wconf 75' lang='lat' dir='ltr'>0121NA</span> <span class='ocrx_word' id='word_1_92' title='bbox 915 661 958 684; x_wconf 88' lang='lat' dir='ltr'>ex</span> <span class='ocrx_word' id='word_1_93' title='bbox 974 645 1135 689; x_wconf 75' lang='lat' dir='ltr'>Budoe05</span> <span class='ocrx_word' id='word_1_94' title='bbox 1171 662 1313 696; x_wconf 66' lang='lat' dir='ltr'>cunm,</span> 
     </span>
     <span class='ocr_line' id='line_1_12' title="bbox 288 714 1312 749; baseline 0.001 -11"><span class='ocrx_word' id='word_1_95' title='bbox 288 714 625 740; x_wconf 76' lang='lat' dir='ltr'>CHRYSOPLYSIVM</span> <span class='ocrx_word' id='word_1_96' title='bbox 644 732 654 749; x_wconf 83' lang='lat'>‚</span> <span class='ocrx_word' id='word_1_97' title='bbox 687 715 921 740; x_wconf 81' lang='lat' dir='ltr'>PHRATRIAE</span> <span class='ocrx_word' id='word_1_98' title='bbox 941 732 951 749; x_wconf 85' lang='lat'>‚</span> <span class='ocrx_word' id='word_1_99' title='bbox 981 716 998 738; x_wconf 83' lang='lat' dir='ltr'>P</span> <span class='ocrx_word' id='word_1_100' title='bbox 1013 716 1035 738; x_wconf 83' lang='lat' dir='ltr'><strong>H</strong></span> <span class='ocrx_word' id='word_1_101' title='bbox 1050 717 1071 739; x_wconf 81' lang='lat' dir='ltr'>R</span> <span class='ocrx_word' id='word_1_102' title='bbox 1086 718 1108 739; x_wconf 91' lang='lat' dir='ltr'>A</span> <span class='ocrx_word' id='word_1_103' title='bbox 1125 717 1145 739; x_wconf 90' lang='lat' dir='ltr'>T</span> <span class='ocrx_word' id='word_1_104' title='bbox 1161 717 1183 740; x_wconf 94' lang='lat' dir='ltr'>o</span> <span class='ocrx_word' id='word_1_105' title='bbox 1200 717 1219 740; x_wconf 80' lang='lat' dir='ltr'>R</span> <span class='ocrx_word' id='word_1_106' title='bbox 1236 717 1254 739; x_wconf 83' lang='lat' dir='ltr'>E</span> <span class='ocrx_word' id='word_1_107' title='bbox 1269 717 1284 739; x_wconf 91' lang='lat' dir='ltr'>s</span> <span class='ocrx_word' id='word_1_108' title='bbox 1302 732 1312 749; x_wconf 94' lang='lat'>,</span> 
     </span>
     <span class='ocr_line' id='line_1_13' title="bbox 285 755 1313 808; baseline 0.001 -14"><span class='ocrx_word' id='word_1_109' title='bbox 285 769 368 801; x_wconf 78' lang='lat' dir='ltr'>cum</span> <span class='ocrx_word' id='word_1_110' title='bbox 382 758 524 794; x_wconf 84' lang='lat' dir='ltr'>infinitis</span> <span class='ocrx_word' id='word_1_111' title='bbox 537 755 608 793; x_wconf 85' lang='lat' dir='ltr'>fere</span> <span class='ocrx_word' id='word_1_112' title='bbox 623 756 707 803; x_wconf 79' lang='lat' dir='ltr'>¹aliis,</span> <span class='ocrx_word' id='word_1_113' title='bbox 717 769 803 808; x_wconf 87' lang='lat' dir='ltr'>quac</span> <span class='ocrx_word' id='word_1_114' title='bbox 817 757 894 795; x_wconf 90' lang='lat' dir='ltr'>vsus</span> <span class='ocrx_word' id='word_1_115' title='bbox 910 766 945 794; x_wconf 86' lang='lat' dir='ltr'>et</span> <span class='ocrx_word' id='word_1_116' title='bbox 957 758 1131 795; x_wconf 86' lang='lat' dir='ltr'>neeeffitas</span> <span class='ocrx_word' id='word_1_117' title='bbox 1146 758 1313 806; x_wconf 81' lang='lat' dir='ltr'>posterio-</span> 
     </span>
     <span class='ocr_line' id='line_1_14' title="bbox 285 810 1313 849; baseline -0.001 0"><span class='ocrx_word' id='word_1_118' title='bbox 285 825 363 849; x_wconf 85' lang='lat' dir='ltr'>rum</span> <span class='ocrx_word' id='word_1_119' title='bbox 386 812 574 848; x_wconf 87' lang='lat' dir='ltr'>hominum</span> <span class='ocrx_word' id='word_1_120' title='bbox 593 825 637 848; x_wconf 84' lang='lat' dir='ltr'>ex</span> <span class='ocrx_word' id='word_1_121' title='bbox 654 813 795 849; x_wconf 84' lang='lat' dir='ltr'>Graecis</span> <span class='ocrx_word' id='word_1_122' title='bbox 810 815 928 849; x_wconf 85' lang='lat' dir='ltr'>Latina</span> <span class='ocrx_word' id='word_1_123' title='bbox 948 810 1085 849; x_wconf 81' lang='lat' dir='ltr'>fecerat.</span> <span class='ocrx_word' id='word_1_124' title='bbox 1153 811 1313 849; x_wconf 85' lang='lat' dir='ltr'>Contulit</span> 
     </span>
     <span class='ocr_line' id='line_1_15' title="bbox 284 864 1312 915; baseline -0.002 -11"><span class='ocrx_word' id='word_1_125' title='bbox 284 867 436 904; x_wconf 86' lang='lat' dir='ltr'>multum</span> <span class='ocrx_word' id='word_1_126' title='bbox 458 867 501 904; x_wconf 84' lang='lat' dir='ltr'>ad</span> <span class='ocrx_word' id='word_1_127' title='bbox 529 866 600 903; x_wconf 84' lang='lat' dir='ltr'>hoe</span> <span class='ocrx_word' id='word_1_128' title='bbox 625 879 715 915; x_wconf 90' lang='lat' dir='ltr'>opus</span> <span class='ocrx_word' id='word_1_129' title='bbox 734 864 958 904; x_wconf 71' lang='lat' dir='ltr'><em>Theodericus</em></span> <span class='ocrx_word' id='word_1_130' title='bbox 973 865 1164 903; x_wconf 78' lang='lat' dir='ltr'>Bellouacus</span> <span class='ocrx_word' id='word_1_131' title='bbox 1185 868 1223 914; x_wconf 88' lang='lat' dir='ltr'>a)</span> <span class='ocrx_word' id='word_1_132' title='bbox 1253 879 1312 902; x_wconf 91' lang='lat' dir='ltr'>cu-</span> 
     </span>
     <span class='ocr_line' id='line_1_16' title="bbox 285 919 1310 972; baseline -0.001 -14"><span class='ocrx_word' id='word_1_133' title='bbox 285 924 336 958; x_wconf 80' lang='lat' dir='ltr'>ius</span> <span class='ocrx_word' id='word_1_134' title='bbox 353 920 481 958; x_wconf 83' lang='lat' dir='ltr'>auxilio</span> <span class='ocrx_word' id='word_1_135' title='bbox 498 920 623 958; x_wconf 86' lang='lat' dir='ltr'>debere</span> <span class='ocrx_word' id='word_1_136' title='bbox 639 920 671 957; x_wconf 85' lang='lat' dir='ltr'>se</span> <span class='ocrx_word' id='word_1_137' title='bbox 686 919 823 967; x_wconf 80' lang='lat' dir='ltr'>fatetur,</span> <span class='ocrx_word' id='word_1_138' title='bbox 839 921 937 972; x_wconf 92' lang='lat' dir='ltr'>quod</span> <span class='ocrx_word' id='word_1_139' title='bbox 958 931 1069 958; x_wconf 86' lang='lat' dir='ltr'>tantae</span> <span class='ocrx_word' id='word_1_140' title='bbox 1084 922 1198 970; x_wconf 89' lang='lat' dir='ltr'>operis</span> <span class='ocrx_word' id='word_1_141' title='bbox 1222 920 1310 957; x_wconf 90' lang='lat' dir='ltr'>moli</span> 
     </span>
     <span class='ocr_line' id='line_1_17' title="bbox 284 974 1309 1024; baseline -0.002 -10"><span class='ocrx_word' id='word_1_142' title='bbox 284 990 355 1014; x_wconf 88' lang='lat' dir='ltr'>non</span> <span class='ocrx_word' id='word_1_143' title='bbox 380 974 610 1014; x_wconf 65' lang='lat' dir='ltr'>succubuerit.</span> <span class='ocrx_word' id='word_1_144' title='bbox 669 1005 691 1022; x_wconf 87' lang='lat'>„</span> <span class='ocrx_word' id='word_1_145' title='bbox 709 978 760 1011; x_wconf 87' lang='lat' dir='ltr'>Ex</span> <span class='ocrx_word' id='word_1_146' title='bbox 785 976 859 1024; x_wconf 87' lang='lat' dir='ltr'>ipso</span> <span class='ocrx_word' id='word_1_147' title='bbox 875 985 990 1012; x_wconf 84' lang='lat' dir='ltr'>autem</span> <span class='ocrx_word' id='word_1_148' title='bbox 1006 975 1145 1012; x_wconf 89' lang='lat' dir='ltr'>Budaeo</span> <span class='ocrx_word' id='word_1_149' title='bbox 1163 1002 1172 1017; x_wconf 78' lang='grc'><strong>,</strong></span> <span class='ocrx_word' id='word_1_150' title='bbox 1198 1005 1222 1022; x_wconf 86' lang='lat'><strong>„</strong></span> <span class='ocrx_word' id='word_1_151' title='bbox 1258 978 1309 1012; x_wconf 90' lang='lat' dir='ltr'>in-</span> 
     </span>
     <span class='ocr_line' id='line_1_18' title="bbox 283 1029 1309 1083; baseline -0.001 -15"><span class='ocrx_word' id='word_1_152' title='bbox 283 1034 356 1083; x_wconf 87' lang='lat' dir='ltr'>quit</span> <span class='ocrx_word' id='word_1_153' title='bbox 373 1030 426 1068; x_wconf 91' lang='lat' dir='ltr'>ille</span> <span class='ocrx_word' id='word_1_154' title='bbox 442 1061 452 1077; x_wconf 86' lang='lat'>,</span> <span class='ocrx_word' id='word_1_155' title='bbox 482 1060 505 1077; x_wconf 90' lang='lat'>„</span> <span class='ocrx_word' id='word_1_156' title='bbox 520 1040 590 1067; x_wconf 83' lang='lat' dir='ltr'>tam</span> <span class='ocrx_word' id='word_1_157' title='bbox 606 1029 713 1067; x_wconf 81' lang='lat' dir='ltr'>multa</span> <span class='ocrx_word' id='word_1_158' title='bbox 728 1030 769 1067; x_wconf 87' lang='lat' dir='ltr'>ad</span> <span class='ocrx_word' id='word_1_159' title='bbox 786 1029 931 1068; x_wconf 89' lang='lat' dir='ltr'>verbum</span> <span class='ocrx_word' id='word_1_160' title='bbox 947 1029 1213 1080; x_wconf 74' lang='lat' dir='ltr'>transcripsimus</span> <span class='ocrx_word' id='word_1_161' title='bbox 1231 1060 1241 1078; x_wconf 83' lang='lat'>‚</span> <span class='ocrx_word' id='word_1_162' title='bbox 1272 1040 1309 1067; x_wconf 93' lang='lat' dir='ltr'>vt</span> 
     </span>
     <span class='ocr_line' id='line_1_19' title="bbox 281 1084 1308 1136; baseline -0.001 -13"><span class='ocrx_word' id='word_1_163' title='bbox 281 1115 305 1135; x_wconf 79' lang='grc'>,,</span> <span class='ocrx_word' id='word_1_164' title='bbox 321 1099 427 1135; x_wconf 85' lang='lat' dir='ltr'>paene</span> <span class='ocrx_word' id='word_1_165' title='bbox 453 1089 484 1123; x_wconf 87' lang='lat' dir='ltr'>ei</span> <span class='ocrx_word' id='word_1_166' title='bbox 500 1098 570 1124; x_wconf 84' lang='lat' dir='ltr'>rara</span> <span class='ocrx_word' id='word_1_167' title='bbox 594 1088 629 1122; x_wconf 89' lang='lat' dir='ltr'>in</span> <span class='ocrx_word' id='word_1_168' title='bbox 644 1085 714 1122; x_wconf 88' lang='lat' dir='ltr'>hoc</span> <span class='ocrx_word' id='word_1_169' title='bbox 738 1098 844 1135; x_wconf 91' lang='lat' dir='ltr'>opere</span> <span class='ocrx_word' id='word_1_170' title='bbox 865 1095 900 1122; x_wconf 87' lang='lat' dir='ltr'>et</span> <span class='ocrx_word' id='word_1_171' title='bbox 922 1084 1084 1136; x_wconf 83' lang='lat' dir='ltr'>exquifita</span> <span class='ocrx_word' id='word_1_172' title='bbox 1106 1086 1226 1123; x_wconf 82' lang='lat' dir='ltr'>omnia</span> <span class='ocrx_word' id='word_1_173' title='bbox 1249 1085 1308 1122; x_wconf 89' lang='lat' dir='ltr'>de-</span> 
     </span>
     <span class='ocr_line' id='line_1_20' title="bbox 283 1139 1309 1192; baseline 0 -14"><span class='ocrx_word' id='word_1_174' title='bbox 283 1171 305 1189; x_wconf 86' lang='lat'><strong>„</strong></span> <span class='ocrx_word' id='word_1_175' title='bbox 327 1140 479 1178; x_wconf 86' lang='lat' dir='ltr'>beantur.</span> <span class='ocrx_word' id='word_1_176' title='bbox 507 1171 529 1188; x_wconf 88' lang='lat'>„</span> <span class='ocrx_word' id='word_1_177' title='bbox 590 1143 768 1189; x_wconf 72' lang='lat' dir='ltr'>Quintum</span> <span class='ocrx_word' id='word_1_178' title='bbox 782 1141 854 1178; x_wconf 84' lang='lat' dir='ltr'>aliis</span> <span class='ocrx_word' id='word_1_179' title='bbox 870 1154 1013 1192; x_wconf 87' lang='lat' dir='ltr'>quoque</span> <span class='ocrx_word' id='word_1_180' title='bbox 1037 1139 1212 1178; x_wconf 82' lang='lat' dir='ltr'>nonnullis</span> <span class='ocrx_word' id='word_1_181' title='bbox 1227 1170 1237 1185; x_wconf 83' lang='lat'><strong>‚</strong></span> <span class='ocrx_word' id='word_1_182' title='bbox 1265 1153 1309 1178; x_wconf 88' lang='lat' dir='ltr'>ex</span> 
     </span>
     <span class='ocr_line' id='line_1_21' title="bbox 282 1194 1310 1246; baseline 0 -13"><span class='ocrx_word' id='word_1_183' title='bbox 282 1196 383 1246; x_wconf 72' lang='lat' dir='ltr'>ipsius</span> <span class='ocrx_word' id='word_1_184' title='bbox 408 1195 520 1233; x_wconf 88' lang='lat' dir='ltr'>verbis</span> <span class='ocrx_word' id='word_1_185' title='bbox 543 1198 689 1244; x_wconf 82' lang='lat' dir='ltr'>excipiat</span> <span class='ocrx_word' id='word_1_186' title='bbox 705 1195 815 1233; x_wconf 69' lang='lat' dir='ltr'>lec‘tor</span> <span class='ocrx_word' id='word_1_187' title='bbox 830 1196 873 1232; x_wconf 88' lang='lat' dir='ltr'>ad</span> <span class='ocrx_word' id='word_1_188' title='bbox 890 1194 1022 1233; x_wconf 81' lang='lat' dir='ltr'>calcem</span> <span class='ocrx_word' id='word_1_189' title='bbox 1044 1195 1184 1233; x_wconf 91' lang='lat' dir='ltr'>secundi</span> <span class='ocrx_word' id='word_1_190' title='bbox 1209 1195 1310 1233; x_wconf 90' lang='lat' dir='ltr'>volu-</span> 
     </span>
     <span class='ocr_line' id='line_1_22' title="bbox 281 1249 1310 1301; baseline 0.002 -15"><span class='ocrx_word' id='word_1_191' title='bbox 281 1253 382 1287; x_wconf 80' lang='lat' dir='ltr'>minis</span> <span class='ocrx_word' id='word_1_192' title='bbox 398 1279 407 1296; x_wconf 88' lang='lat'>,</span> <span class='ocrx_word' id='word_1_193' title='bbox 439 1263 526 1300; x_wconf 89' lang='lat' dir='ltr'>quae</span> <span class='ocrx_word' id='word_1_194' title='bbox 543 1249 718 1288; x_wconf 80' lang='lat' dir='ltr'>Mantiffae</span> <span class='ocrx_word' id='word_1_195' title='bbox 735 1250 804 1290; x_wconf 83' lang='lat' dir='ltr'>flue</span> <span class='ocrx_word' id='word_1_196' title='bbox 821 1251 1033 1301; x_wconf 87' lang='lat' dir='ltr'>Appendicis</span> <span class='ocrx_word' id='word_1_197' title='bbox 1049 1249 1196 1301; x_wconf 87' lang='lat' dir='ltr'>Epistola</span> <span class='ocrx_word' id='word_1_198' title='bbox 1215 1263 1310 1301; x_wconf 87' lang='lat' dir='ltr'>prae-</span> 
     </span>
     <span class='ocr_line' id='line_1_23' title="bbox 279 1304 596 1343; baseline -0.006 0"><span class='ocrx_word' id='word_1_199' title='bbox 279 1304 402 1343; x_wconf 80' lang='lat' dir='ltr'>fatoria</span> <span class='ocrx_word' id='word_1_200' title='bbox 425 1304 596 1342; x_wconf 82' lang='lat' dir='ltr'><strong>exhibuit.</strong></span> 
     </span>
    </p>
   </div>
   <div class='ocr_carea' id='block_1_3' title="bbox 335 1386 1257 1474">
    <p class='ocr_par' dir='ltr' id='par_1_3' title="bbox 335 1386 1257 1474">
     <span class='ocr_line' id='line_1_24' title="bbox 335 1386 1257 1474; baseline 0.001 -16"><span class='ocrx_word' id='word_1_201' title='bbox 335 1417 502 1459; x_wconf 67' lang='lat' dir='ltr'>RoBertus</span> <span class='ocrx_word' id='word_1_202' title='bbox 511 1386 710 1472; x_wconf 67' lang='lat' dir='ltr'>Stepharius,</span> <span class='ocrx_word' id='word_1_203' title='bbox 717 1418 959 1473; x_wconf 80' lang='lat' dir='ltr'>Typographus</span> <span class='ocrx_word' id='word_1_204' title='bbox 968 1421 1107 1474; x_wconf 76' lang='lat' dir='ltr'>Regius,</span> <span class='ocrx_word' id='word_1_205' title='bbox 1116 1418 1257 1460; x_wconf 57' lang='lat' dir='ltr'>Leffori.</span> 
     </span>
    </p>
   </div>
   <div class='ocr_carea' id='block_1_4' title="bbox 277 1498 1315 3089">
    <p class='ocr_par' dir='ltr' id='par_1_4' title="bbox 277 1498 1315 3089">
     <span class='ocr_line' id='line_1_25' title="bbox 277 1498 1311 1599; baseline -0.002 -62"><span class='ocrx_word' id='word_1_206' title='bbox 277 1526 301 1550; x_wconf 82' lang='lat'>‚,</span> <span class='ocrx_word' id='word_1_207' title='bbox 317 1500 492 1599; x_wconf 71' lang='lat' dir='ltr'>Quum</span> <span class='ocrx_word' id='word_1_208' title='bbox 514 1498 659 1536; x_wconf 81' lang='lat' dir='ltr'>effemus</span> <span class='ocrx_word' id='word_1_209' title='bbox 683 1499 720 1535; x_wconf 91' lang='lat' dir='ltr'>in</span> <span class='ocrx_word' id='word_1_210' title='bbox 742 1511 786 1536; x_wconf 92' lang='lat' dir='ltr'>eo</span> <span class='ocrx_word' id='word_1_211' title='bbox 811 1510 920 1547; x_wconf 80' lang='lat' dir='ltr'>paene</span> <span class='ocrx_word' id='word_1_212' title='bbox 941 1502 1110 1548; x_wconf 89' lang='lat' dir='ltr'>temporis</span> <span class='ocrx_word' id='word_1_213' title='bbox 1137 1498 1282 1536; x_wconf 87' lang='lat' dir='ltr'>articulo</span> <span class='ocrx_word' id='word_1_214' title='bbox 1299 1528 1311 1546; x_wconf 87' lang='lat'>‚</span> 
     </span>
     <span class='ocr_line' id='line_1_26' title="bbox 277 1553 1310 1604; baseline -0.002 -12"><span class='ocrx_word' id='word_1_215' title='bbox 277 1585 301 1604; x_wconf 80' lang='lat'>„</span> <span class='ocrx_word' id='word_1_216' title='bbox 399 1588 402 1590; x_wconf 92' lang='lat'>.</span> <span class='ocrx_word' id='word_1_217' title='bbox 431 1564 468 1592; x_wconf 91' lang='lat' dir='ltr'>vt</span> <span class='ocrx_word' id='word_1_218' title='bbox 490 1554 712 1591; x_wconf 86' lang='lat' dir='ltr'>Thesaurum</span> <span class='ocrx_word' id='word_1_219' title='bbox 740 1553 835 1590; x_wconf 91' lang='lat' dir='ltr'>hunc</span> <span class='ocrx_word' id='word_1_220' title='bbox 857 1553 1014 1591; x_wconf 87' lang='lat' dir='ltr'>nostrum</span> <span class='ocrx_word' id='word_1_221' title='bbox 1038 1556 1098 1591; x_wconf 83' lang='lat' dir='ltr'>vix</span> <span class='ocrx_word' id='word_1_222' title='bbox 1131 1553 1310 1590; x_wconf 81' lang='lat' dir='ltr'>credendis</span> 
     </span>
     <span class='ocr_line' id='line_1_27' title="bbox 280 1607 1311 1659; baseline 0 -14"><span class='ocrx_word' id='word_1_223' title='bbox 280 1640 303 1659; x_wconf 80' lang='lat'><strong>„</strong></span> <span class='ocrx_word' id='word_1_224' title='bbox 321 1608 495 1647; x_wconf 78' lang='lat' dir='ltr'>laboribus</span> <span class='ocrx_word' id='word_1_225' title='bbox 509 1609 713 1658; x_wconf 83' lang='lat' dir='ltr'>congestum</span> <span class='ocrx_word' id='word_1_226' title='bbox 728 1608 869 1646; x_wconf 86' lang='lat' dir='ltr'>tandem</span> <span class='ocrx_word' id='word_1_227' title='bbox 894 1607 1076 1657; x_wconf 90' lang='lat' dir='ltr'>publicum</span> <span class='ocrx_word' id='word_1_228' title='bbox 1091 1607 1282 1646; x_wconf 86' lang='lat' dir='ltr'>faceremus</span> <span class='ocrx_word' id='word_1_229' title='bbox 1300 1636 1311 1654; x_wconf 89' lang='lat'>‚</span> 
     </span>
     <span class='ocr_line' id='line_1_28' title="bbox 279 1662 1311 1716; baseline -0.001 -15"><span class='ocrx_word' id='word_1_230' title='bbox 279 1694 302 1713; x_wconf 79' lang='lat'>„</span> <span class='ocrx_word' id='word_1_231' title='bbox 316 1666 459 1716; x_wconf 89' lang='lat' dir='ltr'>eiusque</span> <span class='ocrx_word' id='word_1_232' title='bbox 476 1667 525 1701; x_wconf 91' lang='lat' dir='ltr'>rei</span> <span class='ocrx_word' id='word_1_233' title='bbox 540 1662 630 1701; x_wconf 86' lang='lat' dir='ltr'>fama</span> <span class='ocrx_word' id='word_1_234' title='bbox 656 1664 866 1701; x_wconf 84' lang='lat' dir='ltr'>constantior</span> <span class='ocrx_word' id='word_1_235' title='bbox 888 1663 932 1700; x_wconf 84' lang='lat' dir='ltr'>ad</span> <span class='ocrx_word' id='word_1_236' title='bbox 952 1663 1084 1701; x_wconf 87' lang='lat' dir='ltr'>multos</span> <span class='ocrx_word' id='word_1_237' title='bbox 1106 1663 1286 1700; x_wconf 75' lang='lat' dir='ltr'>emanasset</span> <span class='ocrx_word' id='word_1_238' title='bbox 1303 1677 1311 1700; x_wconf 76' lang='grc' dir='ltr'>ε</span> 
     </span>
     <span class='ocr_line' id='line_1_29' title="bbox 280 1717 1311 1769; baseline 0 -13"><span class='ocrx_word' id='word_1_239' title='bbox 280 1750 303 1769; x_wconf 83' lang='lat'>„</span> <span class='ocrx_word' id='word_1_240' title='bbox 321 1732 402 1756; x_wconf 87' lang='lat' dir='ltr'>ecce</span> <span class='ocrx_word' id='word_1_241' title='bbox 418 1718 651 1764; x_wconf 85' lang='lat' dir='ltr'>commodum</span> <span class='ocrx_word' id='word_1_242' title='bbox 666 1747 676 1764; x_wconf 87' lang='lat'>‚</span> <span class='ocrx_word' id='word_1_243' title='bbox 709 1717 770 1754; x_wconf 79' lang='lat' dir='ltr'>nisi</span> <span class='ocrx_word' id='word_1_244' title='bbox 784 1717 881 1767; x_wconf 88' lang='lat' dir='ltr'>quod</span> <span class='ocrx_word' id='word_1_245' title='bbox 903 1730 976 1754; x_wconf 91' lang='lat' dir='ltr'>non</span> <span class='ocrx_word' id='word_1_246' title='bbox 998 1718 1074 1754; x_wconf 71' lang='lat' dir='ltr'>latis</span> <span class='ocrx_word' id='word_1_247' title='bbox 1095 1720 1132 1755; x_wconf 94' lang='lat' dir='ltr'>in</span> <span class='ocrx_word' id='word_1_248' title='bbox 1152 1728 1311 1768; x_wconf 89' lang='lat' dir='ltr'>tempore</span> 
     </span>
     <span class='ocr_line' id='line_1_30' title="bbox 278 1771 1309 1824; baseline 0 -14"><span class='ocrx_word' id='word_1_249' title='bbox 278 1804 303 1824; x_wconf 84' lang='lat'>„</span> <span class='ocrx_word' id='word_1_250' title='bbox 317 1774 473 1811; x_wconf 80' lang='lat' dir='ltr'>Andreas</span> <span class='ocrx_word' id='word_1_251' title='bbox 490 1771 710 1823; x_wconf 87' lang='lat' dir='ltr'>Tiraquellus</span> <span class='ocrx_word' id='word_1_252' title='bbox 725 1773 828 1820; x_wconf 80' lang='lat' dir='ltr'>Regis</span> <span class='ocrx_word' id='word_1_253' title='bbox 838 1771 1108 1811; x_wconf 84' lang='lat' dir='ltr'>Christianiffimi</span> <span class='ocrx_word' id='word_1_254' title='bbox 1132 1775 1167 1809; x_wconf 92' lang='lat' dir='ltr'>in</span> <span class='ocrx_word' id='word_1_255' title='bbox 1185 1777 1309 1810; x_wconf 84' lang='lat' dir='ltr'>Senatu</span> 
     </span>
     <span class='ocr_line' id='line_1_31' title="bbox 280 1826 1310 1877; baseline -0.001 -12"><span class='ocrx_word' id='word_1_256' title='bbox 280 1858 303 1877; x_wconf 83' lang='lat'>„</span> <span class='ocrx_word' id='word_1_257' title='bbox 319 1827 484 1866; x_wconf 76' lang='lat' dir='ltr'>Parilienfi</span> <span class='ocrx_word' id='word_1_258' title='bbox 505 1826 724 1865; x_wconf 87' lang='lat' dir='ltr'>Confiliarius</span> <span class='ocrx_word' id='word_1_259' title='bbox 741 1855 752 1873; x_wconf 90' lang='lat'>‚</span> <span class='ocrx_word' id='word_1_260' title='bbox 786 1828 839 1862; x_wconf 89' lang='lat' dir='ltr'>vir</span> <span class='ocrx_word' id='word_1_261' title='bbox 860 1829 964 1864; x_wconf 67' lang='lat' dir='ltr'>etiarn</span> <span class='ocrx_word' id='word_1_262' title='bbox 987 1826 1081 1864; x_wconf 87' lang='lat' dir='ltr'>libris</span> <span class='ocrx_word' id='word_1_263' title='bbox 1102 1827 1202 1864; x_wconf 90' lang='lat' dir='ltr'>editis</span> <span class='ocrx_word' id='word_1_264' title='bbox 1231 1826 1310 1864; x_wconf 90' lang='lat' dir='ltr'>orbi</span> 
     </span>
     <span class='ocr_line' id='line_1_32' title="bbox 281 1881 1311 1934; baseline -0.002 -14"><span class='ocrx_word' id='word_1_265' title='bbox 281 1881 422 1934; x_wconf 80' lang='lat' dir='ltr'>„notus</span> <span class='ocrx_word' id='word_1_266' title='bbox 437 1912 448 1930; x_wconf 85' lang='lat'><strong><em>,</em></strong></span> <span class='ocrx_word' id='word_1_267' title='bbox 482 1881 652 1931; x_wconf 85' lang='lat' dir='ltr'>Aegidius</span> <span class='ocrx_word' id='word_1_268' title='bbox 684 1893 826 1932; x_wconf 90' lang='lat' dir='ltr'>quoque</span> <span class='ocrx_word' id='word_1_269' title='bbox 851 1883 1009 1924; x_wconf 75' lang='lat' dir='ltr'>Pertinus</span> <span class='ocrx_word' id='word_1_270' title='bbox 1041 1881 1197 1918; x_wconf 86' lang='lat' dir='ltr'>officialis</span> <span class='ocrx_word' id='word_1_271' title='bbox 1221 1884 1311 1919; x_wconf 87' lang='lat' dir='ltr'>Iosa-</span> 
     </span>
     <span class='ocr_line' id='line_1_33' title="bbox 282 1933 1310 1988; baseline -0.003 -13"><span class='ocrx_word' id='word_1_272' title='bbox 282 1966 306 1987; x_wconf 76' lang='lat'><strong>„</strong></span> <span class='ocrx_word' id='word_1_273' title='bbox 322 1940 389 1975; x_wconf 90' lang='lat' dir='ltr'>tius</span> <span class='ocrx_word' id='word_1_274' title='bbox 403 1968 414 1985; x_wconf 87' lang='lat'>,</span> <span class='ocrx_word' id='word_1_275' title='bbox 449 1947 483 1975; x_wconf 88' lang='lat' dir='ltr'>et</span> <span class='ocrx_word' id='word_1_276' title='bbox 506 1936 651 1975; x_wconf 88' lang='lat' dir='ltr'>Iacobus</span> <span class='ocrx_word' id='word_1_277' title='bbox 674 1934 874 1985; x_wconf 88' lang='lat' dir='ltr'>Goupylius</span> <span class='ocrx_word' id='word_1_278' title='bbox 897 1933 1089 1988; x_wconf 73' lang='grc' dir='ltr'><em>φιλίοιτρος</em></span> <span class='ocrx_word' id='word_1_279' title='bbox 1103 1937 1121 1983; x_wconf 71' lang='lat'>⁵,</span> <span class='ocrx_word' id='word_1_280' title='bbox 1155 1934 1215 1973; x_wconf 84' lang='lat' dir='ltr'>abs</span> <span class='ocrx_word' id='word_1_281' title='bbox 1237 1948 1310 1986; x_wconf 92' lang='lat' dir='ltr'>quo</span> 
     </span>
     <span class='ocr_line' id='line_1_34' title="bbox 280 1989 1311 2043; baseline -0.004 -13"><span class='ocrx_word' id='word_1_282' title='bbox 280 2024 302 2043; x_wconf 78' lang='lat'>‚,</span> <span class='ocrx_word' id='word_1_283' title='bbox 319 1993 436 2030; x_wconf 90' lang='lat' dir='ltr'>sumus</span> <span class='ocrx_word' id='word_1_284' title='bbox 458 2005 530 2030; x_wconf 89' lang='lat' dir='ltr'>non</span> <span class='ocrx_word' id='word_1_285' title='bbox 548 1992 772 2029; x_wconf 84' lang='lat' dir='ltr'>mediocriter</span> <span class='ocrx_word' id='word_1_286' title='bbox 786 1990 920 2038; x_wconf 85' lang='lat' dir='ltr'>adiuti,</span> <span class='ocrx_word' id='word_1_287' title='bbox 954 1989 1075 2028; x_wconf 74' lang='lat' dir='ltr'>iedulo</span> <span class='ocrx_word' id='word_1_288' title='bbox 1097 2003 1162 2027; x_wconf 90' lang='lat' dir='ltr'>nos</span> <span class='ocrx_word' id='word_1_289' title='bbox 1191 1991 1311 2027; x_wconf 85' lang='lat' dir='ltr'>admo-</span> 
     </span>
     <span class='ocr_line' id='line_1_35' title="bbox 279 2045 1315 2098; baseline -0.005 -12"><span class='ocrx_word' id='word_1_290' title='bbox 279 2078 301 2095; x_wconf 80' lang='lat'>„</span> <span class='ocrx_word' id='word_1_291' title='bbox 317 2057 476 2095; x_wconf 76' lang='lat' dir='ltr'>fluerunt,</span> <span class='ocrx_word' id='word_1_292' title='bbox 503 2047 568 2085; x_wconf 86' lang='lat' dir='ltr'>effe</span> <span class='ocrx_word' id='word_1_293' title='bbox 593 2046 762 2098; x_wconf 79' lang='lat' dir='ltr'>quaedam</span> <span class='ocrx_word' id='word_1_294' title='bbox 787 2045 878 2094; x_wconf 86' lang='lat' dir='ltr'>apud</span> <span class='ocrx_word' id='word_1_295' title='bbox 906 2045 940 2083; x_wconf 80' lang='lat' dir='ltr'>se</span> <span class='ocrx_word' id='word_1_296' title='bbox 968 2045 1072 2083; x_wconf 93' lang='lat' dir='ltr'>huius</span> <span class='ocrx_word' id='word_1_297' title='bbox 1100 2047 1315 2093; x_wconf 82' lang='lat' dir='ltr'>argumenti,</span> 
     </span>
     <span class='ocr_line' id='line_1_36' title="bbox 279 2101 1313 2154; baseline -0.004 -13"><span class='ocrx_word' id='word_1_298' title='bbox 279 2134 302 2153; x_wconf 82' lang='lat'>‚‚</span> <span class='ocrx_word' id='word_1_299' title='bbox 318 2117 391 2141; x_wconf 91' lang='lat' dir='ltr'>non</span> <span class='ocrx_word' id='word_1_300' title='bbox 412 2103 561 2151; x_wconf 80' lang='lat' dir='ltr'>indigna,</span> <span class='ocrx_word' id='word_1_301' title='bbox 578 2114 664 2154; x_wconf 87' lang='lat' dir='ltr'>quae</span> <span class='ocrx_word' id='word_1_302' title='bbox 679 2101 738 2138; x_wconf 89' lang='lat' dir='ltr'>hic</span> <span class='ocrx_word' id='word_1_303' title='bbox 762 2112 904 2152; x_wconf 87' lang='lat' dir='ltr'>quoque</span> <span class='ocrx_word' id='word_1_304' title='bbox 928 2102 1218 2150; x_wconf 86' lang='lat' dir='ltr'>appingerentur:</span> <span class='ocrx_word' id='word_1_305' title='bbox 1251 2112 1313 2137; x_wconf 92' lang='lat' dir='ltr'>eo-</span> 
     </span>
     <span class='ocr_line' id='line_1_37' title="bbox 279 2154 1309 2209; baseline -0.004 -13"><span class='ocrx_word' id='word_1_306' title='bbox 279 2188 302 2208; x_wconf 81' lang='lat'>„</span> <span class='ocrx_word' id='word_1_307' title='bbox 316 2171 476 2209; x_wconf 78' lang='lat' dir='ltr'>rumque,</span> <span class='ocrx_word' id='word_1_308' title='bbox 490 2156 512 2194; x_wconf 91' lang='lat' dir='ltr'><strong>fi</strong></span> <span class='ocrx_word' id='word_1_309' title='bbox 526 2156 627 2195; x_wconf 90' lang='lat' dir='ltr'>nobis</span> <span class='ocrx_word' id='word_1_310' title='bbox 644 2159 689 2194; x_wconf 86' lang='lat' dir='ltr'>ita</span> <span class='ocrx_word' id='word_1_311' title='bbox 704 2155 897 2203; x_wconf 88' lang='lat' dir='ltr'>videretur,</span> <span class='ocrx_word' id='word_1_312' title='bbox 924 2154 1230 2193; x_wconf 86' lang='lat' dir='ltr'>exscribendorum</span> <span class='ocrx_word' id='word_1_313' title='bbox 1244 2167 1309 2204; x_wconf 89' lang='lat' dir='ltr'>po-</span> 
     </span>
     <span class='ocr_line' id='line_1_38' title="bbox 279 2211 1308 2263; baseline -0.005 -12"><span class='ocrx_word' id='word_1_314' title='bbox 279 2243 301 2263; x_wconf 84' lang='lat'>„</span> <span class='ocrx_word' id='word_1_315' title='bbox 318 2214 472 2251; x_wconf 88' lang='lat' dir='ltr'>testatem</span> <span class='ocrx_word' id='word_1_316' title='bbox 482 2212 515 2250; x_wconf 88' lang='lat' dir='ltr'>se</span> <span class='ocrx_word' id='word_1_317' title='bbox 523 2211 676 2250; x_wconf 64' lang='lat' dir='ltr'>fadiuros</span> <span class='ocrx_word' id='word_1_318' title='bbox 693 2211 785 2248; x_wconf 90' lang='lat' dir='ltr'>vltro</span> <span class='ocrx_word' id='word_1_319' title='bbox 800 2219 1012 2260; x_wconf 88' lang='lat' dir='ltr'>receperunt.</span> <span class='ocrx_word' id='word_1_320' title='bbox 1044 2241 1046 2243; x_wconf 87' lang='lat'>.</span> <span class='ocrx_word' id='word_1_321' title='bbox 1070 2213 1174 2247; x_wconf 82' lang='lat' dir='ltr'>Erant</span> <span class='ocrx_word' id='word_1_322' title='bbox 1190 2218 1308 2247; x_wconf 85' lang='lat' dir='ltr'>autem</span> 
     </span>
     <span class='ocr_line' id='line_1_39' title="bbox 277 2263 1308 2317; baseline -0.003 -12"><span class='ocrx_word' id='word_1_323' title='bbox 277 2297 303 2317; x_wconf 81' lang='grc'>,,</span> <span class='ocrx_word' id='word_1_324' title='bbox 319 2271 355 2306; x_wconf 91' lang='lat' dir='ltr'>in</span> <span class='ocrx_word' id='word_1_325' title='bbox 378 2267 546 2305; x_wconf 90' lang='lat' dir='ltr'>librorum</span> <span class='ocrx_word' id='word_1_326' title='bbox 562 2269 732 2316; x_wconf 82' lang='lat' dir='ltr'>margines</span> <span class='ocrx_word' id='word_1_327' title='bbox 746 2265 965 2304; x_wconf 85' lang='lat' dir='ltr'>tumultuaria</span> <span class='ocrx_word' id='word_1_328' title='bbox 978 2294 990 2312; x_wconf 85' lang='lat'>‚</span> <span class='ocrx_word' id='word_1_329' title='bbox 1016 2274 1054 2302; x_wconf 92' lang='lat' dir='ltr'>vt</span> <span class='ocrx_word' id='word_1_330' title='bbox 1072 2263 1144 2302; x_wconf 87' lang='lat' dir='ltr'>fere</span> <span class='ocrx_word' id='word_1_331' title='bbox 1165 2265 1204 2303; x_wconf 84' lang='lat' dir='ltr'>fit</span> <span class='ocrx_word' id='word_1_332' title='bbox 1221 2294 1231 2312; x_wconf 93' lang='lat'>‚</span> <span class='ocrx_word' id='word_1_333' title='bbox 1259 2264 1308 2302; x_wconf 81' lang='lat' dir='ltr'>le-</span> 
     </span>
     <span class='ocr_line' id='line_1_40' title="bbox 279 2318 1311 2372; baseline -0.004 -11"><span class='ocrx_word' id='word_1_334' title='bbox 279 2353 303 2372; x_wconf 81' lang='lat'>„</span> <span class='ocrx_word' id='word_1_335' title='bbox 318 2323 436 2361; x_wconf 62' lang='lat' dir='ltr'>{tione</span> <span class='ocrx_word' id='word_1_336' title='bbox 453 2322 628 2372; x_wconf 87' lang='lat' dir='ltr'>adscripta.</span> <span class='ocrx_word' id='word_1_337' title='bbox 692 2325 767 2370; x_wconf 85' lang='lat' dir='ltr'>Ego</span> <span class='ocrx_word' id='word_1_338' title='bbox 783 2334 868 2358; x_wconf 91' lang='lat' dir='ltr'>vero</span> <span class='ocrx_word' id='word_1_339' title='bbox 884 2319 972 2359; x_wconf 91' lang='lat' dir='ltr'>nihil</span> <span class='ocrx_word' id='word_1_340' title='bbox 987 2334 1113 2359; x_wconf 89' lang='lat' dir='ltr'>eorum</span> <span class='ocrx_word' id='word_1_341' title='bbox 1133 2318 1311 2370; x_wconf 70' lang='lat' dir='ltr'>neglecstu-</span> 
     </span>
     <span class='ocr_line' id='line_1_41' title="bbox 278 2375 1311 2429; baseline -0.004 -13"><span class='ocrx_word' id='word_1_342' title='bbox 278 2408 301 2427; x_wconf 89' lang='lat'>„</span> <span class='ocrx_word' id='word_1_343' title='bbox 317 2391 385 2420; x_wconf 89' lang='lat' dir='ltr'>rus,</span> <span class='ocrx_word' id='word_1_344' title='bbox 399 2390 487 2429; x_wconf 87' lang='lat' dir='ltr'>quae</span> <span class='ocrx_word' id='word_1_345' title='bbox 501 2378 574 2415; x_wconf 87' lang='lat' dir='ltr'>vsui</span> <span class='ocrx_word' id='word_1_346' title='bbox 590 2376 668 2415; x_wconf 87' lang='lat' dir='ltr'>fore</span> <span class='ocrx_word' id='word_1_347' title='bbox 683 2375 836 2414; x_wconf 73' lang='lat' dir='ltr'>studiosis</span> <span class='ocrx_word' id='word_1_348' title='bbox 859 2375 1086 2425; x_wconf 85' lang='lat' dir='ltr'>intelligerem</span> <span class='ocrx_word' id='word_1_349' title='bbox 1103 2406 1114 2423; x_wconf 95' lang='lat'>‚</span> <span class='ocrx_word' id='word_1_350' title='bbox 1149 2385 1311 2425; x_wconf 86' lang='lat' dir='ltr'>acceptos</span> 
     </span>
     <span class='ocr_line' id='line_1_42' title="bbox 279 2432 1310 2483; baseline -0.003 -12"><span class='ocrx_word' id='word_1_351' title='bbox 279 2463 303 2482; x_wconf 85' lang='lat'>„</span> <span class='ocrx_word' id='word_1_352' title='bbox 317 2433 358 2471; x_wconf 81' lang='lat' dir='ltr'>ab</span> <span class='ocrx_word' id='word_1_353' title='bbox 374 2436 423 2470; x_wconf 91' lang='lat' dir='ltr'>eis</span> <span class='ocrx_word' id='word_1_354' title='bbox 448 2433 589 2471; x_wconf 88' lang='lat' dir='ltr'>codices</span> <span class='ocrx_word' id='word_1_355' title='bbox 609 2432 783 2481; x_wconf 83' lang='lat' dir='ltr'>diligentia</span> <span class='ocrx_word' id='word_1_356' title='bbox 797 2440 922 2483; x_wconf 86' lang='lat' dir='ltr'>quanta</span> <span class='ocrx_word' id='word_1_357' title='bbox 944 2434 1046 2481; x_wconf 90' lang='lat' dir='ltr'>potui</span> <span class='ocrx_word' id='word_1_358' title='bbox 1060 2433 1209 2469; x_wconf 86' lang='lat' dir='ltr'>maxima</span> <span class='ocrx_word' id='word_1_359' title='bbox 1233 2444 1310 2480; x_wconf 88' lang='lat' dir='ltr'>per-</span> 
     </span>
     <span class='ocr_line' id='line_1_43' title="bbox 278 2485 1310 2539; baseline -0.003 -13"><span class='ocrx_word' id='word_1_360' title='bbox 278 2516 303 2538; x_wconf 80' lang='lat'>„</span> <span class='ocrx_word' id='word_1_361' title='bbox 317 2488 455 2526; x_wconf 86' lang='lat' dir='ltr'>lustraui</span> <span class='ocrx_word' id='word_1_362' title='bbox 472 2501 480 2524; x_wconf 91' lang='lat'>:</span> <span class='ocrx_word' id='word_1_363' title='bbox 513 2500 602 2539; x_wconf 88' lang='lat' dir='ltr'>quae</span> <span class='ocrx_word' id='word_1_364' title='bbox 615 2487 682 2525; x_wconf 73' lang='lat' dir='ltr'>visa</span> <span class='ocrx_word' id='word_1_365' title='bbox 696 2487 823 2524; x_wconf 88' lang='lat' dir='ltr'>suntin</span> <span class='ocrx_word' id='word_1_366' title='bbox 837 2500 910 2524; x_wconf 91' lang='lat' dir='ltr'>rem</span> <span class='ocrx_word' id='word_1_367' title='bbox 931 2496 1026 2524; x_wconf 87' lang='lat' dir='ltr'>tuam</span> <span class='ocrx_word' id='word_1_368' title='bbox 1049 2485 1164 2524; x_wconf 88' lang='lat' dir='ltr'>futura</span> <span class='ocrx_word' id='word_1_369' title='bbox 1178 2517 1189 2534; x_wconf 87' lang='lat'>‚</span> <span class='ocrx_word' id='word_1_370' title='bbox 1217 2488 1310 2526; x_wconf 89' lang='lat' dir='ltr'>Can-</span> 
     </span>
     <span class='ocr_line' id='line_1_44' title="bbox 280 2540 1310 2593; baseline -0.002 -12"><span class='ocrx_word' id='word_1_371' title='bbox 280 2572 305 2593; x_wconf 83' lang='lat'>„</span> <span class='ocrx_word' id='word_1_372' title='bbox 321 2544 403 2581; x_wconf 92' lang='lat' dir='ltr'>dide</span> <span class='ocrx_word' id='word_1_373' title='bbox 418 2540 528 2580; x_wconf 70' lang='grc' dir='ltr'>]Εᾶοτ</span> <span class='ocrx_word' id='word_1_374' title='bbox 545 2571 555 2590; x_wconf 81' lang='lat'>‚</span> <span class='ocrx_word' id='word_1_375' title='bbox 591 2554 629 2578; x_wconf 84' lang='lat' dir='ltr'>ea</span> <span class='ocrx_word' id='word_1_376' title='bbox 649 2544 810 2591; x_wconf 85' lang='lat' dir='ltr'>protinus</span> <span class='ocrx_word' id='word_1_377' title='bbox 824 2541 973 2592; x_wconf 87' lang='lat' dir='ltr'>excerpfi</span> <span class='ocrx_word' id='word_1_378' title='bbox 987 2572 997 2588; x_wconf 84' lang='lat'>,</span> <span class='ocrx_word' id='word_1_379' title='bbox 1032 2552 1134 2593; x_wconf 91' lang='lat' dir='ltr'>atque</span> <span class='ocrx_word' id='word_1_380' title='bbox 1155 2542 1310 2579; x_wconf 88' lang='lat' dir='ltr'>seorsum</span> 
     </span>
     <span class='ocr_line' id='line_1_45' title="bbox 280 2595 1310 2649; baseline -0.003 -13"><span class='ocrx_word' id='word_1_381' title='bbox 280 2628 302 2648; x_wconf 83' lang='lat'>‚‚</span> <span class='ocrx_word' id='word_1_382' title='bbox 318 2600 355 2636; x_wconf 93' lang='lat' dir='ltr'>in</span> <span class='ocrx_word' id='word_1_383' title='bbox 369 2598 438 2636; x_wconf 86' lang='lat' dir='ltr'>hos</span> <span class='ocrx_word' id='word_1_384' title='bbox 454 2598 697 2649; x_wconf 85' lang='lat' dir='ltr'>quaterniones</span> <span class='ocrx_word' id='word_1_385' title='bbox 713 2596 845 2633; x_wconf 89' lang='lat' dir='ltr'>contuli</span> <span class='ocrx_word' id='word_1_386' title='bbox 861 2611 868 2633; x_wconf 89' lang='lat'>:</span> <span class='ocrx_word' id='word_1_387' title='bbox 903 2598 1078 2645; x_wconf 86' lang='lat' dir='ltr'>grandiori</span> <span class='ocrx_word' id='word_1_388' title='bbox 1094 2597 1237 2649; x_wconf 85' lang='lat' dir='ltr'>quidem</span> <span class='ocrx_word' id='word_1_389' title='bbox 1253 2595 1310 2634; x_wconf 85' lang='lat' dir='ltr'>illa</span> 
     </span>
     <span class='ocr_line' id='line_1_46' title="bbox 279 2650 1309 2703; baseline -0.004 -12"><span class='ocrx_word' id='word_1_390' title='bbox 279 2683 303 2702; x_wconf 84' lang='lat'>‚,</span> <span class='ocrx_word' id='word_1_391' title='bbox 319 2652 509 2699; x_wconf 84' lang='lat' dir='ltr'>volumini,</span> <span class='ocrx_word' id='word_1_392' title='bbox 535 2651 599 2689; x_wconf 89' lang='lat' dir='ltr'>suo</span> <span class='ocrx_word' id='word_1_393' title='bbox 614 2650 780 2703; x_wconf 87' lang='lat' dir='ltr'>quodque</span> <span class='ocrx_word' id='word_1_394' title='bbox 798 2650 901 2696; x_wconf 85' lang='lat' dir='ltr'>loco,</span> <span class='ocrx_word' id='word_1_395' title='bbox 928 2652 1132 2698; x_wconf 81' lang='lat' dir='ltr'>inserturus,</span> <span class='ocrx_word' id='word_1_396' title='bbox 1155 2651 1215 2689; x_wconf 86' lang='lat' dir='ltr'>nifi</span> <span class='ocrx_word' id='word_1_397' title='bbox 1232 2652 1309 2688; x_wconf 84' lang='lat' dir='ltr'>sero</span> 
     </span>
     <span class='ocr_line' id='line_1_47' title="bbox 280 2703 1309 2757; baseline -0.004 -11"><span class='ocrx_word' id='word_1_398' title='bbox 280 2738 303 2757; x_wconf 88' lang='lat'>,‚</span> <span class='ocrx_word' id='word_1_399' title='bbox 319 2709 362 2746; x_wconf 81' lang='lat' dir='ltr'>ad</span> <span class='ocrx_word' id='word_1_400' title='bbox 379 2720 444 2746; x_wconf 90' lang='lat' dir='ltr'>nos</span> <span class='ocrx_word' id='word_1_401' title='bbox 458 2706 698 2757; x_wconf 71' lang='lat' dir='ltr'>peruenissent.</span> <span class='ocrx_word' id='word_1_402' title='bbox 751 2703 912 2747; x_wconf 82' lang='lat' dir='ltr'>Habebat</span> <span class='ocrx_word' id='word_1_403' title='bbox 929 2715 963 2743; x_wconf 93' lang='lat' dir='ltr'>et</span> <span class='ocrx_word' id='word_1_404' title='bbox 977 2709 1122 2744; x_wconf 83' lang='lat' dir='ltr'>Ioannes</span> <span class='ocrx_word' id='word_1_405' title='bbox 1131 2705 1309 2744; x_wconf 89' lang='lat' dir='ltr'>Theodo-</span> 
     </span>
     <span class='ocr_line' id='line_1_48' title="bbox 279 2759 1309 2812; baseline -0.003 -12"><span class='ocrx_word' id='word_1_406' title='bbox 279 2792 304 2812; x_wconf 80' lang='lat'>‚,</span> <span class='ocrx_word' id='word_1_407' title='bbox 318 2765 409 2800; x_wconf 89' lang='lat' dir='ltr'>ricus</span> <span class='ocrx_word' id='word_1_408' title='bbox 424 2761 626 2800; x_wconf 84' lang='lat' dir='ltr'>Bellouacus</span> <span class='ocrx_word' id='word_1_409' title='bbox 641 2791 652 2809; x_wconf 91' lang='lat'><strong>,</strong></span> <span class='ocrx_word' id='word_1_410' title='bbox 686 2762 744 2798; x_wconf 90' lang='lat' dir='ltr'>cui</span> <span class='ocrx_word' id='word_1_411' title='bbox 765 2760 954 2810; x_wconf 88' lang='lat' dir='ltr'>plurimum</span> <span class='ocrx_word' id='word_1_412' title='bbox 977 2759 1106 2797; x_wconf 90' lang='lat' dir='ltr'>debent</span> <span class='ocrx_word' id='word_1_413' title='bbox 1134 2768 1309 2811; x_wconf 87' lang='lat' dir='ltr'>quotquot</span> 
     </span>
     <span class='ocr_line' id='line_1_49' title="bbox 278 2815 1309 2866; baseline -0.004 -11"><span class='ocrx_word' id='word_1_414' title='bbox 278 2847 302 2866; x_wconf 86' lang='lat'><strong>„</strong></span> <span class='ocrx_word' id='word_1_415' title='bbox 316 2817 407 2856; x_wconf 87' lang='lat' dir='ltr'>vsuri</span> <span class='ocrx_word' id='word_1_416' title='bbox 428 2817 506 2854; x_wconf 89' lang='lat' dir='ltr'>sunt</span> <span class='ocrx_word' id='word_1_417' title='bbox 531 2817 650 2854; x_wconf 89' lang='lat' dir='ltr'>nostro</span> <span class='ocrx_word' id='word_1_418' title='bbox 674 2815 856 2854; x_wconf 67' lang='lat' dir='ltr'>Thesauro</span> <span class='ocrx_word' id='word_1_419' title='bbox 872 2845 883 2862; x_wconf 93' lang='lat'>,</span> <span class='ocrx_word' id='word_1_420' title='bbox 917 2828 989 2852; x_wconf 92' lang='lat' dir='ltr'>non</span> <span class='ocrx_word' id='word_1_421' title='bbox 1013 2826 1120 2864; x_wconf 83' lang='lat' dir='ltr'>pauca</span> <span class='ocrx_word' id='word_1_422' title='bbox 1136 2843 1147 2861; x_wconf 83' lang='lat'>,</span> <span class='ocrx_word' id='word_1_423' title='bbox 1178 2815 1309 2863; x_wconf 85' lang='lat' dir='ltr'>potiffi-</span> 
     </span>
     <span class='ocr_line' id='line_1_50' title="bbox 278 2867 1309 2922; baseline -0.006 -11"><span class='ocrx_word' id='word_1_424' title='bbox 278 2902 300 2921; x_wconf 80' lang='lat'>‚‚</span> <span class='ocrx_word' id='word_1_425' title='bbox 316 2885 416 2911; x_wconf 91' lang='lat' dir='ltr'>mum</span> <span class='ocrx_word' id='word_1_426' title='bbox 431 2885 475 2910; x_wconf 87' lang='lat' dir='ltr'>ex</span> <span class='ocrx_word' id='word_1_427' title='bbox 489 2871 599 2910; x_wconf 88' lang='lat' dir='ltr'>Plinio</span> <span class='ocrx_word' id='word_1_428' title='bbox 620 2869 680 2909; x_wconf 89' lang='lat' dir='ltr'>fibi</span> <span class='ocrx_word' id='word_1_429' title='bbox 695 2872 858 2921; x_wconf 85' lang='lat' dir='ltr'>priuatim</span> <span class='ocrx_word' id='word_1_430' title='bbox 873 2870 1051 2922; x_wconf 88' lang='lat' dir='ltr'>quondam</span> <span class='ocrx_word' id='word_1_431' title='bbox 1073 2867 1194 2906; x_wconf 67' lang='lat' dir='ltr'>selesta</span> <span class='ocrx_word' id='word_1_432' title='bbox 1210 2897 1222 2915; x_wconf 86' lang='lat'>‚</span> <span class='ocrx_word' id='word_1_433' title='bbox 1249 2869 1309 2906; x_wconf 89' lang='lat' dir='ltr'>sed</span> 
     </span>
     <span class='ocr_line' id='line_1_51' title="bbox 279 2925 1309 2975; baseline -0.006 -9"><span class='ocrx_word' id='word_1_434' title='bbox 279 2927 561 2975; x_wconf 76' lang='lat' dir='ltr'>„inter-chartas</span> <span class='ocrx_word' id='word_1_435' title='bbox 591 2927 638 2963; x_wconf 84' lang='lat' dir='ltr'>ita</span> <span class='ocrx_word' id='word_1_436' title='bbox 668 2925 803 2964; x_wconf 84' lang='lat' dir='ltr'>latentia</span> <span class='ocrx_word' id='word_1_437' title='bbox 819 2955 829 2973; x_wconf 91' lang='lat'>,</span> <span class='ocrx_word' id='word_1_438' title='bbox 866 2934 904 2962; x_wconf 93' lang='lat' dir='ltr'>vt</span> <span class='ocrx_word' id='word_1_439' title='bbox 927 2938 1000 2962; x_wconf 90' lang='lat' dir='ltr'>non</span> <span class='ocrx_word' id='word_1_440' title='bbox 1027 2925 1309 2973; x_wconf 83' lang='lat' dir='ltr'>comparuerint,</span> 
     </span>
     <span class='ocr_line' id='line_1_52' title="bbox 279 2977 1308 3031; baseline -0.003 -13"><span class='ocrx_word' id='word_1_441' title='bbox 279 3010 303 3028; x_wconf 89' lang='lat'><strong>„</strong></span> <span class='ocrx_word' id='word_1_442' title='bbox 317 2982 376 3020; x_wconf 89' lang='lat' dir='ltr'>nifi</span> <span class='ocrx_word' id='word_1_443' title='bbox 389 2981 549 3021; x_wconf 86' lang='lat' dir='ltr'>vniuerso</span> <span class='ocrx_word' id='word_1_444' title='bbox 566 2994 674 3031; x_wconf 88' lang='lat' dir='ltr'>opere</span> <span class='ocrx_word' id='word_1_445' title='bbox 689 2994 800 3031; x_wconf 90' lang='lat' dir='ltr'>prope</span> <span class='ocrx_word' id='word_1_446' title='bbox 816 2979 982 3030; x_wconf 62' lang='lat' dir='ltr'>perfet‘to.</span> <span class='ocrx_word' id='word_1_447' title='bbox 1037 2982 1083 3017; x_wconf 89' lang='lat' dir='ltr'>Ea</span> <span class='ocrx_word' id='word_1_448' title='bbox 1100 2979 1239 3016; x_wconf 88' lang='lat' dir='ltr'>tandem</span> <span class='ocrx_word' id='word_1_449' title='bbox 1249 2977 1308 3015; x_wconf 89' lang='lat' dir='ltr'>vbi</span> 
     </span>
     <span class='ocr_line' id='line_1_53' title="bbox 279 3035 1307 3089; baseline -0.004 -15"><span class='ocrx_word' id='word_1_450' title='bbox 279 3063 304 3084; x_wconf 88' lang='lat'>„</span> <span class='ocrx_word' id='word_1_451' title='bbox 316 3047 452 3086; x_wconf 79' lang='lat' dir='ltr'>praeter</span> <span class='ocrx_word' id='word_1_452' title='bbox 462 3038 558 3089; x_wconf 89' lang='lat' dir='ltr'>spem</span> <span class='ocrx_word' id='word_1_453' title='bbox 572 3037 784 3075; x_wconf 88' lang='lat' dir='ltr'>emerserunt</span> <span class='ocrx_word' id='word_1_454' title='bbox 797 3065 808 3083; x_wconf 86' lang='lat'>‚</span> <span class='ocrx_word' id='word_1_455' title='bbox 840 3035 989 3074; x_wconf 73' lang='lat' dir='ltr'>studiose</span> <span class='ocrx_word' id='word_1_456' title='bbox 1004 3035 1213 3083; x_wconf 88' lang='lat' dir='ltr'>recognouit</span> <span class='ocrx_word' id='word_1_457' title='bbox 1226 3062 1239 3082; x_wconf 88' lang='lat'>‚</span> <span class='ocrx_word' id='word_1_458' title='bbox 1271 3042 1307 3071; x_wconf 89' lang='lat' dir='ltr'>et</span> 
     </span>
    </p>
   </div>
   <div class='ocr_carea' id='block_1_5' title="bbox 1375 156 2396 534">
    <p class='ocr_par' dir='ltr' id='par_1_5' title="bbox 1375 156 2396 534">
     <span class='ocr_line' id='line_1_54' title="bbox 1375 156 2394 204; baseline 0.005 -13"><span class='ocrx_word' id='word_1_459' title='bbox 1375 164 1450 204; x_wconf 83' lang='lat' dir='ltr'>„vt</span> <span class='ocrx_word' id='word_1_460' title='bbox 1464 158 1558 204; x_wconf 91' lang='lat' dir='ltr'>prius</span> <span class='ocrx_word' id='word_1_461' title='bbox 1580 157 1664 195; x_wconf 89' lang='lat' dir='ltr'>illud</span> <span class='ocrx_word' id='word_1_462' title='bbox 1681 156 1890 195; x_wconf 87' lang='lat' dir='ltr'>beneficium</span> <span class='ocrx_word' id='word_1_463' title='bbox 1913 156 1968 195; x_wconf 87' lang='lat' dir='ltr'>vel</span> <span class='ocrx_word' id='word_1_464' title='bbox 1990 156 2056 194; x_wconf 84' lang='lat' dir='ltr'>hac</span> <span class='ocrx_word' id='word_1_465' title='bbox 2076 158 2265 196; x_wconf 80' lang='lat' dir='ltr'>cumularet</span> <span class='ocrx_word' id='word_1_466' title='bbox 2287 160 2394 196; x_wconf 71' lang='lat' dir='ltr'>aceess</span> 
     </span>
     <span class='ocr_line' id='line_1_55' title="bbox 1376 209 2393 263; baseline 0.003 -15"><span class='ocrx_word' id='word_1_467' title='bbox 1376 240 1400 259; x_wconf 83' lang='lat'>„</span> <span class='ocrx_word' id='word_1_468' title='bbox 1415 209 1507 248; x_wconf 79' lang='lat' dir='ltr'>sione</span> <span class='ocrx_word' id='word_1_469' title='bbox 1521 240 1539 258; x_wconf 14' lang='lat' dir='ltr'>,r</span> <span class='ocrx_word' id='word_1_470' title='bbox 1557 211 1694 260; x_wconf 84' lang='lat' dir='ltr'>publica</span> <span class='ocrx_word' id='word_1_471' title='bbox 1709 213 1774 250; x_wconf 78' lang='lat' dir='ltr'>&#39;effe</span> <span class='ocrx_word' id='word_1_472' title='bbox 1789 212 1910 251; x_wconf 85' lang='lat' dir='ltr'>voluit.</span> <span class='ocrx_word' id='word_1_473' title='bbox 1977 215 2051 249; x_wconf 88' lang='lat' dir='ltr'>Nos</span> <span class='ocrx_word' id='word_1_474' title='bbox 2076 225 2215 263; x_wconf 90' lang='lat' dir='ltr'>quoque</span> <span class='ocrx_word' id='word_1_475' title='bbox 2237 215 2393 262; x_wconf 89' lang='lat' dir='ltr'>suprema</span> 
     </span>
     <span class='ocr_line' id='line_1_56' title="bbox 1378 265 2394 317; baseline 0.005 -16"><span class='ocrx_word' id='word_1_476' title='bbox 1378 295 1400 314; x_wconf 83' lang='lat'>„</span> <span class='ocrx_word' id='word_1_477' title='bbox 1416 265 1498 302; x_wconf 86' lang='lat' dir='ltr'>huie</span> <span class='ocrx_word' id='word_1_478' title='bbox 1513 267 1611 313; x_wconf 85' lang='lat' dir='ltr'>operi</span> <span class='ocrx_word' id='word_1_479' title='bbox 1637 266 1792 317; x_wconf 79' lang='lat' dir='ltr'>imposita</span> <span class='ocrx_word' id='word_1_480' title='bbox 1813 280 1918 305; x_wconf 89' lang='lat' dir='ltr'>manu</span> <span class='ocrx_word' id='word_1_481' title='bbox 1939 295 1948 310; x_wconf 85' lang='lat'>‚</span> <span class='ocrx_word' id='word_1_482' title='bbox 1980 266 2143 304; x_wconf 87' lang='lat' dir='ltr'>omnibus</span> <span class='ocrx_word' id='word_1_483' title='bbox 2166 267 2394 306; x_wconf 81' lang='lat' dir='ltr'>bibliothecae</span> 
     </span>
     <span class='ocr_line' id='line_1_57' title="bbox 1379 317 2394 372; baseline 0.003 -15"><span class='ocrx_word' id='word_1_484' title='bbox 1379 350 1402 369; x_wconf 81' lang='lat'>‚,</span> <span class='ocrx_word' id='word_1_485' title='bbox 1417 321 1548 358; x_wconf 87' lang='lat' dir='ltr'>nostrae</span> <span class='ocrx_word' id='word_1_486' title='bbox 1563 317 1656 358; x_wconf 84' lang='lat' dir='ltr'>libris</span> <span class='ocrx_word' id='word_1_487' title='bbox 1675 321 1884 371; x_wconf 59' lang='lat' dir='ltr'>pertradiatis</span> <span class='ocrx_word' id='word_1_488' title='bbox 1900 332 1934 360; x_wconf 90' lang='lat' dir='ltr'>et</span> <span class='ocrx_word' id='word_1_489' title='bbox 1948 321 2099 360; x_wconf 87' lang='lat' dir='ltr'>euolutis</span> <span class='ocrx_word' id='word_1_490' title='bbox 2115 350 2126 368; x_wconf 82' lang='lat'>‚</span> <span class='ocrx_word' id='word_1_491' title='bbox 2162 333 2247 372; x_wconf 83' lang='lat' dir='ltr'>quae</span> <span class='ocrx_word' id='word_1_492' title='bbox 2265 322 2394 371; x_wconf 87' lang='lat' dir='ltr'>delapsa</span> 
     </span>
     <span class='ocr_line' id='line_1_58' title="bbox 1378 375 2395 427; baseline 0.001 -14"><span class='ocrx_word' id='word_1_493' title='bbox 1378 404 1401 424; x_wconf 86' lang='lat'>„</span> <span class='ocrx_word' id='word_1_494' title='bbox 1415 375 1555 413; x_wconf 86' lang='lat' dir='ltr'>alicuius</span> <span class='ocrx_word' id='word_1_495' title='bbox 1570 380 1740 416; x_wconf 83' lang='lat' dir='ltr'>momenti</span> <span class='ocrx_word' id='word_1_496' title='bbox 1756 377 1821 414; x_wconf 68' lang='lat' dir='ltr'>visti</span> <span class='ocrx_word' id='word_1_497' title='bbox 1840 377 1940 425; x_wconf 85' lang='lat' dir='ltr'>sunt,</span> <span class='ocrx_word' id='word_1_498' title='bbox 1975 389 2039 414; x_wconf 90' lang='lat' dir='ltr'>vna</span> <span class='ocrx_word' id='word_1_499' title='bbox 2060 389 2144 414; x_wconf 89' lang='lat' dir='ltr'>cum</span> <span class='ocrx_word' id='word_1_500' title='bbox 2160 375 2245 412; x_wconf 90' lang='lat' dir='ltr'>locis</span> <span class='ocrx_word' id='word_1_501' title='bbox 2263 376 2395 427; x_wconf 80' lang='lat' dir='ltr'>aliquot</span> 
     </span>
     <span class='ocr_line' id='line_1_59' title="bbox 1378 431 2396 480; baseline 0 -12"><span class='ocrx_word' id='word_1_502' title='bbox 1378 458 1401 478; x_wconf 86' lang='lat'>„</span> <span class='ocrx_word' id='word_1_503' title='bbox 1416 431 1603 479; x_wconf 85' lang='lat' dir='ltr'>corruptis,</span> <span class='ocrx_word' id='word_1_504' title='bbox 1624 442 1710 479; x_wconf 86' lang='lat' dir='ltr'>quae</span> <span class='ocrx_word' id='word_1_505' title='bbox 1723 433 1812 470; x_wconf 88' lang='lat' dir='ltr'>inter</span> <span class='ocrx_word' id='word_1_506' title='bbox 1839 432 2110 480; x_wconf 88' lang='lat' dir='ltr'>imprimendum</span> <span class='ocrx_word' id='word_1_507' title='bbox 2140 431 2370 468; x_wconf 84' lang='lat' dir='ltr'>animaduersa</span> <span class='ocrx_word' id='word_1_508' title='bbox 2386 461 2396 479; x_wconf 79' lang='lat'>,</span> 
     </span>
     <span class='ocr_line' id='line_1_60' title="bbox 1378 482 2396 534; baseline 0 -12"><span class='ocrx_word' id='word_1_509' title='bbox 1378 514 1400 532; x_wconf 85' lang='lat'>,‚</span> <span class='ocrx_word' id='word_1_510' title='bbox 1416 495 1450 522; x_wconf 89' lang='lat' dir='ltr'>et</span> <span class='ocrx_word' id='word_1_511' title='bbox 1467 486 1613 522; x_wconf 83' lang='lat' dir='ltr'>restituta</span> <span class='ocrx_word' id='word_1_512' title='bbox 1628 482 1760 522; x_wconf 85' lang='lat' dir='ltr'>fuerant</span> <span class='ocrx_word' id='word_1_513' title='bbox 1775 516 1785 533; x_wconf 89' lang='lat'>‚</span> <span class='ocrx_word' id='word_1_514' title='bbox 1819 487 1872 524; x_wconf 89' lang='lat' dir='ltr'>his</span> <span class='ocrx_word' id='word_1_515' title='bbox 1888 488 2153 524; x_wconf 85' lang='lat' dir='ltr'>interseruimus.</span> <span class='ocrx_word' id='word_1_516' title='bbox 2210 488 2311 522; x_wconf 89' lang='lat' dir='ltr'>Tuae</span> <span class='ocrx_word' id='word_1_517' title='bbox 2324 498 2396 534; x_wconf 80' lang='lat' dir='ltr'>par—</span> 
     </span>
    </p>
   </div>
   <div class='ocr_carea' id='block_1_6' title="bbox 1378 538 2470 590">
    <p class='ocr_par' dir='ltr' id='par_1_6' title="bbox 1378 538 2470 590">
     <span class='ocr_line' id='line_1_61' title="bbox 1378 538 2470 590; baseline 0.002 -14"><span class='ocrx_word' id='word_1_518' title='bbox 1378 567 1400 586; x_wconf 87' lang='lat'>„</span> <span class='ocrx_word' id='word_1_519' title='bbox 1417 550 1467 576; x_wconf 87' lang='lat' dir='ltr'>tes</span> <span class='ocrx_word' id='word_1_520' title='bbox 1488 550 1586 577; x_wconf 87' lang='lat' dir='ltr'>erunt</span> <span class='ocrx_word' id='word_1_521' title='bbox 1603 568 1613 586; x_wconf 84' lang='lat'>,</span> <span class='ocrx_word' id='word_1_522' title='bbox 1641 541 1748 576; x_wconf 84' lang='lat' dir='ltr'>amice</span> <span class='ocrx_word' id='word_1_523' title='bbox 1769 539 1878 579; x_wconf 71' lang='lat' dir='ltr'>ledtor</span> <span class='ocrx_word' id='word_1_524' title='bbox 1894 572 1905 589; x_wconf 82' lang='lat'>‚</span> <span class='ocrx_word' id='word_1_525' title='bbox 1940 552 1973 579; x_wconf 93' lang='lat' dir='ltr'>et</span> <span class='ocrx_word' id='word_1_526' title='bbox 1989 542 2078 580; x_wconf 88' lang='lat' dir='ltr'>hanc</span> <span class='ocrx_word' id='word_1_527' title='bbox 2095 553 2238 590; x_wconf 83' lang='lat' dir='ltr'>operam</span> <span class='ocrx_word' id='word_1_528' title='bbox 2262 538 2323 577; x_wconf 87' lang='lat' dir='ltr'>tibi</span> <span class='ocrx_word' id='word_1_529' title='bbox 2340 553 2411 587; x_wconf 74' lang='lat' dir='ltr'>na-¹</span> <span class='ocrx_word' id='word_1_530' title='bbox 2467 546 2470 548; x_wconf 86' lang='lat'>&#39;</span> 
     </span>
    </p>
   </div>
   <div class='ocr_carea' id='block_1_7' title="bbox 1375 593 2398 808">
    <p class='ocr_par' dir='ltr' id='par_1_7' title="bbox 1375 593 2398 808">
     <span class='ocr_line' id='line_1_62' title="bbox 1375 593 2397 645; baseline 0.001 -14"><span class='ocrx_word' id='word_1_531' title='bbox 1375 623 1397 640; x_wconf 90' lang='lat'>‚‚</span> <span class='ocrx_word' id='word_1_532' title='bbox 1414 604 1526 631; x_wconf 86' lang='lat' dir='ltr'>vatam</span> <span class='ocrx_word' id='word_1_533' title='bbox 1548 594 1634 631; x_wconf 89' lang='lat' dir='ltr'>boni</span> <span class='ocrx_word' id='word_1_534' title='bbox 1657 593 1853 634; x_wconf 86' lang='lat' dir='ltr'>consulere:</span> <span class='ocrx_word' id='word_1_535' title='bbox 1887 606 1922 634; x_wconf 90' lang='lat' dir='ltr'>et</span> <span class='ocrx_word' id='word_1_536' title='bbox 1947 598 2002 634; x_wconf 88' lang='lat' dir='ltr'>his</span> <span class='ocrx_word' id='word_1_537' title='bbox 2025 596 2192 645; x_wconf 87' lang='lat' dir='ltr'>exemplis</span> <span class='ocrx_word' id='word_1_538' title='bbox 2214 596 2258 632; x_wconf 84' lang='lat' dir='ltr'>ad</span> <span class='ocrx_word' id='word_1_539' title='bbox 2279 598 2397 632; x_wconf 86' lang='lat' dir='ltr'>iuuan-</span> 
     </span>
     <span class='ocr_line' id='line_1_63' title="bbox 1377 648 2398 703; baseline 0.002 -17"><span class='ocrx_word' id='word_1_540' title='bbox 1377 678 1400 696; x_wconf 85' lang='lat'>„</span> <span class='ocrx_word' id='word_1_541' title='bbox 1417 649 1496 686; x_wconf 83' lang='lat' dir='ltr'>dam</span> <span class='ocrx_word' id='word_1_542' title='bbox 1520 662 1593 686; x_wconf 90' lang='lat' dir='ltr'>rem</span> <span class='ocrx_word' id='word_1_543' title='bbox 1608 648 1788 687; x_wconf 77' lang='lat' dir='ltr'>literati-am</span> <span class='ocrx_word' id='word_1_544' title='bbox 1809 663 2012 703; x_wconf 88' lang='lat' dir='ltr'>quacunque</span> <span class='ocrx_word' id='word_1_545' title='bbox 2035 651 2160 689; x_wconf 85' lang='lat' dir='ltr'>valebis</span> <span class='ocrx_word' id='word_1_546' title='bbox 2182 653 2325 697; x_wconf 86' lang='lat' dir='ltr'>ratione,</span> <span class='ocrx_word' id='word_1_547' title='bbox 2339 664 2398 688; x_wconf 90' lang='lat' dir='ltr'>ve·-</span> 
     </span>
     <span class='ocr_line' id='line_1_64' title="bbox 1377 703 2397 758; baseline 0.003 -19"><span class='ocrx_word' id='word_1_548' title='bbox 1377 704 1612 750; x_wconf 88' lang='lat' dir='ltr'>„hementius</span> <span class='ocrx_word' id='word_1_549' title='bbox 1644 705 1793 741; x_wconf 88' lang='lat' dir='ltr'>accendi.</span> <span class='ocrx_word' id='word_1_550' title='bbox 1860 706 1966 753; x_wconf 81' lang='lat' dir='ltr'>Vale,</span> <span class='ocrx_word' id='word_1_551' title='bbox 2000 716 2035 744; x_wconf 93' lang='lat' dir='ltr'>et</span> <span class='ocrx_word' id='word_1_552' title='bbox 2068 705 2185 758; x_wconf 70' lang='lat' dir='ltr'>alienis</span> <span class='ocrx_word' id='word_1_553' title='bbox 2215 703 2397 743; x_wconf 83' lang='lat' dir='ltr'>sudoribus</span> 
     </span>
     <span class='ocr_line' id='line_1_65' title="bbox 1377 756 1872 808; baseline 0.004 -14"><span class='ocrx_word' id='word_1_554' title='bbox 1377 786 1400 804; x_wconf 87' lang='lat'>„</span> <span class='ocrx_word' id='word_1_555' title='bbox 1417 756 1531 795; x_wconf 87' lang='lat' dir='ltr'>fruere</span> <span class='ocrx_word' id='word_1_556' title='bbox 1558 771 1631 796; x_wconf 90' lang='lat' dir='ltr'>non</span> <span class='ocrx_word' id='word_1_557' title='bbox 1659 761 1822 808; x_wconf 81' lang='lat' dir='ltr'>ingratus,</span> <span class='ocrx_word' id='word_1_558' title='bbox 1849 788 1872 807; x_wconf 89' lang='lat'>„</span> 
     </span>
    </p>
   </div>
   <div class='ocr_carea' id='block_1_8' title="bbox 1735 835 2051 889">
    <p class='ocr_par' dir='ltr' id='par_1_8' title="bbox 1735 835 2051 889">
     <span class='ocr_line' id='line_1_66' title="bbox 1735 835 2051 889; baseline 0.006 -13"><span class='ocrx_word' id='word_1_559' title='bbox 1735 835 1824 876; x_wconf 79' lang='lat' dir='ltr'>Edit.</span> <span class='ocrx_word' id='word_1_560' title='bbox 1846 841 1880 876; x_wconf 86' lang='lat' dir='ltr'>T</span> <span class='ocrx_word' id='word_1_561' title='bbox 1876 837 1941 889; x_wconf 67' lang='lat' dir='ltr'>hes</span> <span class='ocrx_word' id='word_1_562' title='bbox 1962 851 2051 889; x_wconf 81' lang='lat'><em>1551.</em></span> 
     </span>
    </p>
   </div>
   <div class='ocr_carea' id='block_1_9' title="bbox 1371 907 2434 1398">
    <p class='ocr_par' dir='ltr' id='par_1_9' title="bbox 1371 907 2434 1398">
     <span class='ocr_line' id='line_1_67' title="bbox 1453 907 2399 958; baseline 0.005 -17"><span class='ocrx_word' id='word_1_563' title='bbox 1453 918 1470 942; x_wconf 89' lang='lat' dir='ltr'>s</span> <span class='ocrx_word' id='word_1_564' title='bbox 1484 918 1506 941; x_wconf 87' lang='lat' dir='ltr'><strong>T</strong></span> <span class='ocrx_word' id='word_1_565' title='bbox 1522 919 1540 942; x_wconf 79' lang='lat' dir='ltr'>E</span> <span class='ocrx_word' id='word_1_566' title='bbox 1556 919 1572 942; x_wconf 73' lang='lat' dir='ltr'>p</span> <span class='ocrx_word' id='word_1_567' title='bbox 1585 919 1609 943; x_wconf 78' lang='lat' dir='ltr'>H</span> <span class='ocrx_word' id='word_1_568' title='bbox 1625 919 1644 943; x_wconf 87' lang='lat' dir='ltr'>A</span> <span class='ocrx_word' id='word_1_569' title='bbox 1661 920 1686 942; x_wconf 83' lang='lat' dir='ltr'>N</span> <span class='ocrx_word' id='word_1_570' title='bbox 1699 920 1721 943; x_wconf 93' lang='lat' dir='ltr'>o</span> <span class='ocrx_word' id='word_1_571' title='bbox 1749 908 1922 958; x_wconf 87' lang='lat' dir='ltr'>superstite</span> <span class='ocrx_word' id='word_1_572' title='bbox 1939 911 2076 947; x_wconf 84' lang='lat' dir='ltr'>Marius</span> <span class='ocrx_word' id='word_1_573' title='bbox 2092 908 2248 948; x_wconf 71' lang='lat' dir='ltr'>Nizolius</span> <span class='ocrx_word' id='word_1_574' title='bbox 2269 907 2399 946; x_wconf 84' lang='lat' dir='ltr'>Brixel-</span> 
     </span>
     <span class='ocr_line' id='line_1_68' title="bbox 1374 959 2434 1014; baseline 0.005 -18"><span class='ocrx_word' id='word_1_575' title='bbox 1374 959 1471 997; x_wconf 88' lang='lat' dir='ltr'>lenfis</span> <span class='ocrx_word' id='word_1_576' title='bbox 1486 989 1496 1007; x_wconf 84' lang='lat'>‚</span> <span class='ocrx_word' id='word_1_577' title='bbox 1526 961 1569 997; x_wconf 90' lang='lat' dir='ltr'>de</span> <span class='ocrx_word' id='word_1_578' title='bbox 1585 974 1657 1011; x_wconf 91' lang='lat' dir='ltr'>quo</span> <span class='ocrx_word' id='word_1_579' title='bbox 1680 961 1775 1010; x_wconf 85' lang='lat' dir='ltr'>plura</span> <span class='ocrx_word' id='word_1_580' title='bbox 1797 964 1949 1014; x_wconf 86' lang='lat' dir='ltr'>superius</span> <span class='ocrx_word' id='word_1_581' title='bbox 1966 993 1976 1012; x_wconf 88' lang='lat'>‚</span> <span class='ocrx_word' id='word_1_582' title='bbox 2014 964 2233 1002; x_wconf 87' lang='lat' dir='ltr'>Thesaurum</span> <span class='ocrx_word' id='word_1_583' title='bbox 2262 964 2398 1001; x_wconf 85' lang='lat' dir='ltr'>mendis</span> <span class='ocrx_word' id='word_1_584' title='bbox 2431 972 2434 981; x_wconf 83' lang='grc'><strong>’</strong></span> 
     </span>
     <span class='ocr_line' id='line_1_69' title="bbox 1374 1018 2400 1068; baseline 0.004 -17"><span class='ocrx_word' id='word_1_585' title='bbox 1374 1027 1564 1064; x_wconf 84' lang='lat' dir='ltr'>expurgare</span> <span class='ocrx_word' id='word_1_586' title='bbox 1581 1045 1591 1062; x_wconf 89' lang='lat'>,</span> <span class='ocrx_word' id='word_1_587' title='bbox 1627 1028 1788 1068; x_wconf 85' lang='lat' dir='ltr'>nouaque</span> <span class='ocrx_word' id='word_1_588' title='bbox 1815 1019 2068 1056; x_wconf 86' lang='lat' dir='ltr'>vocabulorum</span> <span class='ocrx_word' id='word_1_589' title='bbox 2092 1021 2279 1058; x_wconf 76' lang='lat' dir='ltr'>accessione</span> <span class='ocrx_word' id='word_1_590' title='bbox 2301 1018 2400 1056; x_wconf 85' lang='lat' dir='ltr'>locu-</span> 
     </span>
     <span class='ocr_line' id='line_1_70' title="bbox 1374 1069 2400 1125; baseline 0.004 -19"><span class='ocrx_word' id='word_1_591' title='bbox 1374 1069 1503 1120; x_wconf 87' lang='lat' dir='ltr'>pletare</span> <span class='ocrx_word' id='word_1_592' title='bbox 1519 1098 1528 1112; x_wconf 85' lang='lat'>‚</span> <span class='ocrx_word' id='word_1_593' title='bbox 1553 1070 1707 1120; x_wconf 86' lang='lat' dir='ltr'>suscepit.</span> <span class='ocrx_word' id='word_1_594' title='bbox 1768 1073 1949 1125; x_wconf 73' lang='lat' dir='ltr'>Quantum</span> <span class='ocrx_word' id='word_1_595' title='bbox 1970 1077 2005 1111; x_wconf 92' lang='lat' dir='ltr'>in</span> <span class='ocrx_word' id='word_1_596' title='bbox 2021 1074 2238 1112; x_wconf 87' lang='lat' dir='ltr'>emendando</span> <span class='ocrx_word' id='word_1_597' title='bbox 2259 1076 2375 1124; x_wconf 90' lang='lat' dir='ltr'>potuit</span> <span class='ocrx_word' id='word_1_598' title='bbox 2388 1103 2400 1121; x_wconf 86' lang='lat'>‚</span> 
     </span>
     <span class='ocr_line' id='line_1_71' title="bbox 1374 1118 2402 1179; baseline 0.005 -18"><span class='ocrx_word' id='word_1_599' title='bbox 1374 1125 1524 1162; x_wconf 86' lang='lat' dir='ltr'>nescitur</span> <span class='ocrx_word' id='word_1_600' title='bbox 1538 1155 1548 1172; x_wconf 90' lang='lat'>‚</span> <span class='ocrx_word' id='word_1_601' title='bbox 1590 1127 1688 1163; x_wconf 90' lang='lat' dir='ltr'>cuius</span> <span class='ocrx_word' id='word_1_602' title='bbox 1720 1118 1872 1178; x_wconf 74' lang='grc' dir='ltr'><em>οίΓχίυοιοι</em></span> <span class='ocrx_word' id='word_1_603' title='bbox 1909 1142 1926 1166; x_wconf 88' lang='lat' dir='ltr'>a</span> <span class='ocrx_word' id='word_1_604' title='bbox 1949 1131 2087 1166; x_wconf 88' lang='lat' dir='ltr'>nemine</span> <span class='ocrx_word' id='word_1_605' title='bbox 2103 1159 2114 1177; x_wconf 85' lang='grc'>,</span> <span class='ocrx_word' id='word_1_606' title='bbox 2154 1129 2251 1179; x_wconf 87' lang='lat' dir='ltr'>quod</span> <span class='ocrx_word' id='word_1_607' title='bbox 2271 1128 2375 1166; x_wconf 84' lang='lat' dir='ltr'>sciam</span> <span class='ocrx_word' id='word_1_608' title='bbox 2390 1157 2402 1175; x_wconf 85' lang='lat'>,</span> 
     </span>
     <span class='ocr_line' id='line_1_72' title="bbox 1374 1179 2402 1233; baseline 0.004 -17"><span class='ocrx_word' id='word_1_609' title='bbox 1374 1179 1586 1217; x_wconf 84' lang='lat' dir='ltr'>celebratur:</span> <span class='ocrx_word' id='word_1_610' title='bbox 1613 1194 1682 1232; x_wconf 83' lang='lat' dir='ltr'>qua</span> <span class='ocrx_word' id='word_1_611' title='bbox 1699 1185 1833 1220; x_wconf 80' lang='lat' dir='ltr'>ratione</span> <span class='ocrx_word' id='word_1_612' title='bbox 1848 1183 2090 1233; x_wconf 84' lang='lat' dir='ltr'>locupletauit‚</span> <span class='ocrx_word' id='word_1_613' title='bbox 2117 1182 2254 1222; x_wconf 74' lang='lat' dir='ltr'>fortasse</span> <span class='ocrx_word' id='word_1_614' title='bbox 2268 1186 2402 1233; x_wconf 88' lang='lat' dir='ltr'>optime</span> 
     </span>
     <span class='ocr_line' id='line_1_73' title="bbox 1374 1232 2402 1290; baseline 0.002 -18"><span class='ocrx_word' id='word_1_615' title='bbox 1374 1234 1557 1272; x_wconf 90' lang='lat' dir='ltr'>docebitur</span> <span class='ocrx_word' id='word_1_616' title='bbox 1581 1248 1625 1272; x_wconf 84' lang='lat' dir='ltr'>ex</span> <span class='ocrx_word' id='word_1_617' title='bbox 1648 1235 1761 1274; x_wconf 90' lang='lat' dir='ltr'>verbis</span> <span class='ocrx_word' id='word_1_618' title='bbox 1783 1238 1827 1274; x_wconf 92' lang='lat' dir='ltr'>H.</span> <span class='ocrx_word' id='word_1_619' title='bbox 1846 1232 2006 1290; x_wconf 70' lang='lat' dir='ltr'>Slephani</span> <span class='ocrx_word' id='word_1_620' title='bbox 2026 1238 2127 1287; x_wconf 86' lang='lat' dir='ltr'>Filii,</span> <span class='ocrx_word' id='word_1_621' title='bbox 2161 1251 2248 1290; x_wconf 89' lang='lat' dir='ltr'>quae</span> <span class='ocrx_word' id='word_1_622' title='bbox 2270 1239 2402 1275; x_wconf 83' lang='lat' dir='ltr'>curaui-</span> 
     </span>
     <span class='ocr_line' id='line_1_74' title="bbox 1373 1288 2403 1345; baseline 0.002 -17"><span class='ocrx_word' id='word_1_623' title='bbox 1373 1302 1453 1328; x_wconf 89' lang='lat' dir='ltr'>mus</span> <span class='ocrx_word' id='word_1_624' title='bbox 1470 1289 1627 1340; x_wconf 84' lang='lat' dir='ltr'>subiungi</span> <span class='ocrx_word' id='word_1_625' title='bbox 1643 1288 1682 1341; x_wconf 89' lang='lat' dir='ltr'>b)</span> <span class='ocrx_word' id='word_1_626' title='bbox 1692 1320 1700 1328; x_wconf 94' lang='lat'><strong>.</strong></span> <span class='ocrx_word' id='word_1_627' title='bbox 1755 1292 1850 1330; x_wconf 90' lang='lat' dir='ltr'>Nihil</span> <span class='ocrx_word' id='word_1_628' title='bbox 1865 1306 1948 1342; x_wconf 81' lang='lat' dir='ltr'>ergo</span> <span class='ocrx_word' id='word_1_629' title='bbox 1963 1294 2122 1342; x_wconf 79' lang='lat' dir='ltr'>superest,</span> <span class='ocrx_word' id='word_1_630' title='bbox 2137 1294 2234 1345; x_wconf 89' lang='lat' dir='ltr'>quod</span> <span class='ocrx_word' id='word_1_631' title='bbox 2242 1291 2403 1331; x_wconf 83' lang='lat' dir='ltr'>Nizolius</span> 
     </span>
     <span class='ocr_line' id='line_1_75' title="bbox 1371 1344 2402 1398; baseline 0.004 -17"><span class='ocrx_word' id='word_1_632' title='bbox 1371 1345 1566 1395; x_wconf 77' lang='lat' dir='ltr'>praestitisse</span> <span class='ocrx_word' id='word_1_633' title='bbox 1592 1347 1766 1394; x_wconf 82' lang='lat' dir='ltr'>videatur,</span> <span class='ocrx_word' id='word_1_634' title='bbox 1794 1357 1926 1397; x_wconf 83' lang='lat' dir='ltr'>praeter</span> <span class='ocrx_word' id='word_1_635' title='bbox 1953 1344 2271 1398; x_wconf 81' lang='lat' dir='ltr'>interpretationem</span> <span class='ocrx_word' id='word_1_636' title='bbox 2295 1350 2402 1390; x_wconf 77' lang='lat' dir='ltr'>Grae-</span> 
     </span>
    </p>
   </div>
   <div class='ocr_carea' id='block_1_10' title="bbox 1366 1399 2402 1456">
    <p class='ocr_par' dir='ltr' id='par_1_10' title="bbox 1366 1399 2402 1456">
     <span class='ocr_line' id='line_1_76' title="bbox 1366 1399 2402 1456; baseline 0.003 -19"><span class='ocrx_word' id='word_1_637' title='bbox 1366 1413 1453 1437; x_wconf 30' lang='lat' dir='ltr'>icam</span> <span class='ocrx_word' id='word_1_638' title='bbox 1468 1430 1478 1447; x_wconf 89' lang='lat'>,</span> <span class='ocrx_word' id='word_1_639' title='bbox 1513 1413 1618 1452; x_wconf 82' lang='lat' dir='ltr'>quam</span> <span class='ocrx_word' id='word_1_640' title='bbox 1632 1399 1768 1450; x_wconf 81' lang='lat' dir='ltr'>fingulis</span> <span class='ocrx_word' id='word_1_641' title='bbox 1782 1402 1855 1440; x_wconf 88' lang='lat' dir='ltr'>fere</span> <span class='ocrx_word' id='word_1_642' title='bbox 1869 1400 2035 1456; x_wconf 80' lang='lat' dir='ltr'>capitibus</span> <span class='ocrx_word' id='word_1_643' title='bbox 2049 1401 2279 1441; x_wconf 76' lang='lat' dir='ltr'>vocabulorum</span> <span class='ocrx_word' id='word_1_644' title='bbox 2313 1402 2402 1451; x_wconf 88' lang='lat' dir='ltr'>(ho-</span> 
     </span>
    </p>
   </div>
   <div class='ocr_carea' id='block_1_11' title="bbox 1374 1454 2404 1552">
    <p class='ocr_par' dir='ltr' id='par_1_11' title="bbox 1374 1454 2404 1552">
     <span class='ocr_line' id='line_1_77' title="bbox 1374 1454 2404 1511; baseline 0.003 -19"><span class='ocrx_word' id='word_1_645' title='bbox 1374 1457 1479 1493; x_wconf 91' lang='lat' dir='ltr'>minis</span> <span class='ocrx_word' id='word_1_646' title='bbox 1494 1454 1606 1492; x_wconf 88' lang='lat' dir='ltr'>verbis</span> <span class='ocrx_word' id='word_1_647' title='bbox 1621 1457 1724 1503; x_wconf 88' lang='lat' dir='ltr'>vtor)</span> <span class='ocrx_word' id='word_1_648' title='bbox 1763 1459 1942 1507; x_wconf 86' lang='lat' dir='ltr'>apposuit,</span> <span class='ocrx_word' id='word_1_649' title='bbox 1967 1472 2010 1496; x_wconf 89' lang='lat' dir='ltr'>ex</span> <span class='ocrx_word' id='word_1_650' title='bbox 2026 1458 2178 1511; x_wconf 83' lang='lat' dir='ltr'>Calepini</span> <span class='ocrx_word' id='word_1_651' title='bbox 2199 1458 2314 1495; x_wconf 89' lang='lat' dir='ltr'>nescio</span> <span class='ocrx_word' id='word_1_652' title='bbox 2328 1469 2404 1509; x_wconf 86' lang='lat' dir='ltr'>quo</span> 
     </span>
     <span class='ocr_line' id='line_1_78' title="bbox 1374 1510 2280 1552; baseline 0.003 -5"><span class='ocrx_word' id='word_1_653' title='bbox 1374 1523 1417 1547; x_wconf 84' lang='lat' dir='ltr'>ex</span> <span class='ocrx_word' id='word_1_654' title='bbox 1440 1519 1533 1548; x_wconf 87' lang='lat' dir='ltr'>tanta</span> <span class='ocrx_word' id='word_1_655' title='bbox 1554 1510 1652 1548; x_wconf 89' lang='lat' dir='ltr'>turba</span> <span class='ocrx_word' id='word_1_656' title='bbox 1668 1512 1811 1550; x_wconf 89' lang='lat' dir='ltr'>Editore</span> <span class='ocrx_word' id='word_1_657' title='bbox 1833 1523 2076 1552; x_wconf 89' lang='lat' dir='ltr'>commentum</span> <span class='ocrx_word' id='word_1_658' title='bbox 2095 1522 2280 1552; x_wconf 86' lang='lat' dir='ltr'>mutuatus.</span> 
     </span>
    </p>
   </div>
   <div class='ocr_carea' id='block_1_12' title="bbox 1728 1595 2050 1648">
    <p class='ocr_par' dir='ltr' id='par_1_12' title="bbox 1728 1595 2050 1648">
     <span class='ocr_line' id='line_1_79' title="bbox 1728 1595 2050 1648; baseline 0.003 -14"><span class='ocrx_word' id='word_1_659' title='bbox 1728 1595 1820 1635; x_wconf 84' lang='lat' dir='ltr'>Edit.</span> <span class='ocrx_word' id='word_1_660' title='bbox 1842 1596 1941 1645; x_wconf 69' lang='lat' dir='ltr'>Theſs</span> <span class='ocrx_word' id='word_1_661' title='bbox 1961 1607 2050 1648; x_wconf 72' lang='lat'><em>1575.</em></span> 
     </span>
    </p>
   </div>
   <div class='ocr_carea' id='block_1_13' title="bbox 1371 1665 2404 3030">
    <p class='ocr_par' dir='ltr' id='par_1_13' title="bbox 1371 1665 2404 3030">
     <span class='ocr_line' id='line_1_80' title="bbox 1454 1665 2403 1718; baseline 0.004 -17"><span class='ocrx_word' id='word_1_662' title='bbox 1454 1665 1591 1703; x_wconf 84' lang='lat' dir='ltr'>Denato</span> <span class='ocrx_word' id='word_1_663' title='bbox 1616 1678 1633 1703; x_wconf 86' lang='lat' dir='ltr'>s</span> <span class='ocrx_word' id='word_1_664' title='bbox 1646 1679 1669 1703; x_wconf 78' lang='grc' dir='ltr'>τ</span> <span class='ocrx_word' id='word_1_665' title='bbox 1684 1680 1704 1704; x_wconf 84' lang='lat' dir='ltr'>E</span> <span class='ocrx_word' id='word_1_666' title='bbox 1720 1681 1737 1704; x_wconf 77' lang='lat' dir='ltr'><strong>P</strong></span> <span class='ocrx_word' id='word_1_667' title='bbox 1750 1680 1774 1704; x_wconf 76' lang='grc' dir='ltr'><strong>Η</strong></span> <span class='ocrx_word' id='word_1_668' title='bbox 1788 1682 1810 1705; x_wconf 81' lang='lat' dir='ltr'>A</span> <span class='ocrx_word' id='word_1_669' title='bbox 1826 1680 1850 1703; x_wconf 84' lang='lat' dir='ltr'>N</span> <span class='ocrx_word' id='word_1_670' title='bbox 1862 1681 1885 1704; x_wconf 94' lang='grc' dir='ltr'>ο</span> <span class='ocrx_word' id='word_1_671' title='bbox 1918 1669 2048 1717; x_wconf 88' lang='lat' dir='ltr'>prodiit</span> <span class='ocrx_word' id='word_1_672' title='bbox 2071 1666 2262 1718; x_wconf 58' lang='lat' dir='ltr'>Thesaurus</span> <span class='ocrx_word' id='word_1_673' title='bbox 2289 1667 2403 1706; x_wconf 89' lang='lat' dir='ltr'>multo</span> 
     </span>
     <span class='ocr_line' id='line_1_81' title="bbox 1374 1717 2404 1776; baseline 0.003 -20"><span class='ocrx_word' id='word_1_674' title='bbox 1374 1717 1514 1757; x_wconf 88' lang='lat' dir='ltr'>vberior</span> <span class='ocrx_word' id='word_1_675' title='bbox 1528 1749 1539 1767; x_wconf 86' lang='lat'>,</span> <span class='ocrx_word' id='word_1_676' title='bbox 1574 1719 1599 1758; x_wconf 91' lang='lat' dir='ltr'><strong>fi</strong></span> <span class='ocrx_word' id='word_1_677' title='bbox 1619 1722 1752 1759; x_wconf 89' lang='lat' dir='ltr'>molem</span> <span class='ocrx_word' id='word_1_678' title='bbox 1775 1721 1906 1772; x_wconf 60' lang='lat' dir='ltr'>speeies</span> <span class='ocrx_word' id='word_1_679' title='bbox 1920 1753 1931 1772; x_wconf 87' lang='lat'>‚</span> <span class='ocrx_word' id='word_1_680' title='bbox 1964 1723 2129 1771; x_wconf 85' lang='lat' dir='ltr'>Lugduni</span> <span class='ocrx_word' id='word_1_681' title='bbox 2152 1737 2232 1761; x_wconf 86' lang='lat' dir='ltr'>cura</span> <span class='ocrx_word' id='word_1_682' title='bbox 2254 1721 2404 1776; x_wconf 79' lang='lat' dir='ltr'>Philippi</span> 
     </span>
     <span class='ocr_line' id='line_1_82' title="bbox 1377 1774 2262 1828; baseline 0.007 -19"><span class='ocrx_word' id='word_1_683' title='bbox 1377 1774 1526 1828; x_wconf 79' lang='lat' dir='ltr'>Tinghyi</span> <span class='ocrx_word' id='word_1_684' title='bbox 1541 1774 1729 1814; x_wconf 88' lang='lat' dir='ltr'>Florentini</span> <span class='ocrx_word' id='word_1_685' title='bbox 1743 1807 1754 1825; x_wconf 85' lang='lat'>,</span> <span class='ocrx_word' id='word_1_686' title='bbox 1783 1779 1851 1814; x_wconf 87' lang='lat' dir='ltr'>An.</span> <span class='ocrx_word' id='word_1_687' title='bbox 1870 1791 1962 1828; x_wconf 76' lang='lat'>1573.</span> <span class='ocrx_word' id='word_1_688' title='bbox 1980 1776 2041 1816; x_wconf 88' lang='lat' dir='ltr'>fol.</span> <span class='ocrx_word' id='word_1_689' title='bbox 2071 1791 2105 1826; x_wconf 92' lang='lat'>4.</span> <span class='ocrx_word' id='word_1_690' title='bbox 2122 1781 2262 1815; x_wconf 81' lang='lat' dir='ltr'>Tomis.</span> 
     </span>
     <span class='ocr_line' id='line_1_83' title="bbox 1374 1828 2402 1884; baseline 0.008 -21"><span class='ocrx_word' id='word_1_691' title='bbox 1374 1830 1427 1864; x_wconf 91' lang='lat' dir='ltr'>tio</span> <span class='ocrx_word' id='word_1_692' title='bbox 1452 1828 1494 1864; x_wconf 87' lang='lat' dir='ltr'>ab</span> <span class='ocrx_word' id='word_1_693' title='bbox 1518 1830 1684 1867; x_wconf 89' lang='lat' dir='ltr'>omnibus</span> <span class='ocrx_word' id='word_1_694' title='bbox 1712 1833 1864 1882; x_wconf 88' lang='lat' dir='ltr'>vndique</span> <span class='ocrx_word' id='word_1_695' title='bbox 1887 1836 2034 1882; x_wconf 82' lang='lat' dir='ltr'>expetita</span> <span class='ocrx_word' id='word_1_696' title='bbox 2060 1863 2070 1880; x_wconf 93' lang='lat'>‚</span> <span class='ocrx_word' id='word_1_697' title='bbox 2110 1845 2306 1884; x_wconf 86' lang='lat' dir='ltr'>quanquam</span> <span class='ocrx_word' id='word_1_698' title='bbox 2336 1845 2402 1870; x_wconf 90' lang='lat' dir='ltr'>nec</span> 
     </span>
     <span class='ocr_line' id='line_1_84' title="bbox 1375 1883 2402 1938; baseline 0.007 -21"><span class='ocrx_word' id='word_1_699' title='bbox 1375 1894 1457 1918; x_wconf 88' lang='lat' dir='ltr'>cura</span> <span class='ocrx_word' id='word_1_700' title='bbox 1484 1895 1550 1919; x_wconf 89' lang='lat' dir='ltr'>nec</span> <span class='ocrx_word' id='word_1_701' title='bbox 1572 1883 1716 1922; x_wconf 81' lang='lat' dir='ltr'>Vtilitate</span> <span class='ocrx_word' id='word_1_702' title='bbox 1737 1898 1820 1923; x_wconf 89' lang='lat' dir='ltr'>cum</span> <span class='ocrx_word' id='word_1_703' title='bbox 1833 1886 2034 1938; x_wconf 81' lang='lat' dir='ltr'>Stephanica</span> <span class='ocrx_word' id='word_1_704' title='bbox 2054 1889 2235 1936; x_wconf 88' lang='lat' dir='ltr'>posteriori</span> <span class='ocrx_word' id='word_1_705' title='bbox 2257 1900 2402 1925; x_wconf 88' lang='lat' dir='ltr'>concer-</span> 
     </span>
     <span class='ocr_line' id='line_1_85' title="bbox 1374 1935 2400 1996; baseline 0.009 -26"><span class='ocrx_word' id='word_1_706' title='bbox 1374 1943 1446 1971; x_wconf 85' lang='lat' dir='ltr'>tare</span> <span class='ocrx_word' id='word_1_707' title='bbox 1460 1935 1572 1982; x_wconf 88' lang='lat' dir='ltr'>poffit.</span> <span class='ocrx_word' id='word_1_708' title='bbox 1627 1938 1720 1974; x_wconf 89' lang='lat' dir='ltr'>Cum</span> <span class='ocrx_word' id='word_1_709' title='bbox 1734 1943 1781 1974; x_wconf 84' lang='lat' dir='ltr'>ait</span> <span class='ocrx_word' id='word_1_710' title='bbox 1801 1939 1975 1992; x_wconf 77' lang='lat' dir='ltr'>Tinghyus</span> <span class='ocrx_word' id='word_1_711' title='bbox 1993 1971 2004 1988; x_wconf 90' lang='lat'>‚</span> <span class='ocrx_word' id='word_1_712' title='bbox 2037 1942 2072 1979; x_wconf 91' lang='lat' dir='ltr'>se</span> <span class='ocrx_word' id='word_1_713' title='bbox 2087 1955 2174 1996; x_wconf 83' lang='lat' dir='ltr'>quae</span> <span class='ocrx_word' id='word_1_714' title='bbox 2195 1956 2217 1980; x_wconf 85' lang='lat' dir='ltr'>a</span> <span class='ocrx_word' id='word_1_715' title='bbox 2233 1940 2400 1996; x_wconf 78' lang='lat' dir='ltr'>Stephano</span> 
     </span>
     <span class='ocr_line' id='line_1_86' title="bbox 1375 1986 2400 2045; baseline 0.01 -19"><span class='ocrx_word' id='word_1_716' title='bbox 1375 1986 1470 2026; x_wconf 82' lang='lat' dir='ltr'>edita</span> <span class='ocrx_word' id='word_1_717' title='bbox 1487 1997 1586 2025; x_wconf 81' lang='lat' dir='ltr'>erant</span> <span class='ocrx_word' id='word_1_718' title='bbox 1599 2018 1610 2037; x_wconf 91' lang='lat'>‚</span> <span class='ocrx_word' id='word_1_719' title='bbox 1647 1986 1763 2038; x_wconf 74' lang='lat' dir='ltr'>dedtffi’</span> <span class='ocrx_word' id='word_1_720' title='bbox 1779 1992 1970 2044; x_wconf 79' lang='lat' dir='ltr'>integriora</span> <span class='ocrx_word' id='word_1_721' title='bbox 1983 2004 2017 2030; x_wconf 86' lang='lat' dir='ltr'>et</span> <span class='ocrx_word' id='word_1_722' title='bbox 2029 1996 2255 2035; x_wconf 79' lang='lat' dir='ltr'>emendatiora</span> <span class='ocrx_word' id='word_1_723' title='bbox 2266 2027 2278 2045; x_wconf 86' lang='lat'>‚</span> <span class='ocrx_word' id='word_1_724' title='bbox 2310 1998 2400 2035; x_wconf 81' lang='lat' dir='ltr'>adeo</span> 
     </span>
     <span class='ocr_line' id='line_1_87' title="bbox 1376 2043 2399 2097; baseline 0.005 -16"><span class='ocrx_word' id='word_1_725' title='bbox 1376 2044 1425 2081; x_wconf 87' lang='lat' dir='ltr'>est</span> <span class='ocrx_word' id='word_1_726' title='bbox 1440 2056 1459 2080; x_wconf 87' lang='lat' dir='ltr'>a</span> <span class='ocrx_word' id='word_1_727' title='bbox 1475 2045 1616 2081; x_wconf 85' lang='lat' dir='ltr'>veritate</span> <span class='ocrx_word' id='word_1_728' title='bbox 1630 2043 1779 2083; x_wconf 87' lang='lat' dir='ltr'>alienum</span> <span class='ocrx_word' id='word_1_729' title='bbox 1794 2076 1805 2093; x_wconf 82' lang='lat'>,</span> <span class='ocrx_word' id='word_1_730' title='bbox 1831 2056 1869 2083; x_wconf 91' lang='lat' dir='ltr'>vt</span> <span class='ocrx_word' id='word_1_731' title='bbox 1886 2059 1901 2082; x_wconf 87' lang='lat' dir='ltr'>s</span> <span class='ocrx_word' id='word_1_732' title='bbox 1917 2060 1939 2083; x_wconf 89' lang='lat' dir='ltr'>T</span> <span class='ocrx_word' id='word_1_733' title='bbox 1953 2060 1972 2083; x_wconf 86' lang='lat' dir='ltr'>E</span> <span class='ocrx_word' id='word_1_734' title='bbox 1984 2060 2002 2083; x_wconf 84' lang='lat'>1&gt;</span> <span class='ocrx_word' id='word_1_735' title='bbox 2017 2061 2041 2083; x_wconf 76' lang='grc' dir='ltr'><strong>Η</strong></span> <span class='ocrx_word' id='word_1_736' title='bbox 2054 2061 2076 2084; x_wconf 90' lang='lat' dir='ltr'>A</span> <span class='ocrx_word' id='word_1_737' title='bbox 2090 2061 2115 2084; x_wconf 80' lang='lat' dir='ltr'>N</span> <span class='ocrx_word' id='word_1_738' title='bbox 2129 2062 2142 2085; x_wconf 90' lang='lat'>1</span> <span class='ocrx_word' id='word_1_739' title='bbox 2167 2044 2399 2097; x_wconf 78' lang='lat' dir='ltr'>integritatem</span> 
     </span>
     <span class='ocr_line' id='line_1_88' title="bbox 1376 2097 2400 2149; baseline 0.002 -12"><span class='ocrx_word' id='word_1_740' title='bbox 1376 2097 1581 2138; x_wconf 82' lang='lat' dir='ltr'>foediffimis</span> <span class='ocrx_word' id='word_1_741' title='bbox 1603 2101 1737 2137; x_wconf 89' lang='lat' dir='ltr'>mendis</span> <span class='ocrx_word' id='word_1_742' title='bbox 1772 2099 2021 2139; x_wconf 84' lang='lat' dir='ltr'>deformauerit</span> <span class='ocrx_word' id='word_1_743' title='bbox 2039 2131 2049 2149; x_wconf 91' lang='lat'>,</span> <span class='ocrx_word' id='word_1_744' title='bbox 2082 2101 2106 2140; x_wconf 89' lang='lat' dir='ltr'>fi</span> <span class='ocrx_word' id='word_1_745' title='bbox 2131 2102 2202 2140; x_wconf 90' lang='lat' dir='ltr'>hoc</span> <span class='ocrx_word' id='word_1_746' title='bbox 2223 2101 2262 2139; x_wconf 88' lang='lat' dir='ltr'>fit</span> <span class='ocrx_word' id='word_1_747' title='bbox 2282 2101 2400 2139; x_wconf 89' lang='lat' dir='ltr'>defor-</span> 
     </span>
     <span class='ocr_line' id='line_1_89' title="bbox 1373 2153 2397 2206; baseline 0.005 -16"><span class='ocrx_word' id='word_1_748' title='bbox 1373 2166 1469 2191; x_wconf 84' lang='lat' dir='ltr'>mare</span> <span class='ocrx_word' id='word_1_749' title='bbox 1482 2153 1609 2199; x_wconf 57' lang='lat' dir='ltr'>seilicet</span> <span class='ocrx_word' id='word_1_750' title='bbox 1624 2182 1635 2200; x_wconf 89' lang='lat'><strong>‚</strong></span> <span class='ocrx_word' id='word_1_751' title='bbox 1663 2154 1831 2193; x_wconf 84' lang='lat' dir='ltr'>vocabula</span> <span class='ocrx_word' id='word_1_752' title='bbox 1847 2158 2063 2206; x_wconf 89' lang='lat' dir='ltr'>optimorum</span> <span class='ocrx_word' id='word_1_753' title='bbox 2081 2155 2284 2195; x_wconf 71' lang='lat' dir='ltr'>au&amp;oritate</span> <span class='ocrx_word' id='word_1_754' title='bbox 2298 2169 2397 2195; x_wconf 87' lang='lat' dir='ltr'>corn-</span> 
     </span>
     <span class='ocr_line' id='line_1_90' title="bbox 1372 2207 2399 2262; baseline 0.004 -17"><span class='ocrx_word' id='word_1_755' title='bbox 1372 2207 1516 2259; x_wconf 86' lang='lat' dir='ltr'>probata</span> <span class='ocrx_word' id='word_1_756' title='bbox 1532 2208 1674 2248; x_wconf 84' lang='lat' dir='ltr'>omififfe</span> <span class='ocrx_word' id='word_1_757' title='bbox 1689 2240 1699 2258; x_wconf 89' lang='lat'>‚</span> <span class='ocrx_word' id='word_1_758' title='bbox 1727 2223 1814 2262; x_wconf 88' lang='lat' dir='ltr'>quae</span> <span class='ocrx_word' id='word_1_759' title='bbox 1836 2224 1854 2249; x_wconf 87' lang='lat' dir='ltr'>a</span> <span class='ocrx_word' id='word_1_760' title='bbox 1872 2225 1888 2248; x_wconf 90' lang='lat' dir='ltr'>s</span> <span class='ocrx_word' id='word_1_761' title='bbox 1902 2225 1923 2248; x_wconf 81' lang='lat' dir='ltr'>r</span> <span class='ocrx_word' id='word_1_762' title='bbox 1939 2225 1958 2248; x_wconf 74' lang='grc' dir='ltr'>Ε</span> <span class='ocrx_word' id='word_1_763' title='bbox 1974 2225 1991 2248; x_wconf 83' lang='lat' dir='ltr'>P</span> <span class='ocrx_word' id='word_1_764' title='bbox 2005 2225 2029 2248; x_wconf 82' lang='lat' dir='ltr'>H</span> <span class='ocrx_word' id='word_1_765' title='bbox 2041 2226 2062 2249; x_wconf 77' lang='lat' dir='ltr'>A</span> <span class='ocrx_word' id='word_1_766' title='bbox 2075 2225 2100 2249; x_wconf 76' lang='lat' dir='ltr'>N</span> <span class='ocrx_word' id='word_1_767' title='bbox 2113 2226 2136 2250; x_wconf 92' lang='grc' dir='ltr'>ο</span> <span class='ocrx_word' id='word_1_768' title='bbox 2163 2215 2226 2249; x_wconf 85' lang='lat' dir='ltr'>rite</span> <span class='ocrx_word' id='word_1_769' title='bbox 2248 2212 2399 2250; x_wconf 88' lang='lat' dir='ltr'>adduce-</span> 
     </span>
     <span class='ocr_line' id='line_1_91' title="bbox 1373 2263 2399 2317; baseline 0 -15"><span class='ocrx_word' id='word_1_770' title='bbox 1373 2263 1497 2302; x_wconf 88' lang='lat' dir='ltr'>bantur</span> <span class='ocrx_word' id='word_1_771' title='bbox 1511 2293 1522 2311; x_wconf 85' lang='lat'>,</span> <span class='ocrx_word' id='word_1_772' title='bbox 1554 2264 1608 2303; x_wconf 90' lang='lat' dir='ltr'>vel</span> <span class='ocrx_word' id='word_1_773' title='bbox 1621 2277 1682 2315; x_wconf 89' lang='lat' dir='ltr'>per</span> <span class='ocrx_word' id='word_1_774' title='bbox 1697 2267 1864 2303; x_wconf 87' lang='lat' dir='ltr'>incuriam</span> <span class='ocrx_word' id='word_1_775' title='bbox 1879 2266 1967 2304; x_wconf 86' lang='lat' dir='ltr'>male</span> <span class='ocrx_word' id='word_1_776' title='bbox 1983 2267 2182 2317; x_wconf 70' lang='lat' dir='ltr'>descripsisse</span> <span class='ocrx_word' id='word_1_777' title='bbox 2193 2296 2204 2314; x_wconf 85' lang='lat'>‚</span> <span class='ocrx_word' id='word_1_778' title='bbox 2227 2267 2282 2304; x_wconf 92' lang='lat' dir='ltr'>vel</span> <span class='ocrx_word' id='word_1_779' title='bbox 2300 2278 2399 2303; x_wconf 91' lang='lat' dir='ltr'>com-</span> 
     </span>
     <span class='ocr_line' id='line_1_92' title="bbox 1373 2318 2401 2371; baseline 0.002 -15"><span class='ocrx_word' id='word_1_780' title='bbox 1373 2318 1492 2357; x_wconf 81' lang='lat' dir='ltr'>mififfe</span> <span class='ocrx_word' id='word_1_781' title='bbox 1508 2320 1666 2371; x_wconf 86' lang='lat' dir='ltr'>denique,</span> <span class='ocrx_word' id='word_1_782' title='bbox 1680 2330 1717 2358; x_wconf 92' lang='lat' dir='ltr'>vt</span> <span class='ocrx_word' id='word_1_783' title='bbox 1731 2320 1820 2359; x_wconf 83' lang='lat' dir='ltr'>male</span> <span class='ocrx_word' id='word_1_784' title='bbox 1833 2320 2062 2360; x_wconf 86' lang='lat' dir='ltr'>describerent</span> <span class='ocrx_word' id='word_1_785' title='bbox 2077 2335 2202 2371; x_wconf 86' lang='lat' dir='ltr'>operae</span> <span class='ocrx_word' id='word_1_786' title='bbox 2217 2324 2401 2371; x_wconf 83' lang='lat' dir='ltr'>Typogra-</span> 
     </span>
     <span class='ocr_line' id='line_1_93' title="bbox 1373 2373 2401 2431; baseline 0.001 -20"><span class='ocrx_word' id='word_1_787' title='bbox 1373 2374 1519 2424; x_wconf 86' lang='lat' dir='ltr'>phicae:</span> <span class='ocrx_word' id='word_1_788' title='bbox 1553 2377 1647 2414; x_wconf 86' lang='lat' dir='ltr'>Cum</span> <span class='ocrx_word' id='word_1_789' title='bbox 1671 2378 1742 2425; x_wconf 87' lang='lat' dir='ltr'>ait,</span> <span class='ocrx_word' id='word_1_790' title='bbox 1775 2388 1864 2431; x_wconf 85' lang='lat' dir='ltr'>quae</span> <span class='ocrx_word' id='word_1_791' title='bbox 1886 2374 2065 2424; x_wconf 76' lang='lat' dir='ltr'>desiderari</span> <span class='ocrx_word' id='word_1_792' title='bbox 2087 2374 2311 2425; x_wconf 77' lang='lat' dir='ltr'>videbantur,</span> <span class='ocrx_word' id='word_1_793' title='bbox 2343 2373 2401 2413; x_wconf 86' lang='lat' dir='ltr'>do-</span> 
     </span>
     <span class='ocr_line' id='line_1_94' title="bbox 1374 2427 2400 2482; baseline -0.001 -14"><span class='ocrx_word' id='word_1_794' title='bbox 1374 2427 1441 2468; x_wconf 53' lang='lat' dir='ltr'>ilos</span> <span class='ocrx_word' id='word_1_795' title='bbox 1456 2428 1633 2482; x_wconf 67' lang='lat' dir='ltr'>expleuiſje</span> <span class='ocrx_word' id='word_1_796' title='bbox 1652 2459 1663 2478; x_wconf 92' lang='lat'>‚</span> <span class='ocrx_word' id='word_1_797' title='bbox 1697 2431 1734 2467; x_wconf 89' lang='lat' dir='ltr'>id</span> <span class='ocrx_word' id='word_1_798' title='bbox 1751 2433 1798 2468; x_wconf 86' lang='lat' dir='ltr'>ait</span> <span class='ocrx_word' id='word_1_799' title='bbox 1809 2430 1867 2468; x_wconf 90' lang='lat' dir='ltr'>vbi</span> <span class='ocrx_word' id='word_1_800' title='bbox 1888 2431 1921 2469; x_wconf 92' lang='lat' dir='ltr'>se</span> <span class='ocrx_word' id='word_1_801' title='bbox 1937 2431 2270 2481; x_wconf 79' lang='lat' dir='ltr'>inagnificentiffune</span> <span class='ocrx_word' id='word_1_802' title='bbox 2287 2432 2400 2468; x_wconf 90' lang='lat' dir='ltr'>osten-</span> 
     </span>
     <span class='ocr_line' id='line_1_95' title="bbox 1373 2484 2402 2533; baseline -0.001 -10"><span class='ocrx_word' id='word_1_803' title='bbox 1373 2495 1424 2524; x_wconf 90' lang='lat' dir='ltr'>tet</span> <span class='ocrx_word' id='word_1_804' title='bbox 1441 2484 1528 2522; x_wconf 88' lang='lat' dir='ltr'>haec</span> <span class='ocrx_word' id='word_1_805' title='bbox 1541 2487 1654 2522; x_wconf 88' lang='lat' dir='ltr'>Editio</span> <span class='ocrx_word' id='word_1_806' title='bbox 1680 2493 1715 2522; x_wconf 88' lang='lat' dir='ltr'>et</span> <span class='ocrx_word' id='word_1_807' title='bbox 1730 2484 1898 2533; x_wconf 84' lang='lat' dir='ltr'>glorietur</span> <span class='ocrx_word' id='word_1_808' title='bbox 1912 2489 2073 2524; x_wconf 83' lang='lat' dir='ltr'>maxime.</span> <span class='ocrx_word' id='word_1_809' title='bbox 2136 2486 2202 2524; x_wconf 90' lang='lat' dir='ltr'>Sed</span> <span class='ocrx_word' id='word_1_810' title='bbox 2222 2485 2402 2524; x_wconf 89' lang='lat' dir='ltr'>mirabitur</span> 
     </span>
     <span class='ocr_line' id='line_1_96' title="bbox 1374 2528 2401 2591; baseline 0 -13"><span class='ocrx_word' id='word_1_811' title='bbox 1374 2539 1526 2578; x_wconf 89' lang='lat' dir='ltr'>eruditus</span> <span class='ocrx_word' id='word_1_812' title='bbox 1537 2537 1645 2578; x_wconf 62' lang='lat' dir='ltr'>letior</span> <span class='ocrx_word' id='word_1_813' title='bbox 1658 2528 1840 2589; x_wconf 64' lang='grc' dir='ltr'>θαύματα</span> <span class='ocrx_word' id='word_1_814' title='bbox 1854 2541 1982 2579; x_wconf 89' lang='lat' dir='ltr'>haecce</span> <span class='ocrx_word' id='word_1_815' title='bbox 2000 2540 2085 2579; x_wconf 88' lang='lat' dir='ltr'>nihil</span> <span class='ocrx_word' id='word_1_816' title='bbox 2102 2541 2167 2578; x_wconf 84' lang='lat' dir='ltr'>effe</span> <span class='ocrx_word' id='word_1_817' title='bbox 2176 2551 2307 2591; x_wconf 85' lang='lat' dir='ltr'>praeter</span> <span class='ocrx_word' id='word_1_818' title='bbox 2324 2540 2401 2578; x_wconf 92' lang='lat' dir='ltr'>lon-</span> 
     </span>
     <span class='ocr_line' id='line_1_97' title="bbox 1372 2594 2402 2646; baseline 0 -14"><span class='ocrx_word' id='word_1_819' title='bbox 1372 2607 1432 2644; x_wconf 87' lang='lat' dir='ltr'>gas</span> <span class='ocrx_word' id='word_1_820' title='bbox 1454 2603 1488 2631; x_wconf 90' lang='lat' dir='ltr'>et</span> <span class='ocrx_word' id='word_1_821' title='bbox 1502 2594 1661 2633; x_wconf 76' lang='lat' dir='ltr'>onerosas</span> <span class='ocrx_word' id='word_1_822' title='bbox 1675 2595 1933 2646; x_wconf 85' lang='lat' dir='ltr'>Antiquitatum</span> <span class='ocrx_word' id='word_1_823' title='bbox 1947 2598 2182 2633; x_wconf 87' lang='lat' dir='ltr'>Romanarum</span> <span class='ocrx_word' id='word_1_824' title='bbox 2203 2596 2402 2644; x_wconf 90' lang='lat' dir='ltr'>descriptio-</span> 
     </span>
     <span class='ocr_line' id='line_1_98' title="bbox 1373 2647 2401 2700; baseline 0 -14"><span class='ocrx_word' id='word_1_825' title='bbox 1373 2661 1435 2687; x_wconf 88' lang='lat' dir='ltr'>nes</span> <span class='ocrx_word' id='word_1_826' title='bbox 1451 2661 1496 2686; x_wconf 84' lang='lat' dir='ltr'>ex</span> <span class='ocrx_word' id='word_1_827' title='bbox 1511 2647 1643 2687; x_wconf 81' lang='lat' dir='ltr'>Budaeo</span> <span class='ocrx_word' id='word_1_828' title='bbox 1656 2679 1666 2697; x_wconf 95' lang='lat'>,</span> <span class='ocrx_word' id='word_1_829' title='bbox 1692 2650 1857 2688; x_wconf 82' lang='lat' dir='ltr'>Manutio</span> <span class='ocrx_word' id='word_1_830' title='bbox 1872 2680 1883 2698; x_wconf 82' lang='grc'>,</span> <span class='ocrx_word' id='word_1_831' title='bbox 1911 2649 2059 2688; x_wconf 82' lang='lat' dir='ltr'>Corrado</span> <span class='ocrx_word' id='word_1_832' title='bbox 2076 2680 2086 2697; x_wconf 83' lang='lat'>‚</span> <span class='ocrx_word' id='word_1_833' title='bbox 2109 2648 2275 2700; x_wconf 84' lang='lat' dir='ltr'>Gyraldo,</span> <span class='ocrx_word' id='word_1_834' title='bbox 2300 2650 2401 2700; x_wconf 62' lang='lat' dir='ltr'>Eros:</span> 
     </span>
     <span class='ocr_line' id='line_1_99' title="bbox 1373 2702 2400 2758; baseline 0.001 -18"><span class='ocrx_word' id='word_1_835' title='bbox 1373 2715 1426 2740; x_wconf 91' lang='lat' dir='ltr'>mo</span> <span class='ocrx_word' id='word_1_836' title='bbox 1444 2733 1455 2751; x_wconf 89' lang='lat'>‚</span> <span class='ocrx_word' id='word_1_837' title='bbox 1483 2702 1668 2758; x_wconf 68' lang='lat' dir='ltr'>Rhodtgino</span> <span class='ocrx_word' id='word_1_838' title='bbox 1685 2734 1696 2752; x_wconf 87' lang='lat'>‚</span> <span class='ocrx_word' id='word_1_839' title='bbox 1723 2706 1870 2754; x_wconf 68' lang='lat' dir='ltr'>firmico</span> <span class='ocrx_word' id='word_1_840' title='bbox 1885 2734 1896 2752; x_wconf 82' lang='lat'><strong><em>‚</em></strong></span> <span class='ocrx_word' id='word_1_841' title='bbox 1918 2702 2114 2743; x_wconf 80' lang='lat' dir='ltr'>Alexandro</span> <span class='ocrx_word' id='word_1_842' title='bbox 2129 2702 2171 2746; x_wconf 76' lang='lat' dir='ltr'>ab,</span> <span class='ocrx_word' id='word_1_843' title='bbox 2186 2702 2400 2754; x_wconf 82' lang='lat' dir='ltr'>Alexandro,</span> 
     </span>
     <span class='ocr_line' id='line_1_100' title="bbox 1372 2756 2399 2812; baseline 0.001 -16"><span class='ocrx_word' id='word_1_844' title='bbox 1372 2757 1554 2796; x_wconf 83' lang='lat' dir='ltr'>Hermolao</span> <span class='ocrx_word' id='word_1_845' title='bbox 1576 2756 1731 2797; x_wconf 74' lang='lat' dir='ltr'>Barbara</span> <span class='ocrx_word' id='word_1_846' title='bbox 1756 2789 1776 2806; x_wconf 84' lang='lat'>‚.</span> <span class='ocrx_word' id='word_1_847' title='bbox 1809 2762 2019 2812; x_wconf 87' lang='lat' dir='ltr'>caeterisque</span> <span class='ocrx_word' id='word_1_848' title='bbox 2040 2760 2082 2798; x_wconf 92' lang='lat' dir='ltr'>ad</span> <span class='ocrx_word' id='word_1_849' title='bbox 2105 2759 2251 2797; x_wconf 86' lang='lat' dir='ltr'>verbum</span> <span class='ocrx_word' id='word_1_850' title='bbox 2273 2770 2399 2797; x_wconf 91' lang='lat' dir='ltr'>mutuo</span> 
     </span>
     <span class='ocr_line' id='line_1_101' title="bbox 1371 2813 2400 2865; baseline 0.002 -15"><span class='ocrx_word' id='word_1_851' title='bbox 1371 2813 1501 2851; x_wconf 87' lang='lat' dir='ltr'>sumtas</span> <span class='ocrx_word' id='word_1_852' title='bbox 1516 2825 1526 2852; x_wconf 89' lang='lat'><strong>:</strong></span> <span class='ocrx_word' id='word_1_853' title='bbox 1579 2814 1743 2852; x_wconf 85' lang='lat' dir='ltr'>Historias</span> <span class='ocrx_word' id='word_1_854' title='bbox 1775 2828 1819 2853; x_wconf 87' lang='lat' dir='ltr'>ex</span> <span class='ocrx_word' id='word_1_855' title='bbox 1849 2813 2011 2853; x_wconf 85' lang='lat' dir='ltr'>Strabone</span> <span class='ocrx_word' id='word_1_856' title='bbox 2025 2845 2036 2864; x_wconf 89' lang='lat'>,</span> <span class='ocrx_word' id='word_1_857' title='bbox 2071 2813 2210 2852; x_wconf 83' lang='lat' dir='ltr'>Aeliano</span> <span class='ocrx_word' id='word_1_858' title='bbox 2227 2844 2238 2863; x_wconf 89' lang='lat'>‚</span> <span class='ocrx_word' id='word_1_859' title='bbox 2274 2815 2400 2865; x_wconf 75' lang='lat' dir='ltr'>Paufiz-</span> 
     </span>
     <span class='ocr_line' id='line_1_102' title="bbox 1372 2866 2400 2922; baseline 0 -16"><span class='ocrx_word' id='word_1_860' title='bbox 1372 2869 1432 2906; x_wconf 87' lang='lat' dir='ltr'>nia</span> <span class='ocrx_word' id='word_1_861' title='bbox 1446 2897 1457 2914; x_wconf 89' lang='lat'>,</span> <span class='ocrx_word' id='word_1_862' title='bbox 1484 2866 1683 2920; x_wconf 59' lang='lat' dir='ltr'>philostrato</span> <span class='ocrx_word' id='word_1_863' title='bbox 1702 2898 1713 2917; x_wconf 90' lang='lat'>,</span> <span class='ocrx_word' id='word_1_864' title='bbox 1747 2870 1877 2908; x_wconf 86' lang='lat' dir='ltr'>Tzetze</span> <span class='ocrx_word' id='word_1_865' title='bbox 1893 2900 1904 2917; x_wconf 89' lang='lat'>,</span> <span class='ocrx_word' id='word_1_866' title='bbox 1931 2880 1995 2908; x_wconf 90' lang='lat' dir='ltr'>etc.</span> <span class='ocrx_word' id='word_1_867' title='bbox 2048 2869 2288 2920; x_wconf 81' lang='lat' dir='ltr'>Expofitiones</span> <span class='ocrx_word' id='word_1_868' title='bbox 2302 2880 2400 2922; x_wconf 70' lang='lat' dir='ltr'>quas-¹</span> 
     </span>
     <span class='ocr_line' id='line_1_103' title="bbox 1373 2923 2399 2976; baseline 0.002 -17"><span class='ocrx_word' id='word_1_869' title='bbox 1373 2923 1455 2960; x_wconf 87' lang='lat' dir='ltr'>dam</span> <span class='ocrx_word' id='word_1_870' title='bbox 1471 2933 1506 2960; x_wconf 89' lang='lat' dir='ltr'>et</span> <span class='ocrx_word' id='word_1_871' title='bbox 1521 2925 1593 2961; x_wconf 86' lang='lat' dir='ltr'>vim</span> <span class='ocrx_word' id='word_1_872' title='bbox 1610 2923 1860 2962; x_wconf 86' lang='lat' dir='ltr'>vocabulorum</span> <span class='ocrx_word' id='word_1_873' title='bbox 1877 2928 1913 2962; x_wconf 91' lang='lat' dir='ltr'>in</span> <span class='ocrx_word' id='word_1_874' title='bbox 1929 2928 2005 2963; x_wconf 85' lang='lat' dir='ltr'>Iure</span> <span class='ocrx_word' id='word_1_875' title='bbox 2019 2925 2125 2963; x_wconf 92' lang='lat' dir='ltr'>Ciuili</span> <span class='ocrx_word' id='word_1_876' title='bbox 2145 2955 2156 2972; x_wconf 88' lang='lat'>‚</span> <span class='ocrx_word' id='word_1_877' title='bbox 2183 2925 2225 2963; x_wconf 87' lang='lat' dir='ltr'>ad</span> <span class='ocrx_word' id='word_1_878' title='bbox 2239 2937 2325 2976; x_wconf 82' lang='lat' dir='ltr'>quae</span> <span class='ocrx_word' id='word_1_879' title='bbox 2339 2924 2399 2973; x_wconf 64' lang='lat' dir='ltr'>de7</span> 
     </span>
     <span class='ocr_line' id='line_1_104' title="bbox 1373 2975 2397 3030; baseline 0.007 -16"><span class='ocrx_word' id='word_1_880' title='bbox 1373 2976 1528 3015; x_wconf 83' lang='lat' dir='ltr'>claranda</span> <span class='ocrx_word' id='word_1_881' title='bbox 1563 2981 1686 3028; x_wconf 85' lang='lat' dir='ltr'>migrat</span> <span class='ocrx_word' id='word_1_882' title='bbox 1723 2982 1760 3017; x_wconf 90' lang='lat' dir='ltr'>in</span> <span class='ocrx_word' id='word_1_883' title='bbox 1790 2979 1994 3030; x_wconf 65' lang='lat' dir='ltr'>Thesbarum</span> <span class='ocrx_word' id='word_1_884' title='bbox 2026 2977 2182 3021; x_wconf 76' lang='grc' dir='ltr'>πανοικῖα.</span> <span class='ocrx_word' id='word_1_885' title='bbox 2209 2975 2397 3017; x_wconf 79' lang='lat' dir='ltr'>1Ctorum&#39;:</span> 
     </span>
    </p>
   </div>
   <div class='ocr_carea' id='block_1_14' title="bbox 1371 3029 2414 3127">
    <p class='ocr_par' dir='ltr' id='par_1_14' title="bbox 1371 3029 2414 3127">
     <span class='ocr_line' id='line_1_105' title="bbox 1371 3029 2414 3126; baseline 0.003 -57"><span class='ocrx_word' id='word_1_886' title='bbox 1371 3032 1556 3091; x_wconf 80' lang='lat' dir='ltr'>Rhetorica</span> <span class='ocrx_word' id='word_1_887' title='bbox 1572 3034 1720 3087; x_wconf 89' lang='lat' dir='ltr'>denique</span> <span class='ocrx_word' id='word_1_888' title='bbox 1743 3044 1778 3072; x_wconf 89' lang='lat' dir='ltr'>et</span> <span class='ocrx_word' id='word_1_889' title='bbox 1795 3035 1974 3081; x_wconf 61' lang='lat' dir='ltr'>artfficiosa</span> <span class='ocrx_word' id='word_1_890' title='bbox 1991 3039 2134 3074; x_wconf 86' lang='lat' dir='ltr'>nomina</span> <span class='ocrx_word' id='word_1_891' title='bbox 2152 3049 2196 3073; x_wconf 84' lang='lat' dir='ltr'>ex</span> <span class='ocrx_word' id='word_1_892' title='bbox 2210 3029 2414 3126; x_wconf 31' lang='lat' dir='ltr'>Dramaffd&#39;*</span> 
     </span>
     <span class='ocr_line' id='line_1_106' title="bbox 2291 3090 2402 3127; baseline -0.009 0"><span class='ocrx_word' id='word_1_893' title='bbox 2291 3091 2335 3127; x_wconf 91' lang='lat' dir='ltr'>Sc</span> <span class='ocrx_word' id='word_1_894' title='bbox 2361 3090 2402 3126; x_wconf 90' lang='lat' dir='ltr'>o-</span> 
     </span>
    </p>
   </div>
   <div class='ocr_carea' id='block_1_15' title="bbox 319 3179 2396 3345">
    <p class='ocr_par' dir='ltr' id='par_1_15' title="bbox 319 3179 2396 3345">
     <span class='ocr_line' id='line_1_107' title="bbox 319 3179 2396 3224; baseline -0.002 -12"><span class='ocrx_word' id='word_1_895' title='bbox 319 3194 349 3224; x_wconf 59' lang='grc' dir='ltr'>μ)</span> <span class='ocrx_word' id='word_1_896' title='bbox 370 3208 388 3223; x_wconf 81' lang='lat'><strong>„</strong></span> <span class='ocrx_word' id='word_1_897' title='bbox 402 3188 463 3222; x_wconf 73' lang='lat' dir='ltr'>Qla</span> <span class='ocrx_word' id='word_1_898' title='bbox 477 3185 505 3212; x_wconf 85' lang='lat' dir='ltr'>in</span> <span class='ocrx_word' id='word_1_899' title='bbox 519 3195 548 3213; x_wconf 76' lang='lat' dir='ltr'>re</span> <span class='ocrx_word' id='word_1_900' title='bbox 561 3186 702 3224; x_wconf 82' lang='lat' dir='ltr'>praecipua</span> <span class='ocrx_word' id='word_1_901' title='bbox 717 3184 777 3213; x_wconf 83' lang='lat' dir='ltr'>sane</span> <span class='ocrx_word' id='word_1_902' title='bbox 792 3183 847 3212; x_wconf 76' lang='lat' dir='ltr'>laus</span> <span class='ocrx_word' id='word_1_903' title='bbox 860 3183 974 3211; x_wconf 85' lang='lat' dir='ltr'>debetur</span> <span class='ocrx_word' id='word_1_904' title='bbox 987 3181 1271 3210; x_wconf 70' lang='lat' dir='ltr'>IoanniTheodoi-ico</span> <span class='ocrx_word' id='word_1_905' title='bbox 1287 3179 1443 3216; x_wconf 81' lang='lat' dir='ltr'>Bellouaeo,</span> <span class='ocrx_word' id='word_1_906' title='bbox 1456 3181 1517 3209; x_wconf 81' lang='lat' dir='ltr'>viro</span> <span class='ocrx_word' id='word_1_907' title='bbox 1531 3180 1690 3218; x_wconf 70' lang='lat' dir='ltr'>dofflffimo,</span> <span class='ocrx_word' id='word_1_908' title='bbox 1704 3183 1770 3212; x_wconf 86' lang='lat' dir='ltr'>etin</span> <span class='ocrx_word' id='word_1_909' title='bbox 1785 3185 1892 3222; x_wconf 84' lang='lat' dir='ltr'>optimis</span> <span class='ocrx_word' id='word_1_910' title='bbox 1907 3185 2056 3223; x_wconf 81' lang='lat' dir='ltr'>quibusque</span> <span class='ocrx_word' id='word_1_911' title='bbox 2070 3184 2224 3213; x_wconf 54' lang='lat' dir='ltr'>mitioribus</span> <span class='ocrx_word' id='word_1_912' title='bbox 2233 3179 2310 3209; x_wconf 78' lang='lat' dir='ltr'>valde</span> <span class='ocrx_word' id='word_1_913' title='bbox 2321 3189 2396 3208; x_wconf 86' lang='lat' dir='ltr'>exer-</span> 
     </span>
     <span class='ocr_line' id='line_1_108' title="bbox 357 3218 2393 3265; baseline -0.003 -9"><span class='ocrx_word' id='word_1_914' title='bbox 357 3251 377 3265; x_wconf 86' lang='lat'>„</span> <span class='ocrx_word' id='word_1_915' title='bbox 387 3229 470 3256; x_wconf 72' lang='lat' dir='ltr'>citato</span> <span class='ocrx_word' id='word_1_916' title='bbox 482 3246 492 3259; x_wconf 78' lang='lat'><strong>‚</strong></span> <span class='ocrx_word' id='word_1_917' title='bbox 511 3225 542 3254; x_wconf 63' lang='lat' dir='ltr'>ac</span> <span class='ocrx_word' id='word_1_918' title='bbox 554 3247 565 3261; x_wconf 85' lang='lat'><strong>,</strong></span> <span class='ocrx_word' id='word_1_919' title='bbox 592 3225 666 3264; x_wconf 85' lang='lat' dir='ltr'>quod</span> <span class='ocrx_word' id='word_1_920' title='bbox 680 3226 801 3253; x_wconf 86' lang='lat' dir='ltr'>omnium</span> <span class='ocrx_word' id='word_1_921' title='bbox 813 3225 849 3252; x_wconf 84' lang='lat' dir='ltr'>est</span> <span class='ocrx_word' id='word_1_922' title='bbox 862 3224 1024 3257; x_wconf 78' lang='lat' dir='ltr'>maximum,</span> <span class='ocrx_word' id='word_1_923' title='bbox 1045 3224 1099 3251; x_wconf 83' lang='lat' dir='ltr'>acri</span> <span class='ocrx_word' id='word_1_924' title='bbox 1111 3222 1208 3250; x_wconf 85' lang='lat' dir='ltr'>iudicio</span> <span class='ocrx_word' id='word_1_925' title='bbox 1223 3220 1346 3260; x_wconf 77' lang='lat' dir='ltr'>praedito</span> <span class='ocrx_word' id='word_1_926' title='bbox 1362 3232 1368 3247; x_wconf 72' lang='grc' dir='ltr'><strong><em>ι</em></strong></span> <span class='ocrx_word' id='word_1_927' title='bbox 1393 3223 1450 3258; x_wconf 90' lang='lat' dir='ltr'>qui,</span> <span class='ocrx_word' id='word_1_928' title='bbox 1465 3222 1512 3249; x_wconf 79' lang='lat' dir='ltr'>nisi</span> <span class='ocrx_word' id='word_1_929' title='bbox 1523 3223 1601 3251; x_wconf 85' lang='lat' dir='ltr'>nobis</span> <span class='ocrx_word' id='word_1_930' title='bbox 1621 3223 1722 3252; x_wconf 78' lang='lat' dir='ltr'>auxilio</span> <span class='ocrx_word' id='word_1_931' title='bbox 1734 3219 1822 3252; x_wconf 67' lang='lat' dir='ltr'>fiiissct</span> <span class='ocrx_word' id='word_1_932' title='bbox 1836 3247 1843 3259; x_wconf 94' lang='lat'>‚</span> <span class='ocrx_word' id='word_1_933' title='bbox 1868 3232 1895 3252; x_wconf 82' lang='lat' dir='ltr'>et</span> <span class='ocrx_word' id='word_1_934' title='bbox 1916 3226 1985 3263; x_wconf 76' lang='lat' dir='ltr'>quasi</span> <span class='ocrx_word' id='word_1_935' title='bbox 2000 3224 2129 3253; x_wconf 73' lang='lat' dir='ltr'>Hercules</span> <span class='ocrx_word' id='word_1_936' title='bbox 2148 3221 2254 3261; x_wconf 78' lang='lat' dir='ltr'>quidam</span> <span class='ocrx_word' id='word_1_937' title='bbox 2266 3218 2332 3247; x_wconf 76' lang='lat' dir='ltr'>fess‘o</span> <span class='ocrx_word' id='word_1_938' title='bbox 2347 3223 2393 3249; x_wconf 80' lang='lat' dir='ltr'>At-</span> 
     </span>
     <span class='ocr_line' id='line_1_109' title="bbox 356 3260 2391 3307; baseline -0.004 -12"><span class='ocrx_word' id='word_1_939' title='bbox 356 3290 378 3307; x_wconf 80' lang='lat'>„</span> <span class='ocrx_word' id='word_1_940' title='bbox 391 3267 457 3296; x_wconf 81' lang='lat' dir='ltr'>lauti</span> <span class='ocrx_word' id='word_1_941' title='bbox 469 3267 618 3304; x_wconf 82' lang='lat' dir='ltr'>in.partem</span> <span class='ocrx_word' id='word_1_942' title='bbox 630 3265 730 3293; x_wconf 81' lang='lat' dir='ltr'>laboris</span> <span class='ocrx_word' id='word_1_943' title='bbox 747 3263 896 3302; x_wconf 71' lang='lat' dir='ltr'>fiicceffiffet</span> <span class='ocrx_word' id='word_1_944' title='bbox 909 3284 918 3298; x_wconf 86' lang='lat'>‚</span> <span class='ocrx_word' id='word_1_945' title='bbox 940 3273 1078 3301; x_wconf 77' lang='lat' dir='ltr'>nunquam</span> <span class='ocrx_word' id='word_1_946' title='bbox 1092 3262 1217 3301; x_wconf 64' lang='lat' dir='ltr'>profeeb</span> <span class='ocrx_word' id='word_1_947' title='bbox 1234 3269 1336 3290; x_wconf 81' lang='lat' dir='ltr'>tantam</span> <span class='ocrx_word' id='word_1_948' title='bbox 1349 3263 1438 3299; x_wconf 84' lang='lat' dir='ltr'>operis</span> <span class='ocrx_word' id='word_1_949' title='bbox 1452 3261 1553 3290; x_wconf 87' lang='lat' dir='ltr'>molem</span> <span class='ocrx_word' id='word_1_950' title='bbox 1567 3263 1692 3293; x_wconf 81' lang='lat' dir='ltr'>sustinere</span> <span class='ocrx_word' id='word_1_951' title='bbox 1707 3263 1888 3302; x_wconf 74' lang='lat' dir='ltr'>potuissemus.</span> <span class='ocrx_word' id='word_1_952' title='bbox 1930 3267 1953 3293; x_wconf 86' lang='lat' dir='ltr'>Is</span> <span class='ocrx_word' id='word_1_953' title='bbox 1971 3267 2054 3301; x_wconf 77' lang='lat' dir='ltr'>igitur</span> <span class='ocrx_word' id='word_1_954' title='bbox 2067 3267 2120 3293; x_wconf 80' lang='lat' dir='ltr'>iam</span> <span class='ocrx_word' id='word_1_955' title='bbox 2134 3261 2195 3291; x_wconf 70' lang='lat' dir='ltr'>intl‘e</span> <span class='ocrx_word' id='word_1_956' title='bbox 2211 3260 2245 3288; x_wconf 84' lang='lat' dir='ltr'>ab</span> <span class='ocrx_word' id='word_1_957' title='bbox 2256 3260 2335 3287; x_wconf 84' lang='lat' dir='ltr'>initio</span> <span class='ocrx_word' id='word_1_958' title='bbox 2348 3261 2391 3291; x_wconf 77' lang='lat' dir='ltr'>in-</span> 
     </span>
     <span class='ocr_line' id='line_1_110' title="bbox 359 3299 2390 3345; baseline -0.005 -8"><span class='ocrx_word' id='word_1_959' title='bbox 359 3331 378 3345; x_wconf 82' lang='lat'><strong>„</strong></span> <span class='ocrx_word' id='word_1_960' title='bbox 390 3308 472 3337; x_wconf 83' lang='lat' dir='ltr'>stituti</span> <span class='ocrx_word' id='word_1_961' title='bbox 485 3305 587 3334; x_wconf 82' lang='lat' dir='ltr'>laboris</span> <span class='ocrx_word' id='word_1_962' title='bbox 599 3326 608 3339; x_wconf 92' lang='lat'>‚</span> <span class='ocrx_word' id='word_1_963' title='bbox 627 3307 664 3334; x_wconf 81' lang='lat' dir='ltr'>ita</span> <span class='ocrx_word' id='word_1_964' title='bbox 680 3307 758 3333; x_wconf 80' lang='lat' dir='ltr'>nobis</span> <span class='ocrx_word' id='word_1_965' title='bbox 770 3327 778 3339; x_wconf 94' lang='lat'>‚</span> <span class='ocrx_word' id='word_1_966' title='bbox 796 3303 839 3334; x_wconf 83' lang='lat' dir='ltr'>vel</span> <span class='ocrx_word' id='word_1_967' title='bbox 851 3305 927 3342; x_wconf 85' lang='lat' dir='ltr'>Reip.</span> <span class='ocrx_word' id='word_1_968' title='bbox 942 3305 1031 3342; x_wconf 67' lang='lat' dir='ltr'>Potius</span> <span class='ocrx_word' id='word_1_969' title='bbox 1045 3325 1054 3338; x_wconf 89' lang='lat'>,</span> <span class='ocrx_word' id='word_1_970' title='bbox 1079 3304 1153 3331; x_wconf 74' lang='lat' dir='ltr'>cuius</span> <span class='ocrx_word' id='word_1_971' title='bbox 1166 3304 1202 3330; x_wconf 85' lang='lat' dir='ltr'>est</span> <span class='ocrx_word' id='word_1_972' title='bbox 1215 3302 1276 3330; x_wconf 75' lang='lat' dir='ltr'>sanc</span> <span class='ocrx_word' id='word_1_973' title='bbox 1293 3302 1482 3330; x_wconf 71' lang='lat' dir='ltr'>amantiffimue</span> <span class='ocrx_word' id='word_1_974' title='bbox 1495 3325 1503 3336; x_wconf 88' lang='lat'>‚</span> <span class='ocrx_word' id='word_1_975' title='bbox 1531 3313 1643 3342; x_wconf 83' lang='lat' dir='ltr'>operam</span> <span class='ocrx_word' id='word_1_976' title='bbox 1656 3305 1727 3334; x_wconf 80' lang='lat' dir='ltr'>dedit</span> <span class='ocrx_word' id='word_1_977' title='bbox 1740 3327 1748 3339; x_wconf 93' lang='lat'>‚</span> <span class='ocrx_word' id='word_1_978' title='bbox 1776 3313 1805 3332; x_wconf 89' lang='lat' dir='ltr'>vt</span> <span class='ocrx_word' id='word_1_979' title='bbox 1827 3307 1934 3339; x_wconf 82' lang='lat' dir='ltr'>omnia,</span> <span class='ocrx_word' id='word_1_980' title='bbox 1950 3315 2020 3344; x_wconf 71' lang='lat' dir='ltr'>quae</span> <span class='ocrx_word' id='word_1_981' title='bbox 2037 3312 2063 3333; x_wconf 87' lang='lat' dir='ltr'>et</span> <span class='ocrx_word' id='word_1_982' title='bbox 2075 3314 2090 3332; x_wconf 82' lang='lat' dir='ltr'>a</span> <span class='ocrx_word' id='word_1_983' title='bbox 2103 3302 2179 3330; x_wconf 71' lang='lat' dir='ltr'>nobi·</span> <span class='ocrx_word' id='word_1_984' title='bbox 2194 3322 2202 3334; x_wconf 90' lang='lat'><strong><em>,</em></strong></span> <span class='ocrx_word' id='word_1_985' title='bbox 2229 3306 2280 3327; x_wconf 82' lang='lat' dir='ltr'>eta</span> <span class='ocrx_word' id='word_1_986' title='bbox 2296 3299 2390 3332; x_wconf 57' lang='lat' dir='ltr'>nostri}</span> 
     </span>
    </p>
   </div>
   <div class='ocr_carea' id='block_1_16' title="bbox 358 3341 1934 3388">
    <p class='ocr_par' dir='ltr' id='par_1_16' title="bbox 358 3341 1934 3388">
     <span class='ocr_line' id='line_1_111' title="bbox 358 3341 1934 3388; baseline -0.003 -11"><span class='ocrx_word' id='word_1_987' title='bbox 358 3371 377 3385; x_wconf 87' lang='lat'>,‚</span> <span class='ocrx_word' id='word_1_988' title='bbox 393 3347 516 3385; x_wconf 83' lang='lat' dir='ltr'>congesta</span> <span class='ocrx_word' id='word_1_989' title='bbox 532 3354 624 3381; x_wconf 83' lang='lat' dir='ltr'>erant,</span> <span class='ocrx_word' id='word_1_990' title='bbox 645 3345 698 3384; x_wconf 87' lang='lat' dir='ltr'>ipse</span> <span class='ocrx_word' id='word_1_991' title='bbox 713 3343 953 3383; x_wconf 49' lang='lat' dir='ltr'>relegeretffeaque</span> <span class='ocrx_word' id='word_1_992' title='bbox 967 3351 1094 3382; x_wconf 80' lang='lat' dir='ltr'>tanquam</span> <span class='ocrx_word' id='word_1_993' title='bbox 1109 3342 1244 3388; x_wconf 75' lang='lat' dir='ltr'>supremus</span> <span class='ocrx_word' id='word_1_994' title='bbox 1257 3341 1353 3370; x_wconf 81' lang='lat' dir='ltr'>artifex</span> <span class='ocrx_word' id='word_1_995' title='bbox 1368 3342 1492 3371; x_wconf 78' lang='lat' dir='ltr'>inchoata</span> <span class='ocrx_word' id='word_1_996' title='bbox 1507 3350 1533 3371; x_wconf 87' lang='lat' dir='ltr'>et</span> <span class='ocrx_word' id='word_1_997' title='bbox 1547 3344 1631 3373; x_wconf 85' lang='lat' dir='ltr'>adhuc</span> <span class='ocrx_word' id='word_1_998' title='bbox 1647 3345 1723 3374; x_wconf 81' lang='lat' dir='ltr'>rudia</span> <span class='ocrx_word' id='word_1_999' title='bbox 1737 3344 1894 3384; x_wconf 86' lang='lat' dir='ltr'>perpoliret.</span> <span class='ocrx_word' id='word_1_1000' title='bbox 1915 3368 1934 3381; x_wconf 88' lang='lat'><strong>„</strong></span> 
     </span>
    </p>
   </div>
   <div class='ocr_carea' id='block_1_17' title="bbox 1973 3338 2391 3375">
    <p class='ocr_par' dir='ltr' id='par_1_17' title="bbox 1973 3338 2391 3375">
     <span class='ocr_line' id='line_1_112' title="bbox 1973 3338 2391 3375; baseline -0.031 0"><span class='ocrx_word' id='word_1_1001' title='bbox 1973 3344 2082 3375; x_wconf 76' lang='lat' dir='ltr'>Praefat.</span> <span class='ocrx_word' id='word_1_1002' title='bbox 2090 3341 2157 3370; x_wconf 80' lang='lat' dir='ltr'>Edit.</span> <span class='ocrx_word' id='word_1_1003' title='bbox 2173 3347 2239 3375; x_wconf 77' lang='lat'>¹543·</span> <span class='ocrx_word' id='word_1_1004' title='bbox 2269 3338 2305 3370; x_wconf 79' lang='lat' dir='ltr'>‘b)</span> <span class='ocrx_word' id='word_1_1005' title='bbox 2325 3340 2391 3367; x_wconf 60' lang='lat' dir='ltr'>cre-¹</span> 
     </span>
    </p>
   </div>
   <div class='ocr_carea' id='block_1_18' title="bbox 356 3379 2391 3512">
    <p class='ocr_par' dir='ltr' id='par_1_18' title="bbox 356 3379 2391 3512">
     <span class='ocr_line' id='line_1_113' title="bbox 356 3379 2389 3429; baseline -0.006 -11"><span class='ocrx_word' id='word_1_1006' title='bbox 356 3388 439 3418; x_wconf 70' lang='lat' dir='ltr'>dibile</span> <span class='ocrx_word' id='word_1_1007' title='bbox 454 3385 681 3423; x_wconf 80' lang='lat' dir='ltr'>est‚Nizolianam</span> <span class='ocrx_word' id='word_1_1008' title='bbox 701 3385 824 3424; x_wconf 76' lang='lat' dir='ltr'>Thefimri</span> <span class='ocrx_word' id='word_1_1009' title='bbox 839 3384 988 3414; x_wconf 85' lang='lat' dir='ltr'>Editionem</span> <span class='ocrx_word' id='word_1_1010' title='bbox 1004 3383 1142 3423; x_wconf 82' lang='lat' dir='ltr'>respexisle</span> <span class='ocrx_word' id='word_1_1011' title='bbox 1158 3383 1315 3421; x_wconf 79' lang='lat' dir='ltr'>Stephanum</span> <span class='ocrx_word' id='word_1_1012' title='bbox 1334 3384 1363 3410; x_wconf 86' lang='lat' dir='ltr'>in</span> <span class='ocrx_word' id='word_1_1013' title='bbox 1377 3382 1546 3420; x_wconf 81' lang='lat' dir='ltr'>sequentibus</span> <span class='ocrx_word' id='word_1_1014' title='bbox 1560 3405 1568 3418; x_wconf 85' lang='lat'><strong>,</strong></span> <span class='ocrx_word' id='word_1_1015' title='bbox 1598 3396 1666 3424; x_wconf 71' lang='lat' dir='ltr'>quae</span> <span class='ocrx_word' id='word_1_1016' title='bbox 1680 3396 1711 3414; x_wconf 82' lang='lat' dir='ltr'>ea</span> <span class='ocrx_word' id='word_1_1017' title='bbox 1729 3385 1785 3424; x_wconf 76' lang='lat' dir='ltr'>ipsa</span> <span class='ocrx_word' id='word_1_1018' title='bbox 1799 3387 1952 3424; x_wconf 75' lang='lat' dir='ltr'>tempestate</span> <span class='ocrx_word' id='word_1_1019' title='bbox 1965 3382 2082 3429; x_wconf 50' lang='lat' dir='ltr'>Vqssetiis</span> <span class='ocrx_word' id='word_1_1020' title='bbox 2100 3379 2293 3419; x_wconf 76' lang='lat' dir='ltr'>procurabatur</span> <span class='ocrx_word' id='word_1_1021' title='bbox 2301 3387 2389 3416; x_wconf 59' lang='lat' dir='ltr'>‚0an</span> 
     </span>
     <span class='ocr_line' id='line_1_114' title="bbox 362 3417 2391 3465; baseline -0.006 -7"><span class='ocrx_word' id='word_1_1022' title='bbox 362 3439 381 3459; x_wconf 67' lang='lat' dir='ltr'>lt</span> <span class='ocrx_word' id='word_1_1023' title='bbox 393 3436 414 3458; x_wconf 91' lang='lat' dir='ltr'>o</span> <span class='ocrx_word' id='word_1_1024' title='bbox 424 3437 449 3458; x_wconf 84' lang='grc' dir='ltr'>Β.</span> <span class='ocrx_word' id='word_1_1025' title='bbox 472 3436 485 3456; x_wconf 88' lang='lat' dir='ltr'>s</span> <span class='ocrx_word' id='word_1_1026' title='bbox 495 3435 518 3458; x_wconf 81' lang='lat' dir='ltr'>‘r</span> <span class='ocrx_word' id='word_1_1027' title='bbox 527 3434 544 3456; x_wconf 85' lang='grc' dir='ltr'>Ε</span> <span class='ocrx_word' id='word_1_1028' title='bbox 554 3435 570 3455; x_wconf 71' lang='lat' dir='ltr'>P</span> <span class='ocrx_word' id='word_1_1029' title='bbox 580 3435 601 3455; x_wconf 78' lang='grc' dir='ltr'><strong><em>Η</em></strong></span> <span class='ocrx_word' id='word_1_1030' title='bbox 611 3434 633 3455; x_wconf 79' lang='grc' dir='ltr'><strong>Α</strong></span> <span class='ocrx_word' id='word_1_1031' title='bbox 645 3433 667 3454; x_wconf 85' lang='grc' dir='ltr'><strong>Ν</strong></span> <span class='ocrx_word' id='word_1_1032' title='bbox 683 3433 702 3453; x_wconf 86' lang='lat' dir='ltr'>V</span> <span class='ocrx_word' id='word_1_1033' title='bbox 714 3434 727 3454; x_wconf 92' lang='lat' dir='ltr'>s</span> <span class='ocrx_word' id='word_1_1034' title='bbox 754 3427 840 3463; x_wconf 77' lang='lat' dir='ltr'>putria</span> <span class='ocrx_word' id='word_1_1035' title='bbox 853 3425 982 3465; x_wconf 74' lang='lat' dir='ltr'>profugus</span> <span class='ocrx_word' id='word_1_1036' title='bbox 996 3425 1122 3453; x_wconf 84' lang='lat' dir='ltr'>Venetias</span> <span class='ocrx_word' id='word_1_1037' title='bbox 1139 3431 1297 3461; x_wconf 80' lang='lat' dir='ltr'>caeteraque</span> <span class='ocrx_word' id='word_1_1038' title='bbox 1310 3421 1368 3451; x_wconf 81' lang='lat' dir='ltr'>loca</span> <span class='ocrx_word' id='word_1_1039' title='bbox 1383 3422 1564 3462; x_wconf 77' lang='lat' dir='ltr'>Transalpina</span> <span class='ocrx_word' id='word_1_1040' title='bbox 1579 3427 1738 3463; x_wconf 80' lang='lat' dir='ltr'>peragrauit.</span> <span class='ocrx_word' id='word_1_1041' title='bbox 1779 3447 1798 3461; x_wconf 86' lang='lat'><strong>„</strong></span> <span class='ocrx_word' id='word_1_1042' title='bbox 1812 3429 1906 3456; x_wconf 88' lang='lat' dir='ltr'>Metuo</span> <span class='ocrx_word' id='word_1_1043' title='bbox 1920 3432 2046 3458; x_wconf 46' lang='lat' dir='ltr'>eei-temne</span> <span class='ocrx_word' id='word_1_1044' title='bbox 2057 3421 2146 3463; x_wconf 75' lang='lat' dir='ltr'>miseri</span> <span class='ocrx_word' id='word_1_1045' title='bbox 2167 3420 2208 3448; x_wconf 79' lang='lat' dir='ltr'>isti</span> <span class='ocrx_word' id='word_1_1046' title='bbox 2219 3417 2391 3456; x_wconf 63' lang='grc' dir='ltr'>ἔαρέοιμλςξι·</span> 
     </span>
     <span class='ocr_line' id='line_1_115' title="bbox 358 3456 2388 3512; baseline -0.005 -16"><span class='ocrx_word' id='word_1_1047' title='bbox 358 3490 377 3504; x_wconf 84' lang='grc'>,,</span> <span class='ocrx_word' id='word_1_1048' title='bbox 389 3463 586 3507; x_wconf 58' lang='grc' dir='ltr'>κπσυρῥαπτοέδας</span> <span class='ocrx_word' id='word_1_1049' title='bbox 598 3473 624 3495; x_wconf 90' lang='lat' dir='ltr'>et</span> <span class='ocrx_word' id='word_1_1050' title='bbox 639 3476 717 3494; x_wconf 82' lang='lat' dir='ltr'>voces</span> <span class='ocrx_word' id='word_1_1051' title='bbox 729 3464 790 3494; x_wconf 74' lang='lat' dir='ltr'>illas</span> <span class='ocrx_word' id='word_1_1052' title='bbox 802 3474 828 3494; x_wconf 87' lang='lat' dir='ltr'>et</span> <span class='ocrx_word' id='word_1_1053' title='bbox 842 3465 906 3494; x_wconf 80' lang='lat' dir='ltr'>alias</span> <span class='ocrx_word' id='word_1_1054' title='bbox 921 3463 1128 3512; x_wconf 68' lang='lat' dir='ltr'>quamplurimas</span> <span class='ocrx_word' id='word_1_1055' title='bbox 1142 3485 1150 3498; x_wconf 90' lang='lat'>,</span> <span class='ocrx_word' id='word_1_1056' title='bbox 1171 3463 1264 3492; x_wconf 76' lang='lat' dir='ltr'>itidem</span> <span class='ocrx_word' id='word_1_1057' title='bbox 1278 3464 1476 3492; x_wconf 84' lang='lat' dir='ltr'>commentitias</span> <span class='ocrx_word' id='word_1_1058' title='bbox 1489 3470 1534 3492; x_wconf 78' lang='lat' dir='ltr'>aut</span> <span class='ocrx_word' id='word_1_1059' title='bbox 1548 3464 1672 3502; x_wconf 87' lang='lat' dir='ltr'>quolibet</span> <span class='ocrx_word' id='word_1_1060' title='bbox 1685 3465 1767 3495; x_wconf 83' lang='lat' dir='ltr'>modo</span> <span class='ocrx_word' id='word_1_1061' title='bbox 1782 3466 2018 3502; x_wconf 34' lang='lat' dir='ltr'>mendosa-‚hquas</span> <span class='ocrx_word' id='word_1_1062' title='bbox 2033 3471 2083 3498; x_wconf 83' lang='lat' dir='ltr'>ego</span> <span class='ocrx_word' id='word_1_1063' title='bbox 2098 3458 2230 3496; x_wconf 67' lang='lat' dir='ltr'>telegoni,</span> <span class='ocrx_word' id='word_1_1064' title='bbox 2242 3456 2284 3487; x_wconf 88' lang='lat' dir='ltr'>vel</span> <span class='ocrx_word' id='word_1_1065' title='bbox 2300 3460 2388 3497; x_wconf 76' lang='lat' dir='ltr'>potins</span> 
     </span>
    </p>
   </div>
   <div class='ocr_carea' id='block_1_19' title="bbox 360 3502 1837 3546">
    <p class='ocr_par' dir='ltr' id='par_1_19' title="bbox 360 3502 1837 3546">
     <span class='ocr_line' id='line_1_116' title="bbox 360 3502 1837 3546; baseline 0.001 -11"><span class='ocrx_word' id='word_1_1066' title='bbox 360 3531 381 3544; x_wconf 86' lang='lat'><strong>„</strong></span> <span class='ocrx_word' id='word_1_1067' title='bbox 394 3511 416 3535; x_wconf 72' lang='grc' dir='ltr'>ἐς</span> <span class='ocrx_word' id='word_1_1068' title='bbox 431 3509 534 3546; x_wconf 73' lang='grc' dir='ltr'>κόρακας</span> <span class='ocrx_word' id='word_1_1069' title='bbox 554 3506 696 3535; x_wconf 72' lang='lat' dir='ltr'>amandaui</span> <span class='ocrx_word' id='word_1_1070' title='bbox 709 3527 718 3541; x_wconf 86' lang='lat'>‚</span> <span class='ocrx_word' id='word_1_1071' title='bbox 734 3513 867 3544; x_wconf 65' lang='lat' dir='ltr'>tanquam</span> <span class='ocrx_word' id='word_1_1072' title='bbox 883 3516 931 3546; x_wconf 85' lang='lat' dir='ltr'>per</span> <span class='ocrx_word' id='word_1_1073' title='bbox 943 3515 1073 3534; x_wconf 75' lang='lat' dir='ltr'>incuriam</span> <span class='ocrx_word' id='word_1_1074' title='bbox 1089 3514 1104 3532; x_wconf 85' lang='lat' dir='ltr'>a</span> <span class='ocrx_word' id='word_1_1075' title='bbox 1117 3514 1160 3532; x_wconf 87' lang='lat' dir='ltr'>me</span> <span class='ocrx_word' id='word_1_1076' title='bbox 1176 3502 1370 3543; x_wconf 72' lang='lat' dir='ltr'>praetermissae</span> <span class='ocrx_word' id='word_1_1077' title='bbox 1382 3505 1410 3532; x_wconf 88' lang='lat' dir='ltr'>in</span> <span class='ocrx_word' id='word_1_1078' title='bbox 1422 3513 1512 3532; x_wconf 87' lang='lat' dir='ltr'>meum</span> <span class='ocrx_word' id='word_1_1079' title='bbox 1526 3505 1606 3533; x_wconf 72' lang='lat' dir='ltr'>etiam</span> <span class='ocrx_word' id='word_1_1080' title='bbox 1621 3504 1698 3535; x_wconf 90' lang='lat' dir='ltr'>illum</span> <span class='ocrx_word' id='word_1_1081' title='bbox 1711 3507 1837 3536; x_wconf 82' lang='lat' dir='ltr'>Thesaur</span> 
     </span>
    </p>
   </div>
   <div class='ocr_carea' id='block_1_20' title="bbox 1847 3497 2391 3546">
    <p class='ocr_par' dir='ltr' id='par_1_20' title="bbox 1847 3497 2391 3546">
     <span class='ocr_line' id='line_1_117' title="bbox 1847 3497 2391 3546; baseline -0.017 -12"><span class='ocrx_word' id='word_1_1082' title='bbox 1847 3497 1883 3515; x_wconf 49' lang='grc' dir='ltr'>μ’</span> <span class='ocrx_word' id='word_1_1083' title='bbox 1891 3503 2039 3546; x_wconf 56' lang='lat' dir='ltr'>intrudant.</span> <span class='ocrx_word' id='word_1_1084' title='bbox 2088 3499 2169 3535; x_wconf 77' lang='lat' dir='ltr'>Qiod</span> <span class='ocrx_word' id='word_1_1085' title='bbox 2181 3508 2264 3538; x_wconf 84' lang='lat' dir='ltr'>quum</span> <span class='ocrx_word' id='word_1_1086' title='bbox 2276 3498 2391 3533; x_wconf 76' lang='lat' dir='ltr'>accidet,</span> 
     </span>
    </p>
   </div>
   <div class='ocr_carea' id='block_1_21' title="bbox 361 3540 2391 3588">
    <p class='ocr_par' dir='ltr' id='par_1_21' title="bbox 361 3540 2391 3588">
     <span class='ocr_line' id='line_1_118' title="bbox 361 3540 2391 3588; baseline -0.006 -11"><span class='ocrx_word' id='word_1_1087' title='bbox 361 3570 380 3585; x_wconf 90' lang='lat'>„</span> <span class='ocrx_word' id='word_1_1088' title='bbox 394 3549 464 3586; x_wconf 76' lang='lat' dir='ltr'>idem</span> <span class='ocrx_word' id='word_1_1089' title='bbox 476 3546 583 3588; x_wconf 68' lang='lat' dir='ltr'>prorsum</span> <span class='ocrx_word' id='word_1_1090' title='bbox 596 3547 663 3576; x_wconf 89' lang='lat' dir='ltr'>mihi</span> <span class='ocrx_word' id='word_1_1091' title='bbox 676 3568 685 3581; x_wconf 91' lang='lat'><strong>,</strong></span> <span class='ocrx_word' id='word_1_1092' title='bbox 705 3545 779 3585; x_wconf 84' lang='lat' dir='ltr'>quod</span> <span class='ocrx_word' id='word_1_1093' title='bbox 793 3545 992 3585; x_wconf 52' lang='lat' dir='ltr'>pati-Lmemm</span> <span class='ocrx_word' id='word_1_1094' title='bbox 1001 3553 1020 3574; x_wconf 95' lang='lat' dir='ltr'>o</span> <span class='ocrx_word' id='word_1_1095' title='bbox 1029 3553 1046 3574; x_wconf 82' lang='grc' dir='ltr'>Β</span> <span class='ocrx_word' id='word_1_1096' title='bbox 1061 3552 1078 3574; x_wconf 78' lang='grc' dir='ltr'><strong>Ε</strong></span> <span class='ocrx_word' id='word_1_1097' title='bbox 1089 3551 1139 3573; x_wconf 76' lang='lat' dir='ltr'>R&#39;r</span> <span class='ocrx_word' id='word_1_1098' title='bbox 1148 3551 1168 3572; x_wconf 94' lang='lat' dir='ltr'>o</span> <span class='ocrx_word' id='word_1_1099' title='bbox 1189 3553 1203 3573; x_wconf 83' lang='lat' dir='ltr'>s</span> <span class='ocrx_word' id='word_1_1100' title='bbox 1215 3552 1237 3573; x_wconf 84' lang='grc' dir='ltr'><strong>Τ</strong></span> <span class='ocrx_word' id='word_1_1101' title='bbox 1253 3551 1271 3572; x_wconf 77' lang='lat' dir='ltr'>E</span> <span class='ocrx_word' id='word_1_1102' title='bbox 1283 3552 1300 3572; x_wconf 74' lang='grc' dir='ltr'>Ρ</span> <span class='ocrx_word' id='word_1_1103' title='bbox 1313 3551 1335 3572; x_wconf 76' lang='grc' dir='ltr'><em>Η</em></span> <span class='ocrx_word' id='word_1_1104' title='bbox 1345 3551 1368 3572; x_wconf 85' lang='grc' dir='ltr'><strong>Α</strong></span> <span class='ocrx_word' id='word_1_1105' title='bbox 1380 3553 1402 3572; x_wconf 80' lang='lat' dir='ltr'>N</span> <span class='ocrx_word' id='word_1_1106' title='bbox 1415 3551 1435 3572; x_wconf 92' lang='lat'>0</span> <span class='ocrx_word' id='word_1_1107' title='bbox 1450 3565 1459 3578; x_wconf 89' lang='lat'><strong>,</strong></span> <span class='ocrx_word' id='word_1_1108' title='bbox 1479 3543 1507 3571; x_wconf 84' lang='lat' dir='ltr'>id</span> <span class='ocrx_word' id='word_1_1109' title='bbox 1519 3545 1556 3572; x_wconf 81' lang='lat' dir='ltr'>est</span> <span class='ocrx_word' id='word_1_1110' title='bbox 1568 3567 1576 3580; x_wconf 86' lang='lat'>‚</span> <span class='ocrx_word' id='word_1_1111' title='bbox 1597 3546 1668 3575; x_wconf 86' lang='lat' dir='ltr'>idem</span> <span class='ocrx_word' id='word_1_1112' title='bbox 1682 3549 1746 3585; x_wconf 61' lang='lat' dir='ltr'>meis</span> <span class='ocrx_word' id='word_1_1113' title='bbox 1760 3547 1834 3587; x_wconf 85' lang='lat' dir='ltr'>quod</span> <span class='ocrx_word' id='word_1_1114' title='bbox 1844 3544 1860 3576; x_wconf 82' lang='lat' dir='ltr'>&#39;e</span> <span class='ocrx_word' id='word_1_1115' title='bbox 1889 3542 2050 3573; x_wconf 77' lang='lat' dir='ltr'>s‘laboribus</span> <span class='ocrx_word' id='word_1_1116' title='bbox 2063 3563 2072 3576; x_wconf 87' lang='lat'><em>,</em></span> <span class='ocrx_word' id='word_1_1117' title='bbox 2092 3541 2138 3569; x_wconf 90' lang='lat' dir='ltr'>vsu</span> <span class='ocrx_word' id='word_1_1118' title='bbox 2151 3540 2249 3568; x_wconf 86' lang='lat' dir='ltr'>veniet.</span> <span class='ocrx_word' id='word_1_1119' title='bbox 2297 3541 2391 3573; x_wconf 71' lang='lat' dir='ltr'>Quum</span> 
     </span>
    </p>
   </div>
   <div class='ocr_carea' id='block_1_22' title="bbox 359 3583 1798 3666">
    <p class='ocr_par' dir='ltr' id='par_1_22' title="bbox 359 3583 1798 3666">
     <span class='ocr_line' id='line_1_119' title="bbox 360 3583 1798 3625; baseline -0.001 -9"><span class='ocrx_word' id='word_1_1120' title='bbox 360 3610 381 3624; x_wconf 85' lang='lat'>„</span> <span class='ocrx_word' id='word_1_1121' title='bbox 395 3591 468 3617; x_wconf 84' lang='lat' dir='ltr'>enim</span> <span class='ocrx_word' id='word_1_1122' title='bbox 481 3588 528 3617; x_wconf 85' lang='lat' dir='ltr'>ille</span> <span class='ocrx_word' id='word_1_1123' title='bbox 544 3588 665 3616; x_wconf 70' lang='lat' dir='ltr'>Veneriis</span> <span class='ocrx_word' id='word_1_1124' title='bbox 677 3597 757 3623; x_wconf 79' lang='lat' dir='ltr'>agens</span> <span class='ocrx_word' id='word_1_1125' title='bbox 772 3585 906 3624; x_wconf 76' lang='lat' dir='ltr'>quandam</span> <span class='ocrx_word' id='word_1_1126' title='bbox 926 3585 1061 3621; x_wconf 65' lang='lat' dir='ltr'>officinam</span> <span class='ocrx_word' id='word_1_1127' title='bbox 1076 3585 1313 3624; x_wconf 83' lang='lat' dir='ltr'>Typographicam</span> <span class='ocrx_word' id='word_1_1128' title='bbox 1332 3583 1460 3621; x_wconf 74' lang='lat' dir='ltr'>ingressus</span> <span class='ocrx_word' id='word_1_1129' title='bbox 1473 3583 1536 3613; x_wconf 75' lang='lat' dir='ltr'>esset</span> <span class='ocrx_word' id='word_1_1130' title='bbox 1550 3607 1559 3619; x_wconf 89' lang='lat'><strong><em>,</em></strong></span> <span class='ocrx_word' id='word_1_1131' title='bbox 1585 3587 1612 3614; x_wconf 88' lang='lat' dir='ltr'>in</span> <span class='ocrx_word' id='word_1_1132' title='bbox 1625 3597 1678 3625; x_wconf 82' lang='lat' dir='ltr'>qua</span> <span class='ocrx_word' id='word_1_1133' title='bbox 1700 3587 1798 3617; x_wconf 80' lang='lat' dir='ltr'>excude</span> 
     </span>
     <span class='ocr_line' id='line_1_120' title="bbox 359 3624 1786 3666; baseline 0.001 -11"><span class='ocrx_word' id='word_1_1134' title='bbox 359 3649 379 3664; x_wconf 88' lang='lat'>„</span> <span class='ocrx_word' id='word_1_1135' title='bbox 393 3628 476 3656; x_wconf 78' lang='lat' dir='ltr'>fiunta</span> <span class='ocrx_word' id='word_1_1136' title='bbox 490 3630 518 3657; x_wconf 87' lang='lat' dir='ltr'>iu</span> <span class='ocrx_word' id='word_1_1137' title='bbox 532 3638 626 3657; x_wconf 83' lang='lat' dir='ltr'>manus</span> <span class='ocrx_word' id='word_1_1138' title='bbox 634 3627 731 3656; x_wconf 51' lang='lat' dir='ltr'>*charta</span> <span class='ocrx_word' id='word_1_1139' title='bbox 742 3647 751 3661; x_wconf 88' lang='lat'><strong>,</strong></span> <span class='ocrx_word' id='word_1_1140' title='bbox 772 3625 865 3655; x_wconf 79' lang='lat' dir='ltr'>oculos</span> <span class='ocrx_word' id='word_1_1141' title='bbox 877 3627 962 3655; x_wconf 81' lang='lat' dir='ltr'>statim</span> <span class='ocrx_word' id='word_1_1142' title='bbox 974 3628 1002 3655; x_wconf 85' lang='lat' dir='ltr'>in</span> <span class='ocrx_word' id='word_1_1143' title='bbox 1015 3625 1152 3664; x_wconf 80' lang='lat' dir='ltr'>quoddam</span> <span class='ocrx_word' id='word_1_1144' title='bbox 1164 3624 1326 3653; x_wconf 74' lang='lat' dir='ltr'>vocabulum</span> <span class='ocrx_word' id='word_1_1145' title='bbox 1340 3625 1453 3653; x_wconf 77' lang='lat' dir='ltr'>coniecit</span> <span class='ocrx_word' id='word_1_1146' title='bbox 1468 3646 1476 3659; x_wconf 93' lang='lat'>,</span> <span class='ocrx_word' id='word_1_1147' title='bbox 1496 3625 1570 3663; x_wconf 86' lang='lat' dir='ltr'>quod</span> <span class='ocrx_word' id='word_1_1148' title='bbox 1586 3626 1609 3654; x_wconf 90' lang='lat' dir='ltr'>se</span> <span class='ocrx_word' id='word_1_1149' title='bbox 1625 3627 1691 3656; x_wconf 90' lang='lat' dir='ltr'>olim</span> <span class='ocrx_word' id='word_1_1150' title='bbox 1705 3626 1786 3666; x_wconf 59' lang='lat' dir='ltr'>reieci</span> 
     </span>
    </p>
   </div>
   <div class='ocr_carea' id='block_1_23' title="bbox 1841 3577 2391 3661">
    <p class='ocr_par' dir='ltr' id='par_1_23' title="bbox 1841 3577 2391 3661">
     <span class='ocr_line' id='line_1_121' title="bbox 1845 3577 2390 3620; baseline -0.013 -7"><span class='ocrx_word' id='word_1_1151' title='bbox 1845 3577 1950 3620; x_wconf 45' lang='lat' dir='ltr'>{viginis</span> <span class='ocrx_word' id='word_1_1152' title='bbox 1963 3581 2120 3611; x_wconf 77' lang='lat' dir='ltr'>Thesaurus</span> <span class='ocrx_word' id='word_1_1153' title='bbox 2133 3580 2241 3608; x_wconf 81' lang='lat' dir='ltr'>Latinae</span> <span class='ocrx_word' id='word_1_1154' title='bbox 2254 3580 2369 3616; x_wconf 80' lang='lat' dir='ltr'>Linguae</span> <span class='ocrx_word' id='word_1_1155' title='bbox 2381 3600 2390 3612; x_wconf 95' lang='lat'><strong>‚</strong></span> 
     </span>
     <span class='ocr_line' id='line_1_122' title="bbox 1841 3620 2391 3661; baseline -0.011 -9"><span class='ocrx_word' id='word_1_1156' title='bbox 1841 3635 1843 3637; x_wconf 58' lang='lat'><strong><em>¹</em></strong></span> <span class='ocrx_word' id='word_1_1157' title='bbox 1861 3622 1924 3652; x_wconf 83' lang='lat' dir='ltr'>dum</span> <span class='ocrx_word' id='word_1_1158' title='bbox 1938 3632 2005 3661; x_wconf 84' lang='lat' dir='ltr'>opus</span> <span class='ocrx_word' id='word_1_1159' title='bbox 2016 3620 2086 3649; x_wconf 82' lang='lat' dir='ltr'>illud</span> <span class='ocrx_word' id='word_1_1160' title='bbox 2100 3621 2280 3652; x_wconf 77' lang='lat' dir='ltr'>construeret,</span> <span class='ocrx_word' id='word_1_1161' title='bbox 2301 3629 2391 3648; x_wconf 79' lang='lat' dir='ltr'>reeor-</span> 
     </span>
    </p>
   </div>
   <div class='ocr_carea' id='block_1_24' title="bbox 355 3657 2398 3867">
    <p class='ocr_par' dir='ltr' id='par_1_24' title="bbox 355 3657 2398 3867">
     <span class='ocr_line' id='line_1_123' title="bbox 361 3657 2392 3709; baseline -0.004 -13"><span class='ocrx_word' id='word_1_1162' title='bbox 361 3690 381 3705; x_wconf 85' lang='lat'>‚,</span> <span class='ocrx_word' id='word_1_1163' title='bbox 394 3667 517 3696; x_wconf 73' lang='lat' dir='ltr'>dabatur.</span> <span class='ocrx_word' id='word_1_1164' title='bbox 556 3670 670 3697; x_wconf 81' lang='lat' dir='ltr'>Miratus</span> <span class='ocrx_word' id='word_1_1165' title='bbox 683 3677 749 3703; x_wconf 86' lang='lat' dir='ltr'>ergo</span> <span class='ocrx_word' id='word_1_1166' title='bbox 764 3667 838 3695; x_wconf 88' lang='lat' dir='ltr'>suum</span> <span class='ocrx_word' id='word_1_1167' title='bbox 862 3665 998 3705; x_wconf 76' lang='lat' dir='ltr'>exemplar</span> <span class='ocrx_word' id='word_1_1168' title='bbox 1013 3665 1106 3696; x_wconf 79' lang='lat' dir='ltr'>afferri</span> <span class='ocrx_word' id='word_1_1169' title='bbox 1117 3664 1157 3694; x_wconf 82' lang='lat' dir='ltr'>&#39;ad</span> <span class='ocrx_word' id='word_1_1170' title='bbox 1172 3665 1197 3694; x_wconf 90' lang='lat' dir='ltr'>se</span> <span class='ocrx_word' id='word_1_1171' title='bbox 1211 3666 1282 3693; x_wconf 83' lang='lat' dir='ltr'>iussit</span> <span class='ocrx_word' id='word_1_1172' title='bbox 1295 3687 1303 3700; x_wconf 90' lang='lat'>‚</span> <span class='ocrx_word' id='word_1_1173' title='bbox 1333 3664 1406 3703; x_wconf 83' lang='lat' dir='ltr'>quod</span> <span class='ocrx_word' id='word_1_1174' title='bbox 1421 3665 1481 3693; x_wconf 81' lang='lat' dir='ltr'>suae</span> <span class='ocrx_word' id='word_1_1175' title='bbox 1493 3668 1642 3695; x_wconf 80' lang='lat' dir='ltr'>memoriae</span> <span class='ocrx_word' id='word_1_1176' title='bbox 1662 3657 1852 3709; x_wconf 57' lang='lat' dir='ltr'>nowoiffiino</span> <span class='ocrx_word' id='word_1_1177' title='bbox 1865 3662 2001 3692; x_wconf 79' lang='lat' dir='ltr'>fidendum</span> <span class='ocrx_word' id='word_1_1178' title='bbox 2014 3667 2128 3700; x_wconf 85' lang='lat' dir='ltr'>putaret.</span> <span class='ocrx_word' id='word_1_1179' title='bbox 2174 3660 2216 3688; x_wconf 77' lang='lat' dir='ltr'>lbi</span> <span class='ocrx_word' id='word_1_1180' title='bbox 2230 3667 2301 3703; x_wconf 67' lang='lat' dir='ltr'>cette</span> <span class='ocrx_word' id='word_1_1181' title='bbox 2308 3668 2392 3688; x_wconf 65' lang='lat' dir='ltr'>voca-</span> 
     </span>
     <span class='ocr_line' id='line_1_124' title="bbox 359 3701 2398 3746; baseline -0.002 -12"><span class='ocrx_word' id='word_1_1182' title='bbox 359 3730 380 3744; x_wconf 85' lang='lat'><em>„</em></span> <span class='ocrx_word' id='word_1_1183' title='bbox 394 3707 487 3735; x_wconf 86' lang='lat' dir='ltr'>bulum</span> <span class='ocrx_word' id='word_1_1184' title='bbox 502 3706 568 3735; x_wconf 85' lang='lat' dir='ltr'>illud</span> <span class='ocrx_word' id='word_1_1185' title='bbox 584 3719 640 3737; x_wconf 84' lang='lat' dir='ltr'>non</span> <span class='ocrx_word' id='word_1_1186' title='bbox 652 3709 757 3736; x_wconf 82' lang='lat' dir='ltr'>inuenit</span> <span class='ocrx_word' id='word_1_1187' title='bbox 769 3729 779 3742; x_wconf 90' lang='lat'><strong>,</strong></span> <span class='ocrx_word' id='word_1_1188' title='bbox 799 3704 844 3735; x_wconf 84' lang='lat' dir='ltr'>sed</span> <span class='ocrx_word' id='word_1_1189' title='bbox 858 3709 972 3742; x_wconf 77' lang='lat' dir='ltr'>margini</span> <span class='ocrx_word' id='word_1_1190' title='bbox 982 3707 1160 3746; x_wconf 80' lang='lat' dir='ltr'>adscriptum,</span> <span class='ocrx_word' id='word_1_1191' title='bbox 1180 3713 1207 3734; x_wconf 89' lang='lat' dir='ltr'>vt</span> <span class='ocrx_word' id='word_1_1192' title='bbox 1221 3705 1398 3740; x_wconf 70' lang='lat' dir='ltr'>insereretur,</span> <span class='ocrx_word' id='word_1_1193' title='bbox 1420 3704 1500 3734; x_wconf 80' lang='lat' dir='ltr'>videt.</span> <span class='ocrx_word' id='word_1_1194' title='bbox 1549 3707 1630 3735; x_wconf 89' lang='lat' dir='ltr'>Tunc</span> <span class='ocrx_word' id='word_1_1195' title='bbox 1644 3703 2054 3744; x_wconf 67' lang='lat' dir='ltr'>eum‚&#39;ei⁴1iusmanuadscriptum</span> <span class='ocrx_word' id='word_1_1196' title='bbox 2068 3709 2126 3729; x_wconf 86' lang='lat' dir='ltr'>erat</span> <span class='ocrx_word' id='word_1_1197' title='bbox 2137 3722 2146 3735; x_wconf 91' lang='lat'>‚</span> <span class='ocrx_word' id='word_1_1198' title='bbox 2175 3701 2320 3728; x_wconf 80' lang='lat' dir='ltr'>conuenire</span> <span class='ocrx_word' id='word_1_1199' title='bbox 2335 3721 2344 3735; x_wconf 92' lang='lat'><strong><em>,</em></strong></span> <span class='ocrx_word' id='word_1_1200' title='bbox 2364 3706 2398 3742; x_wconf 54' lang='lat' dir='ltr'>et,</span> 
     </span>
     <span class='ocr_line' id='line_1_125' title="bbox 358 3738 2393 3785; baseline -0.002 -11"><span class='ocrx_word' id='word_1_1201' title='bbox 358 3770 378 3784; x_wconf 75' lang='lat'>,‚</span> <span class='ocrx_word' id='word_1_1202' title='bbox 390 3757 446 3783; x_wconf 85' lang='lat' dir='ltr'>quo</span> <span class='ocrx_word' id='word_1_1203' title='bbox 459 3747 487 3774; x_wconf 89' lang='lat' dir='ltr'>id</span> <span class='ocrx_word' id='word_1_1204' title='bbox 500 3746 609 3776; x_wconf 84' lang='lat' dir='ltr'>confilio</span> <span class='ocrx_word' id='word_1_1205' title='bbox 623 3746 721 3776; x_wconf 69' lang='lat' dir='ltr'>fecisset</span> <span class='ocrx_word' id='word_1_1206' title='bbox 734 3769 743 3782; x_wconf 90' lang='lat'>,</span> <span class='ocrx_word' id='word_1_1207' title='bbox 770 3748 947 3782; x_wconf 75' lang='lat' dir='ltr'>interrogare.</span> <span class='ocrx_word' id='word_1_1208' title='bbox 995 3749 1047 3775; x_wconf 88' lang='lat' dir='ltr'>Hic</span> <span class='ocrx_word' id='word_1_1209' title='bbox 1060 3757 1126 3776; x_wconf 85' lang='lat' dir='ltr'>vero</span> <span class='ocrx_word' id='word_1_1210' title='bbox 1140 3756 1197 3775; x_wconf 82' lang='lat' dir='ltr'>non</span> <span class='ocrx_word' id='word_1_1211' title='bbox 1212 3745 1284 3774; x_wconf 83' lang='lat' dir='ltr'>aliu&#39;d</span> <span class='ocrx_word' id='word_1_1212' title='bbox 1300 3745 1463 3784; x_wconf 72' lang='lat' dir='ltr'>respondere</span> <span class='ocrx_word' id='word_1_1213' title='bbox 1479 3767 1487 3781; x_wconf 93' lang='lat'>,</span> <span class='ocrx_word' id='word_1_1214' title='bbox 1512 3757 1592 3785; x_wconf 79' lang='lat' dir='ltr'>quam</span> <span class='ocrx_word' id='word_1_1215' title='bbox 1608 3748 1633 3776; x_wconf 89' lang='lat' dir='ltr'>se</span> <span class='ocrx_word' id='word_1_1216' title='bbox 1646 3751 1702 3777; x_wconf 72' lang='lat' dir='ltr'>noi-1</span> <span class='ocrx_word' id='word_1_1217' title='bbox 1717 3742 1881 3776; x_wconf 54' lang='lat' dir='ltr'>*iocabulum</span> <span class='ocrx_word' id='word_1_1218' title='bbox 1894 3743 1946 3783; x_wconf 48' lang='lat' dir='ltr'>lto-c</span> <span class='ocrx_word' id='word_1_1219' title='bbox 1961 3741 2047 3770; x_wconf 86' lang='lat' dir='ltr'>solum</span> <span class='ocrx_word' id='word_1_1220' title='bbox 2060 3763 2070 3776; x_wconf 89' lang='lat'>‚</span> <span class='ocrx_word' id='word_1_1221' title='bbox 2095 3740 2140 3769; x_wconf 74' lang='lat' dir='ltr'>sed</span> <span class='ocrx_word' id='word_1_1222' title='bbox 2156 3738 2262 3777; x_wconf 84' lang='lat' dir='ltr'>aliquot</span> <span class='ocrx_word' id='word_1_1223' title='bbox 2280 3739 2333 3769; x_wconf 87' lang='lat' dir='ltr'>alia</span> <span class='ocrx_word' id='word_1_1224' title='bbox 2350 3740 2393 3769; x_wconf 67' lang='lat' dir='ltr'>ida</span> 
     </span>
     <span class='ocr_line' id='line_1_126' title="bbox 355 3779 2391 3826; baseline -0.003 -11"><span class='ocrx_word' id='word_1_1225' title='bbox 355 3809 377 3825; x_wconf 85' lang='lat'>,‚</span> <span class='ocrx_word' id='word_1_1226' title='bbox 391 3787 452 3815; x_wconf 85' lang='lat' dir='ltr'>dem</span> <span class='ocrx_word' id='word_1_1227' title='bbox 465 3785 594 3816; x_wconf 74' lang='lat' dir='ltr'>adiecisse.</span> <span class='ocrx_word' id='word_1_1228' title='bbox 634 3790 710 3822; x_wconf 74' lang='lat' dir='ltr'>Qiae</span> <span class='ocrx_word' id='word_1_1229' title='bbox 721 3797 805 3826; x_wconf 86' lang='lat' dir='ltr'>quum</span> <span class='ocrx_word' id='word_1_1230' title='bbox 818 3788 888 3826; x_wconf 81' lang='lat' dir='ltr'>patri</span> <span class='ocrx_word' id='word_1_1231' title='bbox 900 3797 961 3814; x_wconf 88' lang='lat' dir='ltr'>meo</span> <span class='ocrx_word' id='word_1_1232' title='bbox 976 3787 1143 3822; x_wconf 75' lang='lat' dir='ltr'>ostendiffet,</span> <span class='ocrx_word' id='word_1_1233' title='bbox 1164 3797 1196 3816; x_wconf 87' lang='lat' dir='ltr'>ea</span> <span class='ocrx_word' id='word_1_1234' title='bbox 1206 3786 1263 3825; x_wconf 82' lang='lat' dir='ltr'>ipsa</span> <span class='ocrx_word' id='word_1_1235' title='bbox 1277 3785 1329 3814; x_wconf 79' lang='lat' dir='ltr'>effe</span> <span class='ocrx_word' id='word_1_1236' title='bbox 1341 3787 1480 3825; x_wconf 81' lang='lat' dir='ltr'>comperit,</span> <span class='ocrx_word' id='word_1_1237' title='bbox 1495 3797 1564 3824; x_wconf 79' lang='lat' dir='ltr'>quae</span> <span class='ocrx_word' id='word_1_1238' title='bbox 1576 3789 1670 3817; x_wconf 85' lang='lat' dir='ltr'>itidem</span> <span class='ocrx_word' id='word_1_1239' title='bbox 1686 3786 1751 3816; x_wconf 86' lang='lat' dir='ltr'>olim</span> <span class='ocrx_word' id='word_1_1240' title='bbox 1765 3785 1903 3814; x_wconf 79' lang='lat' dir='ltr'>reiecerat.</span> <span class='ocrx_word' id='word_1_1241' title='bbox 1918 3817 1922 3822; x_wconf 86' lang='lat'>.</span> <span class='ocrx_word' id='word_1_1242' title='bbox 1950 3784 2011 3817; x_wconf 71' lang='lat' dir='ltr'>Qua</span> <span class='ocrx_word' id='word_1_1243' title='bbox 2026 3791 2057 3809; x_wconf 84' lang='lat' dir='ltr'>ex</span> <span class='ocrx_word' id='word_1_1244' title='bbox 2072 3791 2102 3809; x_wconf 91' lang='lat' dir='ltr'>re</span> <span class='ocrx_word' id='word_1_1245' title='bbox 2116 3788 2192 3809; x_wconf 79' lang='lat' dir='ltr'>tanto</span> <span class='ocrx_word' id='word_1_1246' title='bbox 2210 3779 2306 3809; x_wconf 84' lang='lat' dir='ltr'>dolore</span> <span class='ocrx_word' id='word_1_1247' title='bbox 2317 3780 2391 3814; x_wconf 76' lang='lat' dir='ltr'>arsit,</span> 
     </span>
     <span class='ocr_line' id='line_1_127' title="bbox 357 3819 2392 3867; baseline -0.003 -13"><span class='ocrx_word' id='word_1_1248' title='bbox 357 3849 377 3862; x_wconf 90' lang='lat'><strong>„</strong></span> <span class='ocrx_word' id='word_1_1249' title='bbox 392 3835 420 3855; x_wconf 81' lang='lat' dir='ltr'>vt</span> <span class='ocrx_word' id='word_1_1250' title='bbox 435 3828 573 3855; x_wconf 83' lang='lat' dir='ltr'>continere</span> <span class='ocrx_word' id='word_1_1251' title='bbox 590 3827 614 3854; x_wconf 88' lang='lat' dir='ltr'>sc</span> <span class='ocrx_word' id='word_1_1252' title='bbox 629 3837 684 3855; x_wconf 88' lang='lat' dir='ltr'>non</span> <span class='ocrx_word' id='word_1_1253' title='bbox 698 3828 817 3867; x_wconf 84' lang='lat' dir='ltr'>potuerit</span> <span class='ocrx_word' id='word_1_1254' title='bbox 834 3848 843 3861; x_wconf 89' lang='lat'>‚</span> <span class='ocrx_word' id='word_1_1255' title='bbox 864 3828 930 3865; x_wconf 82' lang='lat' dir='ltr'>quin</span> <span class='ocrx_word' id='word_1_1256' title='bbox 943 3826 1020 3855; x_wconf 88' lang='lat' dir='ltr'>illum</span> <span class='ocrx_word' id='word_1_1257' title='bbox 1035 3828 1173 3866; x_wconf 74' lang='lat' dir='ltr'>aliosque,</span> <span class='ocrx_word' id='word_1_1258' title='bbox 1187 3827 1235 3866; x_wconf 84' lang='lat' dir='ltr'>qui</span> <span class='ocrx_word' id='word_1_1259' title='bbox 1254 3826 1287 3855; x_wconf 82' lang='lat' dir='ltr'>ad</span> <span class='ocrx_word' id='word_1_1260' title='bbox 1303 3826 1442 3855; x_wconf 84' lang='lat' dir='ltr'>ditandum</span> <span class='ocrx_word' id='word_1_1261' title='bbox 1456 3827 1597 3865; x_wconf 81' lang='lat' dir='ltr'>praeclaris</span> <span class='ocrx_word' id='word_1_1262' title='bbox 1612 3829 1682 3856; x_wconf 77' lang='lat' dir='ltr'>hisee</span> <span class='ocrx_word' id='word_1_1263' title='bbox 1695 3826 1794 3855; x_wconf 70' lang='lat' dir='ltr'>diuitiis</span> <span class='ocrx_word' id='word_1_1264' title='bbox 1804 3822 1980 3854; x_wconf 64' lang='lat' dir='ltr'>&gt;Thesaurum</span> <span class='ocrx_word' id='word_1_1265' title='bbox 2003 3831 2112 3861; x_wconf 72' lang='lat' dir='ltr'>operam</span> <span class='ocrx_word' id='word_1_1266' title='bbox 2124 3821 2197 3850; x_wconf 74' lang='lat' dir='ltr'>suem</span> <span class='ocrx_word' id='word_1_1267' title='bbox 2218 3821 2311 3849; x_wconf 74' lang='lat' dir='ltr'>itidem</span> <span class='ocrx_word' id='word_1_1268' title='bbox 2325 3819 2392 3859; x_wconf 69' lang='lat' dir='ltr'>loea-</span> 
     </span>
    </p>
   </div>
   <div class='ocr_carea' id='block_1_25' title="bbox 356 3867 917 3903">
    <p class='ocr_par' dir='ltr' id='par_1_25' title="bbox 356 3867 917 3903">
     <span class='ocr_line' id='line_1_128' title="bbox 356 3867 917 3903; baseline -0.002 -7"><span class='ocrx_word' id='word_1_1269' title='bbox 356 3889 376 3903; x_wconf 89' lang='lat'>,‚</span> <span class='ocrx_word' id='word_1_1270' title='bbox 389 3875 449 3896; x_wconf 72' lang='lat' dir='ltr'>tant</span> <span class='ocrx_word' id='word_1_1271' title='bbox 465 3888 474 3901; x_wconf 85' lang='lat'>,</span> <span class='ocrx_word' id='word_1_1272' title='bbox 493 3867 583 3895; x_wconf 71' lang='lat' dir='ltr'>Asinos</span> <span class='ocrx_word' id='word_1_1273' title='bbox 602 3867 741 3896; x_wconf 73' lang='lat' dir='ltr'>Arcadicos</span> <span class='ocrx_word' id='word_1_1274' title='bbox 758 3873 875 3897; x_wconf 76' lang='lat' dir='ltr'>vocaret.</span> <span class='ocrx_word' id='word_1_1275' title='bbox 898 3887 917 3902; x_wconf 88' lang='lat'>,‚</span> 
     </span>
    </p>
   </div>
   <div class='ocr_carea' id='block_1_26' title="bbox 964 3867 1650 3913">
    <p class='ocr_par' dir='ltr' id='par_1_26' title="bbox 964 3867 1650 3913">
     <span class='ocr_line' id='line_1_129' title="bbox 964 3867 1650 3913; baseline 0.004 -19"><span class='ocrx_word' id='word_1_1276' title='bbox 964 3868 996 3895; x_wconf 93' lang='lat' dir='ltr'>H.</span> <span class='ocrx_word' id='word_1_1277' title='bbox 1013 3867 1101 3905; x_wconf 61' lang='lat' dir='ltr'>Sti-ph.</span> <span class='ocrx_word' id='word_1_1278' title='bbox 1117 3869 1196 3908; x_wconf 78' lang='lat' dir='ltr'>Epist.</span> <span class='ocrx_word' id='word_1_1279' title='bbox 1215 3867 1249 3896; x_wconf 86' lang='lat' dir='ltr'>de</span> <span class='ocrx_word' id='word_1_1280' title='bbox 1267 3868 1327 3913; x_wconf 50' lang='lat' dir='ltr'>[Quae</span> <span class='ocrx_word' id='word_1_1281' title='bbox 1343 3867 1555 3907; x_wconf 71' lang='lat' dir='ltr'>Typographiae</span> <span class='ocrx_word' id='word_1_1282' title='bbox 1577 3869 1650 3897; x_wconf 75' lang='lat' dir='ltr'>statu.</span> 
     </span>
    </p>
   </div>
   <div class='ocr_carea' id='block_1_27' title="bbox 2320 1778 2449 1815">
    <p class='ocr_par' dir='ltr' id='par_1_27' title="bbox 2320 1778 2449 1815">
     <span class='ocr_line' id='line_1_130' title="bbox 2320 1778 2449 1815; baseline 0 0"><span class='ocrx_word' id='word_1_1283' title='bbox 2320 1778 2403 1815; x_wconf 89' lang='lat' dir='ltr'>Edi·</span> <span class='ocrx_word' id='word_1_1284' title='bbox 2447 1796 2449 1798; x_wconf 92' lang='lat'>·</span> 
     </span>
    </p>
   </div>
  </div>
 </body>
</html>
