2474 4182
16 3444 19 3449 ἱ
49 3465 155 3494 Tibull.
169 3475 196 3499 2,
211 3475 231 3499 i,
247 3474 288 3501 43.

69 149 143 188 „73
453 129 488 172 c
569 130 605 171 o
684 129 729 170 Ν

70 222 231 259 Consequiae
243 229 349 256 quoque
362 228 452 247 rerum
466 220 524 247 sunt
537 227 568 246 ex
582 217 678 245 ordine
689 221 772 258 certo..
805 215 899 244 Contra
919 219 1048 258 consequa
1060 222 1110 247 tri„

43 251 44 255 Ἰ
69 260 152 286 buitur
158 259 269 293 Apuleio,
276 257 319 283 vbi
331 258 364 283 al.
380 255 544 291 Consequia,
565 253 593 280 de
605 262 649 288 quo
663 251 732 277 modo
745 249 848 279 difflari.
919 254 1009 282 Sidon.
1019 256 1106 290 Apoll.

71 302 96 330 7,
105 304 133 327 ¹4
149 292 285 328 consequa
294 293 403 327 paginae
420 298 501 327 parte.
515 293 533 316 i.
538 292 651 325 proxime
657 287 783 329 seq‘uente.

42 322 43 325 ’
106 335 123 356 c
133 335 152 356 o
162 336 184 355 N
193 335 205 355 s
214 335 230 355 E
239 336 256 355 c
265 335 286 355 T
295 336 314 354 0
323 336 341 355 R
350 349 358 360 ,
378 328 427 354 ari.
448 328 612 360 frequentat.
648 320 759 357 [almum]

42 355 43 412 l
68 364 118 391 dem
130 363 463 400 varietatefignificationis.
498 361 578 387 Plaut.
593 357 682 398 pseud.
695 367 724 400 ἡ
736 367 762 393 71
776 366 818 394 ¹37
839 361 987 395 Angiporto
997 362 1046 388 11οῑ
1054 371 1107 389 “¹⁴⁴

42 425 43 431 ,
68 406 123 426 tuni
137 397 174 426 est
189 401 378 431 consectarier,
397 405 445 434 pro
458 394 617 424 Consectari.
655 394 727 420 Cael.
741 395 804 421 Bell.
817 396 883 422 Gall.
899 404 922 429 ς,
936 399 967 430 56
987 397 1107 424 Redeun-

68 441 106 462 tes
118 436 236 472 equites,
255 444 321 470 quos
335 434 450 469 possunt,
473 429 667 461 conseffiiantiir,
687 436 766 465 atquc
778 432 910 469 occidunt.
982 433 1037 459 Cic.
1052 434 1106 460 Att.

66 478 82 497 2
107 476 131 502 18
151 471 256 497 Fufium
269 470 428 497 clamoribus
442 473 467 494 et
479 465 607 491 conuiciis
621 472 645 491 et
660 465 743 492 libilis
757 467 945 494 consectantur.
1015 468 1054 494 Id.
1069 469 1107 495 ib.

68 491 92 539 13
115 514 145 538 23
166 507 208 533 Nc
224 506 365 538 existimes,
387 513 439 536 eos,
455 501 502 536 qui
515 510 569 527 non
583 500 671 527 debita
684 502 828 528 consectari
839 502 954 535 soleant,
975 503 1047 537 quod
1061 505 1104 530 de-

41 538 43 561 1
67 526 145 568 be'tffl-
157 542 316 569 remjffiffos,
387 541 497 569 Amare,
515 536 659 563 confecia&
674 543 699 563 et
712 538 822 572 adipisci
835 539 881 572 qui
894 538 961 565 velit
973 539 1106 571 dolorem,

40 566 43 602 i
66 586 151 612 neque
164 578 303 613 quisquam
314 575 349 603 est
369 573 422 601 eit.
436 572 468 599 de
484 572 570 599 Finib.
585 581 605 606 ι,
618 581 657 605 32.
729 574 822 600 Hostes
835 574 979 600 conse&ari
999 580 1024 601 et
1043 584 1104 602 con-

42 615 43 619 ’
67 613 146 640 ficere
165 614 219 640 Cic.
233 613 264 641 de
277 614 375 639 Inuent.
389 617 414 641 2,
429 617 465 635 iii
480 618 502 635 c.
517 616 557 643 37.
629 608 666 634 ld.
682 608 734 635 Off.
749 618 767 639 i,
781 612 812 647 86
827 619 848 636 c.
862 617 892 643 25
912 609 1069 645 Tradetque
1077 612 1103 638 se

40 634 43 667 ζ
66 654 153 675 totum
168 648 290 684 Reipubl.
305 653 387 680 neque
401 653 463 679 opes
476 653 521 670 aut
534 644 680 679 potentiam
694 645 896 672 consectabitur.
909 648 927 672 i.
943 646 1007 672 Non
1021 647 1105 673 stude-

40 681 43 714 1
66 684 107 711 bit
119 684 215 718 opibus
229 681 389 720 quaerendis.
445 680 571 711 Riuulos,
591 681 643 707 vid.
658 687 806 708 Rivv1.vs.
875 681 1010 708 Siluessria
1024 683 1107 710 saecla

34 718 43 752 'l
64 719 199 753 ferarum,
219 723 237 746 i.
245 719 320 755 fertis
339 717 444 743 Lucret.
465 724 495 750 5,
509 718 567 749 965.
584 730 590 735 ·
638 716 693 742 Cic.
708 716 761 742 Off.
775 724 806 748 2,
820 723 846 749 53
862 717 996 744 Praeclare
1010 719 1038 758 iii
1052 719 1106 753 epi-

39 753 42 779 ,²
64 755 130 782 stola
150 755 260 790 quadam
279 751 456 779 Alexandrum
476 752 562 778 filiuni
582 750 716 786 Philippus
738 753 854 784 accusat,
871 752 944 787 quod
964 753 1106 787 largitione

41 783 42 810 3
65 790 274 818 beneuolentiam
288 788 463 815 Macedonum
478 787 650 814 const-cietur.
723 787 788 814 Plin.
804 787 882 821 Epist.
903 795 931 820 ς,
943 790 960 814 6
981 789 1062 816 Vides
1077 797 1105 816 vt

40 813 42 849 s
64 828 158 854 Aratus
172 823 337 853 minutilliina
349 824 428 850 etiam
444 823 525 850 sidera
538 822 741 853 const-cicinum
754 823 877 857 colligat}
897 825 1007 851 niodum
1016 831 1104 852 tamen

40 850 42 856 '
555 858 620 921 (grid
644 858 744 892 lingula
768 858 920 891 confecior,
942 866 967 886 et
988 862 1105 896 colligo?

797 323 907 361 Studiose
920 325 1060 361 consequor,
1069 336 1107 353 ea·

37 861 42 897 l
64 864 157 889 seruat.
226 860 289 886 l'lin.
311 861 402 900 Paneg.
421 868 452 894 75
480 859 528 886 Sed

1129 371 1143 398 5

1123 551 1152 569 10

1123 725 1149 752 15

40 901 41 914 ¹
64 897 134 933 quasi
156 904 219 923 vero
244 903 288 922 aut
311 903 434 922 oratione
456 895 559 930 comple
590 903 615 926 1,
634 899 679 920 aut
702 895 833 920 memoria
856 896 981 930 consequi
1004 898 1104 931 polliin.
1116 908 1151 926 20

40 954 41 961 .
64 936 101 961 Ac
115 941 147 958 ne
160 932 235 967 plura
248 952 256 964 ,
274 940 341 966 quae
356 932 413 957 sunt
426 940 508 966 paene
525 929 744 961 innumerabilia,
764 929 913 962 conse&er,
933 933 1104 971 comprehcn-

39 970 41 992 ὲ
63 968 121 995 dam
135 967 212 994 breui
231 967 287 994 Cic.
302 967 333 993 de
349 968 422 994 Orat.
438 976 457 999 i,
471 975 511 1000 34.
585 965 650 991 Plin.
663 966 755 1000 Paneg.
768 974 806 999 44
828 965 925 1006 Eadem
940 967 1104 1003 ista,quibiis

61 1003 126 1031 alios
139 1004 239 1030 artibus
254 1004 398 1037 assequutos
412 1003 518 1035 vident,
538 1001 727 1029 consectantur.
799 1001 934 1028 Iinitando
957 1005 1103 1032 consectari

34 1030 40 1052 η’
58 1039 161 1074 aliquid
188 1040 243 1066 Cic.
264 1039 295 1066 de
314 1041 388 1066 Orat.
410 1047 435 1071 2,
454 1047 498 1071 90.
570 1036 674 1064 Puerile
687 1036 812 1071 quiddam
827 1037 855 1063 in
868 1037 979 1066 historia
998 1040 1053 1066 Cic.
1070 1040 1103 1066 de

39 1100 40 1106 .
60 1075 155 1110 Legib.
173 1084 191 1107 i,
206 1084 232 1110 7.
304 1074 458 1101 Vbertatem
478 1073 607 1100 orationis
633 1073 688 1099 Cic.
708 1072 739 1098 de
760 1073 848 1112 Finib.
863 1082 886 1107 3,
902 1082 938 1107 19-
958 1110 962 1114 ⁵

36 1108 40 1144 τ’
59 1117 113 1138 tam
127 1120 189 1137 vere
202 1110 360 1142 consectari,
383 1118 460 1144 quam
474 1118 530 1136 rem
555 1109 611 1135 Cic.
626 1117 675 1143 pro
691 1110 796 1134 Caecin.
817 1116 858 1141 54.
930 1110 1034 1150 Vitium
1054 1112 1102 1151 ali-

38 1145 40 1151 ⁴
59 1147 133 1182 quod
147 1147 178 1172 dc
197 1147 324 1172 industria
344 1146 400 1172 Cic.
415 1146 446 1171 de
459 1146 534 1172 Orat.
548 1153 571 1177 3,
583 1149 617 1177 38.
689 1144 800 1170 Vmbras
818 1145 897 1171 falsae
912 1145 1016 1179 gloriae
1043 1148 1100 1174 Cic.

59 1183 89 1209 in
102 1183 186 1209 Pison.
201 1191 231 1217 57
245 1192 265 1208 c.
279 1190 323 1216 24.
394 1181 462 1207 Ter.
478 1181 542 1207 Eun.
556 1189 581 1213 2,
591 1189 616 1212 2,
631 1185 656 1209 18
674 1179 716 1206 Est
730 1189 809 1214 geniis
822 1180 977 1214 hominum,
997 1183 1102 1217 quiesse

59 1220 161 1254 primos
190 1219 215 1244 se
239 1219 359 1244 omnium
381 1225 471 1244 reriuu
495 1217 602 1249 volunt,
622 1224 669 1241 nec
683 1216 765 1247 sunt3
800 1215 849 1244 lios
860 1216 1013 1251 consector,
1033 1219 1103 1246 hisce

61 1264 75 1281 e
95 1264 110 1280 0
147 1262 192 1280 etc.
714 1282 720 1286 ,

37 1299 39 1314 ι
59 1264 148 1321 11111111,
167 1296 192 1316 et
207 1297 292 1316 meam
305 1297 446 1315 nouercam
460 1297 475 1315 a
489 1287 589 1323 populo
601 1286 733 1322 lapidibus
754 1286 898 1314 consectari
919 1288 1009 1316 video.

60 1327 192 1353 Prisciano
206 1325 252 1351 lib.
267 1330 280 1354 8
296 1334 320 1359 p.
337 1332 394 1358 793,
407 1333 428 1351 2.
605 1358 610 1363 ι
656 1352 666 1354 g
842 1358 847 1363 ι

98 1367 115 1388 c
127 1370 146 1388 0
156 1368 176 1386 Ν
188 1367 200 1386 s
211 1368 226 1388 ε
235 1368 251 1387 c
260 1368 280 1387 ‘r
290 1368 312 1387 A
322 1367 341 1387 'r
351 1367 370 1386 v
379 1367 392 1387 s
399 1379 408 1393 ,
424 1368 438 1386 a
447 1379 455 1392 ,
472 1367 526 1385 um.
543 1359 635 1385 Partic.
672 1357 767 1387 Hostes
787 1364 918 1392 equitatus
939 1361 1102 1390 consec'tatus

36 1405 38 1427 ι
60 1398 133 1425 Caes.
148 1397 210 1424 sscll.
226 1396 256 1423 G.
276 1405 288 1428 3
300 1415 308 1428 ,
327 1397 367 1422 26.
439 1395 528 1422 Naues
547 1393 656 1429 lingulas
676 1393 760 1419 nostri
780 1394 922 1421 conse&ati
936 1404 1102 1432 expugnaue.

60 1433 218 1496 mgtoldJ-sY
227 1440 273 1494 ἔτ
281 1473 303 1492 Λ
312 1474 333 1493 Τ
342 1475 351 1493 1
362 1473 380 1493 O
388 1485 396 1497 ,
413 1465 483 1492 anis.
503 1465 522 1491 f-
558 1461 670 1498 [ὃᾶυξῑς]
704 1463 771 1490 Plin.
787 1466 866 1498 14,16
885 1466 1057 1494 Manifestum
1066 1469 1103 1496 est

59 1504 244 1539 superuacuam
258 1511 383 1537 generum
403 1499 623 1527 consectationem
642 1499 671 1525 in
690 1508 841 1527 numerum.
912 1502 968 1529 Cic.
983 1503 1012 1530 in
1026 1505 1101 1532 Orat.

59 1543 102 1572 165
126 1541 157 1566 ln
189 1539 266 1565 huius
297 1536 480 1564 concinnitatis
511 1534 706 1562 consectatione
740 1536 873 1572 Gorgiam
900 1538 977 1566 fuisse
1005 1541 1104 1575 princi.

56 1584 116 1611 pem
137 1575 289 1609 accepimus.
429 1609 441 1613 -
464 1606 469 1612 .

92 1615 240 1638 conisae
252 1613 407 1640 ΤΑ-1011,
427 1616 492 1633 oris.
534 1605 605 1633 Vnde

90 1645 420 1675 CONsEc'rri'rRix,
440 1643 496 1669 icis.
513 1642 533 1668 f.
550 1677 555 1682 ⁷
571 1642 626 1669 Cic.
642 1641 695 1668 Off.
707 1647 775 1676 3,118
788 1651 844 1677 053
865 1644 907 1671 Est
919 1646 991 1673 enim
1003 1653 1102 1683 tempe-

55 1681 155 1712 tantia,
173 1679 319 1707 libidinum
330 1679 456 1705 inimica:
478 1677 604 1704 libidines
618 1684 717 1711 autem,
727 1680 921 1707 consectatrices
929 1682 1082 1717 voluptatis.

91 1723 108 1744 c
119 1722 138 1743 o
151 1723 172 1742 N
185 1723 222 1743 si:
233 1722 250 1742 c
262 1720 442 1746 TANEVS,
465 1722 496 1746 a,
522 1722 576 1740 um.
604 1713 665 1740 Adi.
703 1714 864 1750 [intimam]
900 1717 952 1751 Qu·
963 1720 1027 1745 alios
1041 1719 1101 1753 affi-

55 1751 150 1780 statur.
185 1751 276 1778 Sidon.
291 1750 377 1785 Apoll.
390 1757 420 1784 7,
441 1758 471 1783 14
490 1749 612 1782 Qualiter
629 1749 777 1776 studiorum
796 1756 903 1777 tuorum
915 1754 1099 1783 consectaneus

54 1782 117 1815 siam
132 1788 262 1822 consequa
275 1787 384 1821 paginae
396 1791 469 1820 parte
484 1785 653 1811 reserabitur.

30 1821 32 1825 ¹
56 1825 103 1859 qui
115 1824 200 1851 crucia
213 1832 260 1850 nos
274 1823 412 1857 religiosos
426 1826 517 1856 putat,
542 1820 726 1847 consectaneus
739 1821 828 1849 noster
847 1824 906 1849 erit.
943 1826 1002 1852 Vet.
1016 1827 1098 1855 Gloss'.

54 1861 246 1887 Consectaneus
258 1858 376 1885 eiusdem
389 1857 480 1884 sectae.
550 1857 591 1884 Sic
605 1856 694 1883 Sidon.
709 1857 788 1891 Epist.
802 1866 825 1890 3,
834 1860 851 1885 6
874 1860 1045 1888 Consectanei
1053 1871 1097 1889 ve-

28 1886 34 1898 '¹
53 1896 100 1923 stri
113 1896 210 1922 Plotini
224 1893 389 1930 dogmatibus
403 1892 577 1919 inhaerentes.
613 1893 655 1919 Sic
668 1895 752 1920 vtitur
765 1896 839 1920 etiam
851 1903 871 1928 1,
885 1904 903 1922 1.
931 1903 955 1922 et
969 1904 995 1932 7,
1007 1906 1033 1931 9.
1054 1899 1097 1927 Sic

54 1931 155 1960 Arnob.
169 1940 182 1965 ,-
194 1940 218 1966 p.
227 1939 275 1964 2¹4
292 1930 502 1957 Consectaneuin
513 1928 549 1954 est
564 1927 670 1954 credere
682 1937 818 1963 nunquam
830 1929 892 1957 deos
906 1931 991 1959 irasci.

90 1974 108 1995 C
119 1975 139 1996 0
151 1973 173 1993 N
183 1975 196 1994 S
204 1974 222 1994 E
232 1972 250 1993 C
259 1972 282 1992 Τ
290 1973 312 1993 Α
320 1973 340 1993 R
349 1973 359 1992 1
367 1972 388 1990 V
397 1971 410 1992 S
419 1984 428 1997 ,
463 1973 494 1996 a,
523 1972 578 1990 uni.
616 1963 676 1990 Adi.
713 1964 901 2002 [συνεπόμενος]

53 2004 118 2041 quod
128 2005 240 2040 legitima
251 2000 398 2035 conclustone
410 1999 532 2036 infertur.
568 1999 623 2026 Cic.
636 1999 668 2025 de
683 1999 771 2027 Finib.
783 2010 811 2034 4,
822 2009 854 2034 >¹0
865 2011 885 2029 c.
901 2008 926 2034 18
949 2004 1018 2031 Illud
1031 2014 1097 2033 vero

54 2040 166 2067 minime
186 2037 392 2069 consectarium,
413 2035 457 2062 scd
478 2036 507 2062 in
525 2035 620 2070 primis
640 2034 720 2062 hebes
738 2036 865 2070 illorum,
882 2039 1043 2073 gloriatione
1058 2042 1099 2069 di-

55 2084 132 2111 gnam
145 2074 194 2101 ess‘e
206 2073 311 2102 beatam
323 2073 422 2106 vitani,
444 2071 516 2108 quod
529 2080 582 2099 non
617 2071 673 2099 ossit
685 2071 738 2098 {ine
751 2071 885 2100 honestate
898 2077 1061 2112 contingere,
1069 2083 1098 2105 vt

54 2114 115 2139 iure
128 2111 267 2147 quisquam
280 2108 417 2146 glorietur.
593 2080 615 2146 ξ
634 2116 647 2134 2
683 2107 838 2149 §ubstantiae
859 2110 914 2137 Cic.
930 2112 962 2138 de
977 2113 1065 2140 Finib.
1074 2123 1098 2147 3,

56 2150 90 2175 26
104 2157 127 2175 c.
140 2153 154 2178 8
171 2146 219 2174 Sed
232 2145 390 2174 consectaria
401 2153 443 2172 mc
457 2144 607 2171 Stoicorum
622 2143 715 2170 breuia
728 2150 754 2170 et
767 2150 842 2170 acuta
850 2145 989 2174 delectant.
1026 2150 1096 2175 Con-

56 2183 195 2210 cluduntur
207 2182 289 2218 igitur
301 2190 393 2208 eorum
405 2186 559 2214 argumenta
572 2179 604 2205 sic
617 2188 623 2203 z
660 2179 740 2212 Qiod
755 2178 792 2204 est
810 2178 925 2212 bonum,
946 2190 1026 2208 omne
1039 2182 1096 2209 lau.

30 2209 32 2244 l
54 2219 142 2245 dabile
154 2218 209 2244 est':
245 2217 317 2253 quod
332 2223 419 2243 autem
431 2214 563 2242 laudabile
576 2214 626 2247 est,
645 2222 724 2241 omne
743 2213 884 2242 honestum
901 2215 937 2242 cst
952 2227 958 2243 :
993 2217 1096 2246 bonum

51 2253 135 2288 igitur
150 2252 221 2289 quod
234 2253 286 2285 est,
304 2251 442 2278 honestum
462 2250 507 2278 est.

86 2290 337 2321 CONSERENO,
355 2292 407 2314 are.
442 2287 603 2314 Conserenat
622 2285 723 2322 Impers
743 2285 839 2314 dictum
856 2287 986 2322 volebant,
1000 2295 1051 2326 pro
1070 2300 1096 2318 eo

1065 1293 1103 1318 Ex

50 2403 126 2424 tuere
139 2396 168 2422 in
180 2396 252 2423 foro.
287 2394 377 2421 eadem
389 2393 478 2429 paullo
491 2394 565 2428 post,
585 2403 668 2429 quum
687 2393 806 2430 vndique
827 2397 1023 2427 conserenaffet,
1034 2395 1093 2421 sub-

50 2431 111 2460 lata.
145 2433 184 2459 Ae
198 2433 336 2459 Gronoui'us
349 2440 378 2457 ex
391 2430 465 2457 MSS.
477 2430 585 2465 reposta}
601 2430 789 2457 Differenass'et.
959 2466 964 2470 ”

86 2474 104 2494 c
114 2474 135 2495 o
143 2475 166 2495 N
175 2475 188 2496 s
199 2474 216 2495 Ε
225 2475 244 2495 R
253 2474 278 2494 M
288 2468 308 2494 ὁ
316 2474 337 2493 Ν
346 2473 364 2493 o
374 2473 392 2493 R
400 2486 409 2498 ‚
427 2466 476 2492 ari.
512 2464 570 2492 Cum
590 2467 672 2501 aliquo
692 2467 768 2524 Iotqui.
805 2466 842 2497 Q
871 2464 998 2493 Claudius
1028 2466 1096 2503 apud

52 2503 120 2531 Gell.
135 2511 172 2539 17,
186 2512 199 2529 2
224 2504 294 2530 Cum
307 2501 349 2529 his
370 2501 633 2529 consermonabatur.
675 2501 940 2540 llige-ERMQNOR.

88 2545 106 2567 c
116 2546 136 2568 ο
144 2547 167 2566 Ν
176 2547 189 2567 s
198 2546 215 2566 E
223 2546 242 2566 R
251 2546 277 2566 M
285 2545 305 2565 o
315 2544 333 2564 c
344 2536 356 2564 1⁰
367 2545 388 2564 N
398 2544 418 2565 o
426 2544 462 2569 R,
481 2537 531 2563 ari.
569 2536 644 2563 Idem.
681 2534 810 2569 Nigidius
837 2536 905 2572 apud
928 2537 998 2564 Gell.
1019 2546 1057 2571 10,
1075 2548 1096 2574 4

50 2575 155 2610 Qiibus
172 2574 439 2612 consermocinamur.
493 2605 499 2611 .
548 2606 558 2612 η
833 2605 839 2614 Ι

85 2617 161 2638 CON
173 2617 187 2638 s
200 2608 289 2640 fixo,
308 2611 365 2633 seui
380 2613 410 2632 aet
429 2606 515 2637 serui,
534 2611 632 2638 situm,
653 2607 705 2632 Ere.
743 2607 876 2642 [Quum]
911 2610 1029 2636 Plantam,
1040 2609 1095 2645 flue

104 2647 178 2673 'nam
214 2644 288 2678 Virg.
303 2642 355 2669 Ecl.
371 2650 389 2673 i,
398 2649 429 2676 73
449 2642 488 2668 En
501 2641 575 2676 queis
588 2641 755 2668 conseuinius
766 2651 852 2677 agros.
923 2644 979 2672 Cic.
988 2644 1020 2672 de
1030 2646 1093 2673 Nat.

51 2724 108 2743 non
127 2722 196 2751 aqua
219 2714 303 2742 solum
327 2721 403 2748 agros
426 2713 549 2740 laetificat
572 2719 598 2741 et
611 2713 732 2748 mitigat,
761 2713 804 2740 sed
816 2723 861 2741 eos
876 2716 957 2743 etiam
971 2718 1093 2745 conserit.

51 2752 199 2779 Conserere
210 2759 301 2785 agrum
314 2748 454 2784 generibus
465 2757 605 2784 pomorum
613 2769 623 2782 ,
641 2755 686 2776 aut
698 2750 765 2776 oleis
785 2751 917 2778 Columel.
930 2761 961 2784 2,
974 2762 999 2780 2.
1062 2755 1094 2782 Et

51 2788 130 2814 eodem
150 2786 269 2815 Celerius
288 2787 368 2813 etiam
388 2784 406 2811 si
425 2785 518 2813 eodeni
539 2791 657 2820 tempore
671 2785 812 2819 stercores,
830 2793 855 2813 et
869 2787 962 2823 lupino
976 2789 1019 2816 vel
1032 2789 1094 2818 faba

50 2824 178 2850 conseras.
247 2821 308 2850 Liu.
327 2829 371 2854 10,
391 2829 428 2856 24
453 2821 542 2855 Qiam
554 2821 686 2849 Arborem
700 2822 884 2856 conseruisset,
901 2824 949 2852 sub
963 2833 993 2851 ea
1005 2825 1094 2861 legere

49 2859 134 2886 alium
147 2859 280 2891 fructum,
300 2857 438 2892 indignum
448 2858 506 2883 ess'e.
577 2852 620 2884 Sol
632 2856 734 2884 lumine
746 2859 860 2886 conserit
872 2868 937 2887 arua
955 2861 1060 2889 Lucret.
1069 2871 1092 2896 2,

49 2903 102 2923 211.
117 2898 136 2922 i.
137 2893 286 2931 perfundit.
353 2891 456 2920 Baccho
469 2892 586 2928 aliquem
599 2893 688 2920 locum
702 2894 838 2921 conserere
865 2896 941 2931 Virg.
956 2897 1053 2933 Georg.
1066 2907 1091 2932 2,

48 2936 87 2965 38.
191 2929 333 2966 Metaphor.
353 2928 410 2956 Cic.
424 2929 507 2956 Tusc.
524 2937 544 2962 1,
558 2937 584 2961 31
601 2929 671 2964 Engo
685 2929 793 2957 arbores
808 2931 881 2958 seret
893 2931 1004 2968 diligens
1022 2935 1090 2969 agri-

47 2966 127 3000 cola,
139 2974 251 3003 quarum
262 2965 388 3000 adspiciet
400 2963 506 2992 baccam
518 2965 574 3000 ipse
585 2974 729 3003 nunquam.

47 3001 156 3039 stituta,
182 3003 275 3037 Remp.
292 3001 420 3027 conseret.

50 3075 98 3107 169
105 3079 150 3109 pr.
169 3073 220 3100 Sed
231 3079 257 3100 et
270 3073 340 3099 Deos
353 3072 526 3100 conserentes
539 3072 597 3107 pari
610 3081 685 3099 more
693 3081 722 3099 ac
735 3073 938 3103 dissimulatione
950 3083 1090 3113 taceamus,

49 3117 117 3144 quos
132 3117 193 3135 cum
204 3108 312 3136 caeteris
325 3107 418 3135 scribit
430 3107 536 3134 Flaccus
553 3108 581 3134 in
596 3108 706 3135 humani
720 3110 794 3144 penis
812 3111 1011 3141 similitudinem
1030 3124 1090 3142 ver-

50 3146 90 3172 sos
104 3144 219 3171 obniiffe
233 3144 259 3171 se
271 3143 372 3176 cineri,
389 3143 438 3178 qui
457 3143 504 3170 sub
521 3143 605 3171 ollula
622 3145 710 3171 suerat
729 3146 811 3173 factus
822 3154 952 3176 extorum
967 3158 973 3174 :
1009 3159 1089 3185 quem

49 3189 111 3208 cum
129 3180 266 3215 Tanaquil
285 3179 436 3206 dimoueret
449 3179 569 3206 Etruriae
581 3180 782 3215 disciplinarum
795 3183 893 3218 perita,
915 3186 1051 3213 surrexiffe
1065 3188 1091 3213 se

48 3252 137 3280 Halic.
154 3251 171 3278 l.
183 3261 203 3286 4
210 3258 253 3287 pr.
268 3250 479 3283 Corniculanae)
499 3251 560 3278 inde
573 3251 738 3287 imperauiffe
758 3255 893 3289 captiuae,
911 3264 941 3284 vt
959 3258 1092 3294 intellige.

47 3295 90 3316 ret
102 3294 130 3314 et
144 3287 312 3322 agnosceret,
331 3286 398 3321 quid
411 3285 460 3313 fibi
474 3294 515 3313 res
527 3287 642 3315 vellent:
680 3289 809 3329 Ocrisiam
821 3292 1044 3326 prudentissimam
1053 3295 1092 3321 fe.

49 3324 150 3352 minam
164 3323 242 3350 diuos
255 3322 387 3349 inseruisse
400 3322 525 3356 genitali,
543 3324 694 3358 explicuisse
706 3331 795 3353 motus
808 3333 902 3354 cei-tos.
943 3329 1027 3357 Tunc
1038 3331 1093 3358 san-

20 3364 21 3369 *
45 3367 87 3387 eta
99 3366 126 3387 et
139 3359 272 3386 feruentia
285 3358 394 3384 numina
405 3357 464 3385 viui
480 3359 607 3387 vomuiii'e
627 3360 745 3394 Lucilii,
764 3370 794 3388 ac
808 3371 898 3399 regem
909 3364 1034 3393 Seruium
1046 3376 1091 3394 na-

20 3400 22 3403 ·
46 3401 103 3424 tum
116 3396 164 3422 effe
177 3396 336 3422 Romanum.

82 3435 159 3459 cor:
171 3429 267 3458 szv
279 3436 312 3463 s,
332 3438 363 3463 a,
391 3437 447 3456 um.
485 3429 578 3458 Partie.
613 3431 828 3469 [πεφυτευμένη]
863 3435 959 3464 Pomus
991 3437 1090 3465 conlita

361 3464 466 3492 Fundus
479 3465 538 3492 olea
551 3473 576 3493 et
587 3467 644 3504 vite
657 3468 770 3495 consitus
789 3469 859 3497 Gell.
875 3480 913 3505 19,
927 3481 965 3500 η.
1014 3474 1090 3510 Conf.

20 3511 21 3515 ¹
48 3503 136 3530 Burni.
155 3502 189 3530 ad
211 3502 321 3537 Qiinct.
343 3501 416 3528 Decl.
438 3509 473 3533 13,
491 3509 542 3536 31³·
563 3509 626 3537 274.
661 3504 848 3532 Drakenborch.
863 3507 897 3533 ad
914 3509 1090 3543 Sil.10p.533.

49 3537 166 3599 Metapb„
187 3539 271 3566 Caeca
292 3544 408 3564 mentem
431 3536 546 3570 caligine
568 3538 681 3566 consitus
703 3541 789 3567 Catul.
813 3542 912 3577 Argon.
933 3545 952 3571 s.
972 3546 1016 3577 62,
1033 3550 1092 3575 208.

48 3574 91 3602 Sic
105 3573 122 3600 P

83 3615 307 3643 CONSATvs,
324 3608 462 3644 vidfiaepra
473 3607 496 3644 s.
511 3609 528 3635 1.

82 3650 296 3679 CONsmjio,
322 3646 392 3672 onis.
424 3644 445 3670 f.
482 3643 630 3678 [ouh-mis,
648 3643 823 3682 φυτέργημα]
859 3648 915 3685 Ipse
947 3650 1091 3687 confirmdi

46 3678 128 3711 astus.
164 3678 298 3707 Columel.
307 3688 330 3714 ς,
342 3689 356 3713 3
376 3679 459 3714 Quod
472 3679 496 3706 fl.
504 3680 575 3707 inter
588 3680 685 3715 quinos
699 3680 778 3715 pedet
791 3683 904 3711 consitio
924 3685 1021 3717 fuerit,
1042 3695 1090 3721 pei·

46 3714 243 3750 longitudinem
255 3715 358 3746 ordinis
372 3715 480 3743 habebit
494 3716 595 3743 semina
606 3716 699 3744 XLIX.
771 3717 830 3744 Nec
837 3719 994 3748 consitiones
1005 3721 1089 3749 modo

45 3787 102 3814 Cic.
115 3785 147 3812 de
157 3784 257 3812 Sene&
269 3794 304 3819 54
318 3794 340 3814 e.
354 3794 379 3820 ις
392 3795 458 3815 extr.
494 3787 568 3823 Coris.
584 3793 763 3815 CONSATIO.

45 3856 173 3884 videlicet
184 3855 232 3884 ine
242 3865 300 3884 non
316 3865 348 3884 ex
360 3858 418 3892 agri
429 3859 558 3886 consitura
567 3879 575 3892 ,
595 3868 675 3895 quam
689 3859 829 3893 cernebat,
846 3861 890 3888 sed
902 3870 935 3889 ex
947 3862 1084 3892 doetrinae

44 3890 152 3921 indiciis
164 3892 395 3928 interpretabatur.
431 3895 468 3921 Ex
474 3895 569 3922 Nonio
582 3904 606 3928 3,
619 3904 658 3928 30.

81 3822 334 3855 commvnia&
351 3830 394 3849 ae.
408 3823 430 3850 f.
465 3823 594 3859 [φυτάα]
632 3823 708 3850 Idem.
744 3825 801 3851 Cic.
823 3825 856 3852 de
874 3826 987 3861 Republ.
1009 3829 1094 3862 Quae,

1013 1075 1102 1103 Verba
1114 1077 1146 1104 25

387 1251 407 1290 ff
430 1261 443 1278 2
479 1251 648 1284 ConseChri,
675 1251 784 1286 pastiue,
812 1251 959 1285 Laberius,
985 1255 1102 1282 onrem
1115 1259 1147 1283 30

1118 1434 1148 1462 Ξῖ

1109 1621 1146 1646 40

722 1785 841 1813 Tertull.
854 1787 930 1821 Apol.
945 1794 972 1821 83
992 1790 1057 1818 Sane
1072 1797 1140 1826 et45

937 1968 1097 2005 Consequens,
1110 1977 1142 2003 ςο

1114 2153 1143 2179 55

49 2324 115 2361 quod
126 2323 175 2358 esi,
194 2324 301 2361 undique
309 2324 422 2359 serenum
429 2321 465 2362 fit
475 2323 566 2349 caelum
579 2332 587 2347 :
623 2329 647 2365 et
660 2322 794 2363 laudabant
825 2323 884 2350 Liu.
897 2332 938 2358 39,
952 2327 990 2358 46
1012 2327 1097 2368 Tem-
1105 2329 1140 2354 60

0 2371 3 2374 >
50 2360 134 2396 pelias
148 2369 209 2387 cum
223 2368 324 2395 magnis
338 2358 461 2393 procellis
476 2365 581 2391 coorta,
600 2364 688 2393 coegit
702 2358 843 2394 plerosque
860 2359 1027 2388 tabernacula
1048 2362 1096 2387 sta-

1109 2505 1140 2538 65
1157 2503 1346 2539 seruandisque
1360 2506 1520 2540 praefuerat,
1531 2507 1568 2533 ita
1581 2508 1758 2544 perscriptum
1771 2518 1836 2538 erat.
1867 2521 1869 2523 “

46 2645 134 2708 'ss'endn
156 2689 180 2714 2,
203 2687 248 2712 130
269 2687 291 2705 c.
311 2686 340 2712 32
360 2677 441 2705 Indus
453 2686 534 2710 vero,
555 2677 602 2712 qui
614 2676 650 2703 est
663 2679 786 2704 omnium
798 2679 939 2707 fluminum
953 2681 1138 2716 maximus,7o
1155 2692 1219 2710 vare
1233 2690 1260 2711 et
1273 2691 1366 2712 notare
1380 2686 1455 2717 &Cim
1475 2686 1505 2713 in
1524 2687 1599 2714 Orat.
1623 2697 1676 2715 120.

1103 2865 1136 2895 7³¹
1153 2864 1283 2891 secratuni
1296 2865 1510 2894 sartum'teEtum
1521 2867 1555 2894 ab
1571 2870 1647 2895 omni
1668 2871 1789 2904 periculo
1807 2873 1971 2900 conseruaui.

773 2966 824 2994 Vir
835 2976 944 3003 magnus
958 2969 1039 3005 leges,
1050 2971 1090 2997 in-
1133 2986 1138 2989 ·

86 3044 105 3065 c
112 3044 132 3065 0
139 3044 164 3064 Ν
171 3045 184 3065 s
193 3044 210 3064 r.
217 3045 237 3065 11
245 3044 293 3065 EN
300 3044 322 3065 Τ
330 3043 347 3063 Ε
355 3044 369 3064 s
392 3036 430 3063 Di
447 3038 491 3072 qui
496 3035 618 3072 fuerint,
646 3036 715 3063 docet
735 3037 837 3066 Arnob.
850 3038 910 3067 adu.
923 3041 1019 3068 Gentes
1033 3051 1052 3076 4
1064 3052 1090 3078 p.
1102 3044 1135 3071 80

47 3217 136 3250 Deos,
155 3221 182 3243 et
205 3214 295 3243 neruis
318 3213 471 3242 obduruisse
493 3214 600 3242 diuinis.
641 3217 801 3244 Corniculae
821 3221 893 3251 (vid.
906 3220 956 3256 leg.
970 3223 1089 3250 exDion.
1106 3226 1136 3255 85
1152 3225 1418 3261 Maiestatenii’opuli
1426 3225 1678 3260 Romanicomster,

134 3579 189 3600 aut.
200 3569 272 3602 Men.
285 3582 308 3607 ς,
317 3582 368 3606 2‚4
388 3573 459 3600 Nam
473 3572 613 3607 pernicitas
625 3574 732 3609 desei-it,
746 3576 859 3604 consitus
867 3579 923 3606 suni
930 3580 1070 3607 senectute.
1103 3580 1137 3608 95

47 3750 193 3783 deleflant,
209 3746 253 3777 sed
265 3750 345 3779 etiam
357 3751 493 3779 insitiones
501 3772 510 3785 ‚
527 3750 624 3786 quibus
636 3751 825 3780 nihilainuenit
835 3756 952 3790 agricola
966 3757 1089 3785 solertim
1097 3761 1144 3782 100

80 3925 300 3969 c0NsiTou,
318 3929 384 3956 aris.
401 3936 439 3956 m.
471 3929 636 3967 [φυτευτὴε]
671 3930 753 3961 Ouid.
768 3930 834 3961 Met.
847 3940 882 3966 4,
906 3940 938 3967 ¹4
966 3932 999 3963 i-:t
1019 3943 1132 3973 cumio5

41 3962 148 3993 Lenaeo
159 3963 269 4001 genialis
280 3964 395 3995 consitor
408 3972 485 4002 vuae-

1547 141 1583 182 c
1679 146 1717 184 o
1807 145 1851 186 N
2129 174 2216 214 „74

1171 225 1295 283 ÷gssffl
1303 226 1565 289 {fffighvzsc-Dleliis,
1599 232 1648 266 qui
1671 234 1871 263 consationibus
1893 240 2102 275 concubitalibus
2123 251 2218 284 praefit

1209 298 1226 319 c
1238 299 1256 319 o
1267 300 1288 318 N
1299 301 1311 318 s
1320 302 1358 335 ¹„V
1368 302 1390 321 A
1399 315 1407 327 ,
1424 304 1464 322 ae.
1486 298 1506 323 f.
1542 300 1606 333 Opis
1620 303 1760 337 Epitheton.

1213 333 1231 354 c
1243 334 1313 355 ONS
1325 337 1413 363 ERO,
1444 332 1531 366 serui,
1561 337 1675 370 sertum,

1173 367 1338 398 committere,
1349 365 1402 400 fibi
1426 369 1529 393 inuicem
1542 375 1699 407 permiscere.

1752 340 1755 343 Ι
1804 306 1862 332 Vid.
1882 314 1936 334 Ol’s
1958 309 2020 337 Dea.

1707 340 1800 366 sei-ere.
1835 342 2023 380 [συμπλέκω]
2059 348 2216 388 Coniungere„

1527 406 1530 410 Α
1747 376 1788 402 Sic
1802 377 1931 410 praelium
1947 382 2108 416 conseritur,
2125 396 2218 416 manus

1172 399 1363 433 conseruntur,
1383 411 1454 437 quum
1466 412 1579 430 commus
1587 413 1701 443 pugnare
1710 429 1718 441 ,
1735 412 1764 435 in
1774 412 1804 445 st
1817 415 1923 440 inuicem
1936 418 2041 450 irruere,
2054 417 2151 454 sibique
2159 424 2218 450 adeo

1164 436 1310 470 permisceri
1323 439 1414 462 „tiltres
1427 441 1561 475 incipiunt.
1619 443 1692 477 Virg.
1706 445 1772 471 Aen.
1790 454 1812 479 2,
1826 454 1871 479 398
1901 450 2039 486 Multaque
2053 462 2101 487 per
2115 464 2219 486 caecam

1172 471 1295 503 congrelii
1316 472 1415 505 praelia
1433 474 1540 500 noctem
1577 476 1755 505 Conserimus.
1828 483 1888 509 Liu.
1905 493 1932 518 ς,
1947 490 1977 518 36
1998 489 2115 515 Act-ensis
2133 494 2218 518 vtrin-

1172 513 1225 540 que
1237 506 1349 538 animis,
1369 507 1401 533 ad
1427 517 1499 535 arma
1526 509 1698 545 discurritur,
1715 520 1741 540 et
1765 518 1894 549 praelium
1917 523 2074 550 conseritur.
2145 528 2219 555 Bella

1172 541 1307 567 conserere
1327 542 1414 583 Valer.
1434 545 1534 579 Argon.
1555 554 1585 579 3,
1599 555 1633 578 31.
1704 550 1770 576 Belli
1784 558 1851 579 artes
1865 554 1933 582 haud
1949 558 2051 592 ignotas
2067 561 2136 587 inter
2155 564 2206 589 sese

1170 576 1214 602 sed
1229 582 1347 610 expertas
1361 586 1449 611 primo
1462 581 1561 607 Punico
1576 582 1747 611 conserebant
1761 586 1831 613 bello
1856 589 1916 617 Liu.
1930 601 1957 618 21
1987 602 2005 620 1,
2077 596 2115 622 Id.
2136 606 2165 630 3·
2198 584 2220 631 Σ

1169 612 1230 638 Boii
1245 612 1327 647 diripi
1343 613 1387 638 sua
1402 615 1528 648 impune,
1545 626 1625 651 quam
1637 619 1739 645 tuendo
1760 629 1805 654 ea,
1826 613 1968 654 conserere,
1981 630 2121 658 Certamen
2139 615 2219 661 nidle-

1169 647 1242 674 bant.
1316 648 1424 674 Dextras
1445 650 1508 677 Stat.
1523 652 1588 679 Silii.
1603 662 1623 686 1,
1637 656 1664 685 6,
1679 657 1723 680 60.
1796 658 1874 685 Diem
1888 663 1961 689 nocii
1991 666 2071 692 Ouid.
2086 669 2179 696 Amor.
2194 679 2206 703 3

1171 685 1197 716 6,
1213 691 1250 709 io.
1271 685 1289 710 i.
1305 683 1465 723 Coniungere.
1535 688 1633 715 Femur
1645 690 1745 717 femori
1765 691 1873 721 Tibull.
1890 705 1913 727 i,
1927 703 1956 730 8,
1972 703 2014 726 26.
2089 704 2167 731 Latus
2182 689 2219 732 la:

1172 719 1224 746 teri
1239 718 1325 759 Ouid.
1336 719 1414 754 Epist.
1430 728 1455 752 2,
1469 726 1506 753 58.
1577 725 1689 751 Manum
1703 727 1855 759 conserere,
1869 734 2149 773 pleramqurfirroiijicat
2170 743 2219 767 Pu·

1170 764 1257 791 gnare.
1295 755 1349 781 Cic.
1363 763 1411 789 pro
1425 756 1545 782 Muraen.
1559 766 1593 784 20
1610 762 1670 793 Qia
1684 761 1712 787 in
1728 761 1861 796 legatione
1877 766 1952 794 duxit
1967 760 2112 800 exercitum
2148 776 2218 804 swna

1170 791 1300 824 contulit,
1317 799 1425 818 manuni
1445 792 1597 826 conseruit,
1615 803 1721 829 magnas
1747 799 1835 833 copias
1854 800 1970 830 hostium
1995 807 2073 834 fudit.
2119 794 2127 806 ’
2142 799 2219 848 Canas,

1170 827 1239 866 ‚Nep'
1254 835 1294 860 14,
1307 831 1330 859 8,
1343 836 1371 860 4.
1406 833 1435 867 et·
1446 834 1484 862 17,
1496 836 1518 860 3,
1532 829 1573 868 6..
1628 831 1706 869 Varr.
1723 833 1753 859 L.
1769 834 1798 860 L.
1813 843 1835 867 ς,
1849 844 1874 870 7.
1947 841 2002 866 Cic.
2018 845 2071 870 Att.
2092 852 2119 879 7,
2135 854 2163 879 ¹9
2183 850 2219 875 At

1168 862 1245 888 illum
1265 871 1342 889 ruere
1360 868 1501 896 nuntiant,
1521 868 1546 890 et
1565 873 1739 899 iamiamque
1753 869 1850 903 adesse,
1871 881 1925 899 non

1167 898 1373 932 (quicuiuenim
1383 900 1409 930 Ξ)
1430 899 1475 925 sed
1487 904 1516 926 vt
1530 899 1620 934 fugam
1633 901 1799 929 intercludat.

1166 933 1238 965 ruit,
1256 940 1382 968 vtrosque
1397 935 1552 969 profligauit
1572 936 1641 971 Nep.
1650 945 1724 969 23,4‚
1738 945 1764 963 2.

1166 972 1281 1005 gaiiti'um
1296 974 1473 996 contentionem
1485 974 1606 1006 pertinet.
1647 972 1716 998 Gell.
1735 980 1780 1004 ιο,
1794 982 1823 999 10
1839 978 2019 1012 interpretum·
2040 995 2134 1022 usqam
2168 990 2220 1016 En-

1168 1004 1225 1037 nii,
1248 1004 1312 1031 Non
1333 1014 1365 1031 ex
1385 1006 1444 1033 iure
1458 1015 1565 1033 manum
1585 1008 1752 1044 consertum,
1768 1009 1814 1035 scd
1829 1019 1904 1045 mage
1918 1015 1990 1042 ferro
2005 1019 2069 1046 Rem
2082 1008 2218 1057 repeiunt·

1167 1041 1276 1066 Manum
1291 1042 1427 1068 conserere
1443 1042 1493 1074 est,
1513 1042 1546 1068 de
1560 1052 1612 1077 qua
1627 1053 1656 1070 re
1668 1044 1829 1079 disceptatur
1841 1046 1871 1072 in
1883 1056 1912 1074 re
1924 1053 2069 1087 praesenti,
2089 1057 2139 1084 siue
2146 1047 2218 1094 ager·

1169 1075 1222 1102 1111(-
1236 1076 1301 1110 quid
1315 1077 1387 1103 aliud
1402 1077 1454 1110 est,
1475 1086 1534 1105 cum
1547 1079 1701 1107 aduersario
1714 1080 1791 1107 timul
1806 1090 1885 1109 manu
1899 1085 2046 1120 prendere,
2066 1096 2091 1117 et
2105 1092 2133 1118 in
2146 1105 2175 1121 ea
2189 1081 2220 1122 r}

1167 1111 1292 1138 omnibus
1304 1112 1394 1139 verbis
1407 1113 1553 1142 vindicare.
1591 1117 1680 1142 Locum
1692 1116 1774 1143 Ennii
1787 1116 1860 1145 habet
1875 1123 1949 1146 etiam
1964 1122 2021 1149 Cic.
2036 1133 2084 1158 pro
2098 1127 2220 1158 Muraen.

1166 1156 1188 1173 c.
1205 1155 1244 1180 ¹4·
1315 1149 1410 1175 Manus
1425 1150 1506 1176 socias
1533 1150 1619 1177 Valer.
1634 1153 1734 1187 Argon.
1747 1161 1770 1186 3,
1783 1162 1824 1186 30.
1894 1156 1981 1191 Pugna
1995 1161 2144 1189 conseritur
2170 1167 2223 1192 Va-

1167 1183 1215 1209 ler.
1230 1183 1329 1218 Argon.
1345 1187 1369 1215 6,
1383 1193 1434 1218 333.
1507 1186 1567 1212 Liu.
1582 1195 1621 1220 32,
1637 1197 1665 1214 io
1685 1189 1716 1215 Et
1730 1195 1904 1224 temperatum
1918 1201 1996 1227 aegre
2008 1195 2060 1227 est,
2080 1198 2147 1232 quin
2160 1201 2222 1227 mis-

1166 1218 1272 1252 filibus,
1291 1220 1354 1254 quia
1368 1220 1494 1255 dirempti
1509 1222 1599 1249 medio
1612 1232 1688 1250 amne
1701 1225 1823 1259 fuerant,
1841 1227 1958 1262 Pugnam
1973 1230 2044 1257 inter
2063 1233 2088 1258 se
2101 1236 2223 1263 consere-

1165 1260 1232 1282 rent.
1305 1256 1386 1283 Plaut.
1402 1256 1493 1283 Bacch.
1508 1267 1536 1291 4,
1553 1267 1581 1291 9,
1594 1267 1626 1292 43
1648 1261 1781 1294 Conflixi,
1801 1268 1881 1297 atque
1894 1263 2032 1293 hominem
2046 1270 2144 1303 repuli,
2158 1271 2223 1300 dein

1165 1299 1280 1325 pugnam
1303 1293 1425 1319 conserui
1447 1293 1511 1320 seni.
1584 1295 1682 1323 Lucan.
1702 1303 1731 1329 ς,
1755 1302 1805 1332 708
1826 1299 1975 1336 Latumque
1989 1311 2036 1337 per
2047 1312 2149 1339 aequor
2185 1309 2223 1336 Vt

1168 1326 1291 1353 terrestre
1308 1328 1363 1354 coit
1376 1329 1502 1355 consertis
1515 1331 1647 1364 puppibus
1661 1341 1764 1366 agmen.
1800 1336 1844 1361 Al.
1866 1336 2011 1364 Cont‘ertis.
2066 1341 2222 1372 Sermonem

1166 1362 1348 1390 altercabilem
1374 1364 1476 1391 Arnob.
1490 1374 1502 1398 ς
1517 1375 1542 1399 p.
1558 1369 1609 1398 156.
1649 1370 1742 1402 Nempe
1754 1378 1770 1394 α
1783 1369 1894 1397 serendo
1907 1373 1957 1415 ipſs
1976 1375 2062 1402 sermo
2079 1375 2162 1404 dictus
2177 1379 2220 1413 est.

1165 1397 1253 1424 Valer.
1276 1400 1376 1433 Argon.
1397 1409 1425 1433 3,
1442 1409 1487 1427 122
1512 1401 1569 1428 Nec
1583 1402 1635 1429 tela
1648 1403 1736 1430 modis
1751 1413 1798 1431 nec
1815 1406 1914 1434 casibus
1927 1409 2012 1437 isdem
2053 1412 2221 1442 Conseruere

1165 1441 1274 1465 manus,
1294 1434 1372 1469 longe
1395 1441 1421 1462 et
1441 1436 1544 1463 iacuere
1570 1439 1692 1472 peremti.
1766 1441 1857 1468 Valer.
1878 1444 1978 1478 Argon.
1999 1449 2025 1479 6,
2048 1453 2091 1477 182
2110 1450 2155 1476 Illi
2169 1451 2222 1479 vbi

1166 1469 1293 1495 consertis
1309 1469 1420 1497 iunxere
1430 1473 1576 1504 ,trementia
1587 1474 1646 1500 telis
1681 1475 1812 1509 Agmina,
1826 1477 1922 1513 virque
1937 1481 2027 1508 virum
2042 1484 2123 1517 galeis
2143 1487 2223 1514 adfla-

1163 1505 1204 1531 vit
1217 1504 1324 1531 adactis.
1397 1506 1488 1533 Verba
1508 1508 1571 1535 Stat.
1583 1509 1648 1536 Silu.
1664 1518 1686 1542 2,
1701 1518 1722 1542 1,
1736 1519 1758 1543 ς.
2253 1545 2257 1551 ,

1201 1546 1218 1567 c
1230 1547 1249 1567 O
1260 1546 1281 1565 N
1291 1548 1304 1567 s
1314 1547 1330 1567 Ε
1339 1548 1388 1569 RT
1398 1548 1417 1567 V
1428 1549 1441 1568 S
1450 1562 1458 1574 ,
1479 1551 1510 1575 a,
1532 1553 1587 1570 um.
1630 1545 1726 1571 Partic.
1763 1547 1972 1586 [συμπλεχθεὶς]
2010 1553 2119 1586 Quin&
2140 1563 2170 1589 ς,
2192 1567 2224 1585 ιο

1165 1576 1202 1602 Vt
1223 1576 1282 1602 sunt
1304 1576 1357 1603 tria
1376 1583 1496 1612 tempora
1505 1598 1512 1609 ‚
1530 1580 1567 1605 ita
1587 1579 1655 1606 ordo
1669 1589 1759 1607 rerum
1773 1582 1859 1610 tribus
1871 1587 2015 1614 momentis
2029 1591 2162 1618 consertus
2175 1594 2224 1621 est.

1164 1614 1182 1638 i.
1195 1612 1337 1639 Contextus.
1409 1614 1470 1641 Liu.
1485 1621 1512 1649 7,
1526 1623 1543 1641 2
1563 1616 1688 1643 Ridicula
1702 1617 1803 1644 intexta
1815 1619 1948 1654 versibus,
1968 1629 1994 1650 et
2006 1624 2104 1652 fabulis
2123 1628 2226 1656 Atella-

1163 1648 1205 1674 nis
1220 1648 1338 1675 conserta
1346 1668 1355 1681 ,
1375 1648 1404 1676 de
1417 1649 1535 1677 Exodiis.
1608 1652 1681 1679 Arua
1695 1653 1813 1680 conserta
1826 1656 1964 1691 gentibus,
1984 1659 2056 1687 Culta
2069 1669 2093 1688 et
2104 1663 2223 1693 habitata

1167 1684 1257 1710 valer.
1288 1685 1390 1719 Argon.
1421 1693 1448 1717 2,
1472 1688 1528 1720 617.
1601 1687 1676 1714 Bella
1707 1689 1827 1717 conserta
1858 1691 1935 1720 bellis
1965 1695 2064 1724 Lucan.
2095 1706 2122 1731 2,
2154 1709 2221 1735 442.

1163 1719 1257 1747 Hostes
1291 1721 1407 1747 conserti
1444 1721 1538 1748 Claud.
1562 1722 1641 1749 Cons.
1666 1724 1742 1750 Mall.
1767 1725 1878 1755 Theod.
1911 1737 1962 1763 193.
2011 1734 2057 1760 Al.
2085 1734 2222 1764 Conserti.

1166 1756 1292 1790 Tegmen
1304 1757 1453 1783 consertum
1469 1757 1549 1791 spinis
1569 1758 1644 1794 Virg.
1659 1759 1723 1786 Aen.
1736 1768 1759 1792 3,
1773 1768 1833 1796 594.

1198 1798 1215 1818 e
1225 1798 1320 1819 ONsE
1331 1799 1414 1819 RTE.
1442 1792 1510 1819 Adii.
1548 1793 1810 1834 [συμπεπλεγμένως]
1846 1798 1902 1826 Cic.
1922 1800 1955 1827 de
1974 1802 2040 1830 Fato
2060 1812 2087 1837 31
2101 1814 2124 1832 c.
2140 1815 2170 1841 14
2190 1808 2223 1836 Si

1160 1827 1251 1853 omnia
1263 1827 1478 1856 antecedentibus
1487 1829 1568 1856 causis
1576 1829 1659 1864 fiunt,
1678 1832 1769 1860 onmia
1783 1835 1898 1862 naturali
1912 1837 2086 1873 colligatione
2099 1844 2221 1872 conserte

1159 1869 1334 1898 contexteque
1349 1863 1424 1891 fiunt.

1195 1905 1213 1926 C
1222 1905 1241 1925 O
1251 1906 1272 1926 N
1281 1907 1294 1926 s
1304 1907 1321 1927 Ε
1329 1907 1378 1927 RT
1388 1907 1424 1928 10
1433 1921 1442 1934 ,
1462 1901 1532 1928 finis.
1552 1901 1572 1928 f.
1608 1902 1651 1930 Ad
1665 1904 1803 1931 ceruicum
1817 1907 1967 1935 necessarias
1976 1910 2103 1939 flexiones
2113 1915 2222 1943 conser-

1161 1934 1281 1962 tionibus
1295 1936 1426 1963 verticum
1440 1943 1520 1972 atque
1534 1938 1602 1964 offen
1617 1938 1813 1967 substruciione
1825 1942 1919 1970 fulciri
1940 1946 2041 1973 Arnob.
2049 1956 2062 1980 3
2072 1957 2097 1983 p.
2106 1957 2162 1985 107.

1197 1976 1215 1997 C
1229 1977 1249 1997 0
1260 1977 1282 1996 N
1295 1978 1308 1998 s
1317 1978 1333 1998 E
1344 1979 1394 2003 Rjr
1404 1979 1450 1999 OR
1459 1992 1468 2006 ,
1487 1973 1552 2000 6riS.
1584 1983 1619 2000 m.
1657 1976 1856 2013 [συμπλεκτὴς]
1891 1981 2028 2017 Legebatur
2050 1985 2116 2010 Plin.
2140 1995 2167 2018 33
2177 2007 2186 2019 ‚
2206 1996 2224 2016 ι

1161 2006 1241 2039 O-uod
1255 2006 1274 2033 fi
1288 2007 1510 2042 impedimentum
1520 2010 1609 2044 potuit
1623 2010 1651 2036 in
1665 2020 1696 2037 ea
1708 2011 1819 2046 aliquod
1833 2015 1949 2050 intelligi
1963 2017 2044 2044 etiam
2057 2021 2221 2049 consertoris

1158 2042 1222 2074 vsu,
1249 2049 1436 2077 argumentum
1450 2044 1487 2071 est
1498 2046 1584 2072 maius
1598 2046 1628 2072 in
1640 2046 1716 2074 laeua
1731 2048 1816 2079 fuiffe,
1839 2059 1892 2084 qua
1906 2052 2007 2078 scutum
2022 2054 2133 2088 capitur.
2171 2057 2225 2085 Sed

1159 2080 1215 2114 quis
1230 2077 1285 2112 effi>t
1298 2079 1340 2106 hic
1355 2080 1516 2113 Consertor,
1535 2090 1604 2108 nemo
1618 2088 1705 2110 temere
1717 2083 1822 2110 dixerit.
1858 2086 1942 2112 Hard.
1957 2096 1986 2113 ex
1994 2089 2068 2117 MSS.
2083 2091 2165 2119 etiam
2180 2094 2220 2120 se-

1158 2114 1240 2140 rioris
1255 2115 1314 2140 vsus
1327 2121 1515 2149 argumentum
1526 2116 1562 2141 est
1574 2123 1621 2142 etc.

1197 2154 1215 2174 c
1229 2153 1248 2174 o
1260 2155 1282 2173 N
1292 2156 1305 2175 s
1315 2157 1332 2176 E
1341 2157 1359 2176 R
1368 2157 1387 2176 R
1396 2157 1417 2176 A
1428 2156 1449 2175 Τ
1458 2157 1479 2176 ν
1488 2155 1501 2174 s
1510 2168 1520 2182 ,
1538 2158 1568 2181 a,
1587 2159 1642 2177 um.
1662 2150 1724 2179 Adi.
1753 2151 1916 2190 [πρισνωτδς]
1947 2158 1976 2184 A
1986 2158 2061 2187 Serra
2074 2161 2219 2193 daducium.

1159 2182 1226 2209 Pliii.
1242 2192 1274 2216 ii,
1289 2192 1321 2219 37
1340 2184 1389 2211 Sed
1403 2184 1615 2219 spe&atissimiiin
1635 2186 1736 2221 insigne
1755 2190 1923 2224 gallinaceis,
1942 2201 2056 2228 corpore
2082 2199 2218 2227 conserra.

1158 2224 1216 2245 tuni
1229 2229 1235 2245 :
1271 2228 1320 2246 nec
1334 2229 1439 2247 carnem
1454 2221 1482 2247 id
1496 2221 1560 2253 effe,
1578 2230 1626 2247 nec
1640 2223 1840 2258 cartilaginem,
1859 2235 1907 2253 nec
1921 2228 2018 2256 callum
2033 2231 2092 2259 iure
2106 2233 2217 2269 dixeris,

1157 2254 1201 2281 sed
1221 2256 1357 2289 peculiare
1368 2256 1572 2288 Conserratum,
1590 2259 1612 2283 i.
1625 2259 1653 2282 in
1665 2258 1761 2284 modum
1768 2260 1857 2295 firrae
1867 2262 1982 2299 fastum.
2018 2268 2053 2294 In
2066 2270 2216 2299 emendatio.

1157 2290 1229 2318 ribus
1241 2289 1366 2316 codicibus
1377 2292 1471 2327 legitur
1486 2291 1670 2325 Corporeum,
1689 2294 1829 2322 serratum.

1195 2331 1212 2351 c
1223 2330 1243 2350 o
1253 2331 1275 2350 Ν
1286 2332 1299 2351 s
1308 2332 1325 2351 E
1334 2332 1354 2352 R
1363 2332 1385 2352 v
1393 2334 1403 2352 1
1414 2333 1449 2358 ο,
1469 2328 1518 2353 i're.
1557 2327 1675 2354 ICtorum
1688 2328 1731 2363 effi
1744 2330 1841 2358 dicitur
1852 2335 1880 2358 in
1892 2333 2014 2371 Digestis.

1194 2365 1212 2386 c
1223 2364 1242 2385 O
1255 2366 1305 2400 Ns
1314 2367 1389 2388 ERV
1399 2368 1434 2394 o,
1476 2365 1529 2389 are.
1566 2360 1710 2399 [lusaaegffi
1730 2368 1864 2403 συντηρέω]
1907 2372 1979 2404 vna,
1999 2374 2042 2401 vel
2058 2381 2154 2410 totum,
2172 2380 2216 2407 vel

1154 2398 1255 2430 penitus
1262 2398 1375 2432 Jeruare.
1411 2397 1477 2424 Plin.
1491 2407 1526 2431 15,
1539 2406 1572 2431 30

1158 2430 1248 2465 spices.
1273 2460 1274 2463 Ἴ

1939 882 1966 901 vt
1979 885 2085 905 manum
2099 883 2219 910 conserat

1871 909 1938 936 Cum
1953 911 1994 937 his
2009 923 2114 942 manum
2128 920 2218 945 conse-

1836 941 1884 968 Sed
1894 945 1928 969 ad
1943 949 2040 974 ciuilem
2059 960 2149 987 quoque
2166 956 2221 981 liti·

1590 2399 1752 2428 Conseruari
1764 2402 1853 2430 alitem
1866 2410 1892 2431 et
1905 2406 2025 2435 sobolem
2037 2410 2131 2440 iussere
2144 2416 2216 2442 Aru-

1185 2466 1190 2471 ·
1217 2467 1221 2472 -
1321 2433 1487 2474 Conseruere
1510 2439 1536 2461 et
1558 2435 1676 2462 retinere
1696 2438 1774 2473 Reip.
1795 2441 1870 2467 causa
1893 2442 1934 2468 ius
1949 2444 2088 2479 Augurum
2109 2449 2165 2477 Cic.
2179 2451 2215 2478 de

1157 2467 1250 2494 Dium.
1265 2475 1290 2501 2,
1303 2475 1343 2504 73.
1415 2470 1472 2496 Cic.
1486 2471 1562 2497 Verr.
1577 2479 1606 2505 4,
1623 2480 1672 2505 ¹40
1691 2474 1728 2500 Vt
1740 2475 1854 2511 quisque
1867 2477 2005 2542 eiscrebgs
2023 2484 2130 2547 ἔμω-111111·
2149 2495 2216 2514 con-

1930 2524 1963 2541 ic.
1996 2526 2010 2543 e
2045 2528 2085 2546 ini
2106 2530 2149 2555 .5‚
2170 2543 2176 2549 .
2202 2543 2213 2550 .

1595 2580 1599 2584 ι
1930 2552 2096 2582 incolumem
2108 2559 2215 2586 conser-

1548 2580 1737 2609 Iusmrandum
1749 2584 1906 2612 conseruare
1930 2587 1987 2615 Cic.
2001 2589 2034 2616 de
2051 2592 2103 2618 Off.
2117 2603 2141 2626 3,
2157 2603 2212 2627 103.

1157 2612 1214 2639 Cic.
1229 2613 1282 2639 Att.
1296 2615 1322 2646 6,
1339 2622 1350 2639 1
1368 2613 1404 2640 Iis
1418 2614 1506 2641 literis
1524 2616 1690 2650 respondebo
1705 2626 1712 2642 :
1747 2618 1780 2645 fic
1799 2621 1871 2647 enim
1888 2622 2025 2656 postulas:
2060 2636 2109 2655 nec
2128 2630 2213 2656 οἰκονο-

1155 2649 1214 2681 μίαν
1228 2648 1392 2682 institutam,
1410 2649 1454 2676 sed
1467 2650 1592 2678 ordinem
1605 2653 1768 2681 conseruabo
1788 2661 1873 2684 tuum.

1157 2539 1207 2566 Sed
1225 2545 1317 2567 contra
1336 2541 1483 2568 vtilitatem
1502 2543 1585 2570 etiam
1598 2545 1772 2573 conseruatur
1785 2546 1858 2575 fides.

1157 2584 1219 2602 vare
1246 2576 1302 2603 Cic.
1317 2577 1388 2604 Fam.
1402 2587 1429 2611 9,
1442 2587 1475 2611 13.

1948 2659 2088 2697 Tempora
2106 2667 2213 2692 conser-

1748 2691 1921 2725 Volimtatem
1934 2696 2071 2730 pristinam
2085 2709 2147 2735 erga
2161 2701 2211 2728 ali-

1529 2724 1702 2752 Voluntatem
1717 2729 1821 2754 mortui
1837 2730 1894 2756 Cic.
1910 2732 1987 2758 Verr.
2006 2741 2026 2765 1,
2041 2742 2097 2767 ¹24-
2165 2736 2209 2764 Id.

1157 2756 1229 2782 Fam.
1243 2765 1276 2790 11,
1288 2765 1321 2784 22.
1339 2758 1403 2784 Peto
1415 2767 1431 2785 a
1446 2763 1471 2784 te
1483 2759 1615 2786 maiorem
1628 2761 1657 2787 in
1669 2762 1796 2797 modum,
1815 2765 1858 2791 vel
1877 2765 2048 2795 humanitatis
2067 2775 2143 2804 tuae,
2163 2772 2209 2799 ve!

1155 2801 1214 2818 mea
1227 2793 1317 2824 causa,
1337 2798 1367 2820 vt
1379 2801 1440 2820 eum
1448 2794 1609 2823 auctoritate
1623 2802 1676 2830 tua,
1684 2803 1752 2833 quae
1763 2800 1908 2834 plurimum
1923 2804 2004 2835 valet,
2022 2806 2208 2834 conseruatum

1153 2828 1229 2854 velis.
1302 2829 1418 2856 Pseudo-
1427 2830 1485 2857 Cic.
1499 2837 1587 2867 anteq.
1600 2833 1653 2860 iret
1667 2834 1696 2860 in
1707 2835 1770 2863 exil.
1785 2845 1815 2869 ¹4
1834 2837 1890 2870 Qu
1903 2839 2010 2866 numini
2022 2841 2135 2867 deorum
2144 2852 2208 2870 con-

2042 2877 2208 2907 Beneuolen-

1152 2900 1218 2926 tiam
1239 2901 1296 2927 Cic.
1310 2902 1422 2935 Fauna,
1435 2909 1462 2938 7.
1535 2904 1768 2932 Existiinationem
1781 2907 1863 2934 alicui
1876 2910 2032 2938 conseruare
2059 2913 2121 2949 le.
2142 2915 2173 2942 in
2185 2915 2204 2943 1.

1152 2935 1219 2971 quid
1232 2945 1297 2972 ergo
1310 2937 1343 2965 D.
1350 2937 1383 2965 de
1396 2937 1447 2971 his,
1454 2939 1503 2974 qui
1514 2946 1571 2967 not.
1586 2941 1680 2968 infam.
1752 2942 1858 2970 Lucret.
1870 2952 1897 2977 2,
1911 2950 1963 2978 708

1611 2977 1710 3003 Omnia
1724 2978 1831 3012 quando

1348 3009 1498 3038 Seminibus
1513 3012 1592 3039 certis
1607 3018 1677 3039 certa
1689 3014 1820 3047 genitrice
1833 3021 1920 3042 creata

1349 3046 1515 3074 Conseruare
1529 3056 1609 3082 genus
1621 3049 1764 3075 crescentia
1777 3051 1846 3084 poss'e
1860 3051 1991 3079 videmus.

1152 3079 1307 3108 Indenmem
1327 3089 1375 3117 per
1393 3083 1484 3110 omnia
1504 3083 1660 3110 conseri-iare
1678 3084 1796 3119 aliquem
1815 3086 1919 3113 Paullus
1932 3088 1961 3114 in
1975 3089 1993 3115 l.
2007 3088 2153 3125 diligenter
2169 3091 2205 3121 D,

1154 3117 1268 3144 mandat.
1282 3116 1326 3144 vel
1339 3124 1425 3146 contr.
1495 3119 1551 3145 Cic.
1567 3119 1639 3146 Fam.
1655 3128 1687 3151 11,
1701 3127 1719 3155 7
1747 3121 1832 3156 Caput
1850 3129 1939 3149 autem
1954 3124 1991 3151 est
2004 3124 2073 3159 hoc,
2091 3127 2164 3162 quod
2177 3134 2205 3156 te

1153 3152 1348 3188 diligentiffime
1361 3155 1497 3190 percipere
1511 3159 1538 3180 et
1550 3155 1696 3181 meminiffe
1709 3157 1790 3182 velim
1799 3175 1807 3188 ,
1825 3163 1854 3184 vt
1870 3167 1904 3184 ne
1922 3159 1952 3186 in
1970 3160 2106 3189 Libertate
2129 3170 2155 3191 et
2166 3165 2204 3192 sa-

1155 3188 1210 3215 lute
1239 3189 1344 3225 Populi>
1365 3190 1481 3217 Romani
1514 3190 1710 3224 conseruanda,
1733 3192 1920 3220 auctoritatem
1945 3195 2053 3224 Senatus
2071 3199 2203 3234 expedies.

1697 3227 1750 3253 vid.
1761 3228 1809 3263 fieb
1825 3234 1938 3258 00Mls.
1994 3233 2051 3259 Cic.
2059 3235 2203 3269 Fam.4,13

1153 3260 1336 3297 Tuorumque
1353 3260 1497 3289 tristissimo
1514 3270 1576 3288 meo
1596 3268 1718 3297 tempore
1738 3264 1897 3292 meritorum
1907 3275 1971 3301 erga
1983 3277 2026 3295 me
2039 3270 2202 3298 Memoriam

1154 3297 1326 3324 conseruabo.
1398 3297 1456 3323 Cic.
1470 3296 1584 3332 Philipp.
1601 3306 1634 3330 11,
1647 3303 1679 3328 28
1699 3298 1843 3327 Maximam
1855 3302 1914 3328 eius
1933 3309 1960 3330 et
1973 3303 2128 3339 singularem
2144 3307 2200 3332 lau-

1153 3331 1213 3359 dem
1225 3333 1418 3368 praetermitto.
1453 3333 1528 3359 cuius
1542 3333 1614 3359 enim
1626 3333 1790 3368 praedicatio
1802 3337 1922 3365 nondum
1935 3336 2060 3367 osnnibus
2073 3348 2145 3376 grata
2152 3341 2201 3374 cst,

1153 3366 1219 3395 hanc
1234 3369 1383 3396 Memoriae
1395 3368 1499 3403 potius,
1520 3377 1599 3403 quani
1615 3369 1688 3395 vocis
1702 3369 1858 3399 testimonio
1870 3374 2068 3402 conseruemus.
2139 3375 2198 3403 Cic.

1157 2729 1237 2754 quem
1254 2721 1310 2748 Cic.
1325 2722 1398 2748 Fam.
1411 2731 1435 2756 ς,
1450 2730 1473 2755 3.

1098 3410 1134 3436 90
1153 3403 1183 3430 in
1200 3404 1296 3443 Somn·
1311 3405 1379 3439 Scip.
1398 3414 1417 3438 4
1428 3403 1484 3444 'Sic
1497 3403 1609 3437 habeto,
1635 3405 1768 3433 Omnibus
1781 3408 1829 3442 qui
1842 3409 1956 3437 Patriam
1971 3412 2198 3444 conseruauerint,

1154 3439 1322 3473 adiuuerint,
1342 3445 1482 3472 auxerint,
1500 3446 1602 3466 certum
1633 3441 1683 3467 else
1713 3441 1742 3467 in
1773 3443 1862 3477 caelo,
1880 3454 1909 3472 ac
1935 3446 2074 3473 definitum
2097 3447 2197 3474 locum.

1155 3475 1267 3503 Puerum
1279 3475 1374 3511 pudice
1386 3475 1542 3501 conseruare
1556 3476 1638 3502 alicui
1655 3476 1742 3504 Cat-ul.
1756 3485 1795 3512 19,
1803 3487 1825 3513 ς.
1898 3481 1966 3508 Ter.
1979 3483 2072 3508 Heaut.
2085 3491 2114 3515 4,
2122 3490 2143 3514 1,
2157 3490 2196 3515 40

1155 3510 1221 3538 lstuc
1233 3512 1305 3539 reete
1319 3525 1324 3540 :
1360 3510 1519 3537 conseriiasti
1533 3516 1559 3537 te
1571 3517 1651 3546 atque
1664 3512 1749 3540 illam.
1819 3515 1886 3542 Plin.
1895 3524 1928 3550 11,
1937 3525 1969 3550 34
1990 3516 2125 3550 Qiaedam
2139 3518 2197 3544 exi-

1155 3555 1208 3581 guo
1240 3547 1316 3583 gustu
1338 3546 1436 3572 famem
1452 3555 1481 3572 ac
1503 3546 1572 3572 sitim
1586 3547 1691 3581 sedant,
1711 3550 1920 3586 conseruantque
1933 3553 2016 3579 Vires.
2043 3555 2060 3578 i.
2075 3553 2196 3589 Integras·

1147 3583 1261 3619 seruant.
1334 3582 1440 3609 Vulnus
1453 3581 1506 3608 sine
1518 3581 1614 3609 dolore
1627 3585 1783 3612 conseruare
1804 3587 1923 3614 Scribon.
1939 3595 1998 3621 207.
2052 3587 2196 3616 Cic-Nem

1157 3626 1184 3651 i,
1203 3627 1251 3653 124
1276 3619 1316 3645 An
1341 3617 1415 3652 quod
1440 3617 1550 3644 alterius
1568 3621 1675 3653 patroni
1692 3623 1796 3648 mortui
1817 3622 1986 3649 Voluntatem
2004 3623 2196 3651 conseniabatz

1154 3653 1223 3681 Ter.
1238 3653 1313 3681 Adel.
1331 3661 1354 3686 5,
1364 3661 1387 3686 3,
1402 3660 1434 3688 27
1453 3653 1568 3680 Eandem
1586 3654 1661 3683 illam
1679 3657 1812 3684 rationem
1832 3658 1968 3692 antiquam
1982 3656 2095 3685 obtine:
2130 3668 2194 3686 con-

1154 3689 1244 3723 serua,
1280 3697 1375 3720 uaere,
1393 3697 1477 3723 parce.
1525 3690 1580 3716 Cic.
1599 3691 1735 3727 Ofl12,87
1748 3702 1768 3719 c.
1782 3702 1817 3725 24
1852 3692 1902 3719 Res
1931 3697 2021 3719 autem
2050 3694 2193 3722 familiaris

1154 3726 1248 3760 quaeri
1279 3724 1340 3751 ebet
1353 3725 1387 3750 iis
1398 3723 1488 3757 rebus,
1501 3733 1517 3751 a
1530 3725 1631 3760 quibus
1650 3727 1722 3755 abest
1732 3727 1872 3762 turpitudo
1886 3736 1893 3751 :
1929 3729 2082 3756 conseruari
2100 3737 2192 3758 autem

1152 3761 1290 3795 diligentia
1304 3766 1330 3786 et
1343 3759 1516 3794 parsimonia,
1536 3762 1631 3790 iisdem
1645 3765 1725 3791 etiam
1737 3764 1817 3790 rebus
1829 3762 1929 3797 augeri.
2000 3764 2058 3791 Cic.
2074 3774 2102 3792 in
2110 3766 2191 3793 Catil.

1147 3805 1172 3830 3,
1183 3805 1214 3829 25
1228 3806 1249 3823 c.
1264 3804 1293 3822 io
1309 3796 1348 3822 Ita
1360 3803 1404 3821 me
1417 3796 1475 3831 gelli
1483 3797 1620 3831 Qiirites,
1640 3805 1669 3826 vt
1681 3799 1753 3825 Salui
1765 3807 1856 3824 omnes
1866 3798 2098 3828 conscium-emim.

1189 3839 1206 3860 C
1215 3839 1234 3859 0
1242 3838 1264 3858 Ν
1273 3838 1286 3858 S
1295 3837 1311 3857 Ε
1320 3838 1340 3857 R
1348 3837 1369 3857 V
1377 3838 1400 3858 A
1410 3838 1431 3858 N
1440 3839 1464 3865 S,
1471 3833 1548 3860 antis.
1567 3835 1634 3861 Part.
1671 3835 1761 3861 Vnum
1769 3833 1874 3860 labendi
1883 3834 2041 3862 conseruans
2055 3850 2101 3857 ——-
2110 3843 2189 3875 ‘tenp-

1150 3876 1207 3894 rem
1225 3867 1304 3893 Liicr.
1318 3874 1421 3900 5,,ςο9ι,
1477 3869 1571 3896 eustos
1589 3878 1680 3897 rerum
1701 3870 1755 3904 ipse
1775 3877 1910 3901 mearum,
1935 3870 2100 3898 Confer-nans
2116 3872 2188 3903 aliu,

1147 3912 1215 3939 quae
1229 3902 1332 3937 periere
1342 3902 1411 3930 milii
1431 3904 1461 3931 C.
1475 3902 1542 3931 Gall.
1557 3905 1628 3940 Elcg.
1643 3914 1662 3937 i,
1677 3910 1730 3939 187.

1181 3944 1198 3966 c
1210 3944 1528 4005 οΝεΕκνΑΝτιΛΙ,
1547 3949 1588 3968 ae.
1611 3941 1632 3970 ἱ.
1666 3939 1796 3969 laudatur
1807 3938 1911 3968 Arnob.
1923 3947 1942 3968 ι
1958 3949 1987 3976 Ρ»
2000 3948 2039 3976 75-
2093 3937 2188 4002 segg-i
