2474 4182
280 122 348 168 635
688 109 936 153 BON

278 214 340 242 quae
352 205 446 232 adrem
458 207 591 233 militarem
601 207 746 240 pertinent,
760 207 783 226 et
797 199 894 227 videbis
912 199 949 226 ibi
962 199 1149 227 Beneficiarios
1167 198 1324 228 Consulum,

280 242 480 275 Proconsulum,
495 243 663 276 Legatorum,
673 236 870 264 emesenorum
878 234 962 268 vrbis,
971 236 1113 268 Praetoris,
1121 235 1322 263 Tribuuorum.

281 277 350 305 Add.
364 277 459 314 ReineJI
475 283 497 309 8,
513 286 549 310 33,
562 284 585 302 ιι
598 276 674 301 inser.
690 282 724 306 52.
756 272 880 299 Videntur
897 278 975 298 autem
987 271 1059 298 duces
1071 279 1143 307 atque
1156 267 1324 306 Magistratus

279 319 305 340 et
318 316 453 350 quicunque
464 310 591 347 praefecit
604 313 673 336 circa
686 309 715 345 se
726 307 831 341 habuiffe
851 307 897 334 hos
909 306 1108 338 beneficiarios,
1122 312 1145 332 et
1160 304 1260 331 illorum
1272 310 1325 338 ope-

279 358 312 376 ra
324 348 369 383 vst,
383 359 441 386 quor
450 347 557 384 proinde
570 346 612 371 vel
626 346 733 372 lautiore
738 342 876 379 stipvndio,
893 344 935 370 vel
947 344 1007 370 aliis
1017 352 1069 370 rem
1077 340 1198 378 faciendi
1210 345 1326 375 opportu-
1352 351 1366 379 ς

280 385 403 412 nitatibus
421 389 547 411 ornarent,
570 380 634 406 vnde
647 380 712 407 hanc
741 388 814 416 noque
831 382 940 405 nominis
952 379 996 414 fici
1008 378 1105 414 causam
1120 374 1227 409 habmffi’
1235 374 1326 410 proba-

279 421 328 448 bile
341 419 382 453 est.
421 421 471 445 His
484 427 540 453 wgo
560 426 608 442 non
623 389 776 443 contrafficit
788 415 912 450 Vegetius
927 423 951 446 2,
965 421 982 448 7
1009 412 1177 440 Beneficiarii
1191 411 1224 438 ab
1237 419 1269 437 eo
1282 419 1326 445 ap-

280 457 388 491 pellati,
407 453 479 488 quod
494 458 687 487 promouentur
700 451 830 479 beneficio
844 450 1025 478 tribunorum.
1068 450 1132 475 Tum
1152 450 1179 474 in
1190 446 1245 482 fine
1259 449 1327 481 capi-

281 496 317 519 tis
331 492 358 516 de
368 491 409 517 his
421 496 444 515 et
457 490 562 524 rrliquis
574 497 634 524 quos
646 493 838 514 enumerauerat.
859 486 898 513 Hi
911 487 970 513 sunt
984 485 1082 510 milites
1096 482 1264 519 principales,
1277 481 1325 517 qui

281 525 432 562 priuilegiis
444 525 610 551 muniuntur.
648 523 756 558 Reliqui
768 522 904 550 munifices
917 521 1092 556 appellantur,
1124 519 1170 546 uia
1182 519 1275 545 munia
1288 517 1326 544 fa·
1347 523 1376 543 10

280 570 339 588 cere
352 567 490 595 coguntur.
528 561 596 586 Hinc
612 560 719 587 Veteres
732 559 825 594 glossae
838 558 985 585 verborum
997 556 1065 583 iuris
1079 556 1116 582 La
1136 554 1197 582 baei
1209 564 1238 581 ex
1251 563 1328 580 tmen-

281 598 380 624 alatione
398 596 475 632 ipfius
484 596 573 631 pastilli
588 595 697 631 probata
721 597 789 622 viris
806 591 889 621 doHtt
912 592 1099 626 Βενεφικισίλιοι,
1117 590 1138 618 οἱ
1155 590 1196 617 {nl
1210 589 1330 631 &ajune-'q

281 634 326 659 -nzu
347 631 504 667 μαγιῗρέῖωυ
531 633 685 664 τεταγμένοι.
726 632 801 658 Tales
811 629 876 667 finit
894 628 960 655 Plin.
982 637 1022 663 ep.
1044 636 1089 660 ιο,
1110 635 1141 659 32
1160 625 1329 653 beneficiarii.

281 668 382 700 decem,
401 667 488 704 quihus
502 673 655 694 contentum
675 667 723 693 csse
742 668 797 693 vult
818 665 934 692 Gabium
953 664 1053 691 Bassum
1073 662 1237 697 praefectum
1258 662 1329 687 Orac

280 704 419 731 Ponticae:
438 709 462 729 et
474 703 576 729 totidem
589 703 740 729 Gemellino
753 701 880 735 adsignati
894 709 934 735 ep.
949 702 988 732 36.

280 749 338 766 num
351 738 468 775 aduersus
481 737 635 772 Christianos
657 736 776 771 mimstri.
802 736 860 763 Vid.
876 736 978 772 Salmas
993 735 1028 762 ad
1041 735 1169 769 Spartian.
1184 742 1206 759 c.
1219 741 1236 758 2
1250 741 1274 766 p.
1290 733 1327 757 ¹6.

279 777 358 803 Locus
372 774 491 802 Tertull.
505 775 538 801 de
551 775 614 809 fuga
628 774 656 801 in
670 775 765 809 perscc.
781 782 802 799 c.
816 781 839 804 13
851 771 1000 808 praeslrtim
1019 770 1150 800 notabilis,
1164 777 1232 803 quem
1250 767 1328 802 expli-

278 818 335 842 cat,
348 813 391 847 qui
406 816 484 838 totum
497 811 543 837 hoc
560 820 590 837 ar
617 818 731 837 amentum
750 812 845 846 egregie
866 806 1001 841 illustrauit
1015 807 1056 832 Ge.
1075 802 1177 836 Chmfli.
1191 802 1331 829 Gebauerur

278 850 306 874 in
326 848 417 883 Origg.
435 846 508 886 lj'eodi
522 857 543 872 c.
558 857 567 872 ι
606 867 611 872 .
626 857 642 881 4
656 853 684 882 p.
694 856 718 880 9.
743 847 818 881 Cous.
837 844 894 870 ICti
912 842 944 869 ad
960 842 978 868 l.
992 851 1011 874 4
1024 841 1054 866 C.
1073 839 1106 866 de
1119 839 1201 874 Episc.
1215 845 1240 865 et
1256 838 1328 865 Cler.

279 883 322 908 vbi
336 882 503 909 Benenciarii
513 882 593 918 sunt,
613 890 661 917 qut
676 883 803 908 scrinium
823 878 1015 906 beneficiorum
1030 874 1154 902 uastant.
1180 878 1211 902 it.
1224 874 1259 901 ad
1276 874 1294 901 l.
1309 882 1327 909 7
1348 883 1380 900 20

280 919 311 946 C.
325 917 434 945 Theod.
455 918 486 944 de
501 917 631 945 cohortat.
646 918 727 953 princ.
744 922 769 943 et
784 916 882 942 cornic.

318 961 334 981 B
342 961 358 980 E
367 961 388 980 N
397 961 413 980 E
423 960 439 980 F
449 961 457 980 1
467 960 484 980 C
492 961 501 980 1
510 961 530 980 V
540 961 565 980 M
573 974 582 986 ,
600 954 618 981 i.
633 963 659 980 n.
695 953 864 986 [ἰυεργὲτημοι
872 967 880 979 ,
900 948 1005 979 Sonant'u,
1024 945 1186 981 dyaeomu‘oe]
1208 943 1328 981 Qidstt,

277 996 303 1017 et
314 999 386 1026 quam
399 991 448 1016 late
456 996 561 1025 patent,
583 989 638 1025 ipsa
658 989 804 1022 etymfllssgia
817 983 1000 1019 nominis-satis
1016 982 1141 1009 declarat:
1160 981 1285 1017 Quomodo
1299 990 1327 1007 cx

277 1027 383 1053 aliorum
390 1026 516 1062 finti-ntia
531 1024 636 1058 diffluat
649 1024 679 1050 ab
692 1022 781 1049 oilicio
796 1027 818 1046 et
830 1018 1074 1050 ministerio‚docet
1109 1018 1167 1044 Sen.
1186 1017 1218 1044 de
1234 1016 1326 1044 Benef.

278 1067 336 1094 3‚18
355 1061 517 1088 Beneficium
534 1061 598 1092 esse,
619 1058 691 1094 quod
710 1058 810 1083 alienus
821 1056 881 1087 det;
904 1055 1007 1081 alienus
1023 1054 1075 1087 est,
1095 1055 1143 1089 qui
1164 1053 1217 1080 sine
1237 1061 1365 1088 repre-23

278 1096 404 1124 henfione
416 1098 503 1132 potuit
516 1097 622 1122 ceffare:
642 1092 768 1120 Officium
781 1092 831 1118 esse
851 1091 918 1124 filii,
938 1090 1041 1123 vxoris,
1061 1098 1087 1117 et
1101 1098 1191 1117 earum
1205 1089 1328 1124 persona-

278 1141 356 1163 rum,
380 1142 444 1168 quas
466 1130 621 1158 necessitudo
639 1128 760 1161 suscitat,
788 1133 813 1154 et
833 1127 905 1154 ferre
926 1135 1005 1161 opem
1023 1125 1112 1153 iubet:
1145 1124 1327 1152 Ministerium

279 1169 328 1195 esse
341 1169 411 1195 serui
424 1175 469 1194 etc.
503 1166 552 1194 Sed
563 1165 613 1202 'Pfi'
628 1164 714 1191 deinde¹
725 1163 829 1201 refellit,
844 1170 868 1190 ct
880 1162 1041 1189 Beneficium
1054 1165 1127 1188 etiam
1141 1170 1156 1188 a
1169 1162 1246 1188 seruo
1258 1161 1328 1195 posse

278 1204 351 1236 dari,
369 1202 482 1237 qslendit.
523 1203 613 1228 Verum
626 1203 676 1227 toti
683 1200 778 1236 scpaem
790 1199 852 1226 libri
865 1199 975 1226 Senecae
989 1197 1021 1225 de
1040 1197 1178 1224 Beneficiis
1190 1198 1237 1224 huc
1246 1199 1329 1232 perti-

276 1247 344 1266 nent.

279 1274 427 1308 14.Q·ibus
437 1282 486 1308 pro
499 1272 698 1300 immortalibus
706 1272 772 1299 meis
780 1270 927 1303 beneficiis,
942 1269 1068 1297 cariffima
1075 1278 1134 1296 mea
1141 1268 1207 1295 salus
1214 1274 1240 1294 et
1254 1276 1328 1294 meae

276 1311 400 1337 fortunae
414 1310 462 1336 esse
475 1308 613 1336 debebant.
658 1308 727 1335 Ter.
740 1309 803 1333 Eun.
815 1315 834 1340 ι,
847 1314 874 1339 2,
888 1308 923 1339 69
939 1306 1027 1341 Cupio
1041 1305 1145 1340 aliquos
1158 1313 1251 1339 parare
1263 1304 1327 1331 ami-

275 1354 319 1372 cos
333 1345 466 1372 beneficio
478 1354 549 1372 meo.
621 1344 687 1371 Pliu.
703 1343 781 1378 Epist.
799 1351 824 1374 2,
840 1350 864 1375 ¹3
881 1342 960 1377 Regis
974 1342 1119 1368 exercitum
1131 1339 1328 1375 ampliffimum:

277 1382 340 1409 hinc
352 1381 405 1408 tibi
419 1380 612 1408 beneficiorum
627 1380 698 1414 larga
713 1379 832 1406 materia.
891 1379 944 1405 Iam
953 1377 1083 1414 formulas
1095 1383 1216 1417 ponemus
1230 1377 1327 1403 clemen-

275 1420 330 1444 tari
344 1417 431 1444 ordine
443 1416 582 1444 verborum.
619 1417 689 1443 Ter.
697 1415 771 1443 Adel.
780 1424 805 1447 2,
819 1422 842 1446 3,
856 1423 867 1441 ι
888 1413 942 1441 Abs
955 1412 1045 1448 quiuis
1057 1412 1180 1445 homme,
1194 1421 1278 1447 quum
1291 1411 1328 1438 est
1347 1415 1375 1442 35

276 1462 353 1488 opus,
360 1452 521 1480 beneficium
527 1453 646 1488 accipere
654 1451 776 1486 gaudeas.
810 1450 867 1477 Cic.
875 1450 947 1477 Fam.
956 1459 994 1482 10,
1005 1458 1034 1482 ¹4
1042 1448 1123 1483 Qiod
1129 1448 1147 1474 fi
1157 1448 1208 1474 erit
1216 1447 1327 1480 factum,

276 1495 303 1516 et
311 1490 377 1516 Rem
396 1488 442 1515 ub.
450 1488 545 1514 diuino
551 1487 684 1514 beneficio
691 1486 818 1519 affeceris,
826 1492 852 1512 et
860 1486 915 1521 ipse
921 1490 1055 1512 aeternam
1064 1484 1178 1519 gloriam
1185 1483 1328 1518 conseque-

279 1534 316 1552 re.
353 1525 364 1551 1
385 1533 426 1550 em
434 1533 483 1558 pro
490 1523 574 1550 Plane.
585 1528 611 1553 81
633 1523 762 1557 Equidem
773 1521 843 1548 nihil
849 1527 903 1548 tam
914 1521 1055 1556 proprium
1068 1521 1185 1547 hominis
1192 1519 1327 1553 existimo,

277 1568 358 1596 quam
370 1569 424 1586 non
436 1559 518 1586 modo
528 1558 660 1585 beneficio
668 1578 676 1590 ,
695 1557 739 1584 sed
750 1557 832 1584 ctiam
843 1556 1049 1584 beneuolentiae
1062 1556 1253 1590 significatione
1269 1555 1327 1582 alli-

275 1597 342 1631 gari.
386 1596 419 1622 Vt
426 1595 486 1621 ibid.
503 1603 519 1620 2
539 1594 688 1621 Obstrielus
699 1591 958 1620 mcmoriabencficii
965 1587 1131 1632 sempiterna.
1171 1593 1275 1626 Augei-c
1283 1591 1328 1618 bc·
1337 1599 1374 1624 40

277 1631 411 1663 neficium,
423 1631 475 1656 vid.
485 1636 607 1656 AVGEO.
643 1629 700 1655 Cic.
710 1629 781 1655 Fam.
794 1637 826 1660 13,
834 1636 867 1661 29
887 1627 917 1655 Id
926 1628 954 1655 in
961 1638 1003 1655 me
1010 1628 1157 1663 recipio,te
1170 1636 1200 1654 ea
1213 1636 1280 1662 quae
1288 1628 1327 1654 fe-

278 1667 338 1694 cisti
361 1666 483 1693 Mescinii
502 1665 577 1691 causa
586 1684 594 1697 ,
612 1672 733 1698 quaeque
754 1664 864 1696 feceris,
885 1664 922 1690 ita
943 1663 1103 1690 beneficium
1123 1664 1328 1695 collocaturum,

276 1708 306 1730 vt
319 1702 419 1728 iudices
432 1700 538 1727 homini
552 1706 578 1726 te
591 1698 733 1733 gratillimo
747 1699 843 1725 fecisse.
882 1699 1056 1726 Emendatiora
1069 1700 1219 1734 exemplaria
1232 1699 1328 1734 legunt,

276 1739 317 1766 Ita
329 1738 396 1764 bene
408 1736 609 1763 collocaturum.
655 1733 803 1760 Comedere
817 1733 928 1759 alicuius
941 1734 1085 1766 beneficia,
1108 1734 1162 1761 vid.
1186 1739 1327 1761 COMEDO.

276 1773 334 1800 Cic.
348 1781 397 1808 pro
410 1772 494 1798 Plane.
511 1777 542 1801 82
560 1771 703 1804 Petamque
716 1778 732 1795 a
744 1768 822 1795 vobis
837 1766 956 1800 Iudices,
975 1774 1005 1794 vt
1018 1777 1080 1795 eum
1098 1769 1230 1796 beneficio
1245 1770 1324 1795 Com·
1342 1776 1376 1802 45

275 1808 447 1845 plectamini,
466 1816 545 1842 quem
567 1806 614 1841 qui
627 1804 846 1841 reprehenderit,
864 1803 893 1829 in
908 1811 941 1830 eo
955 1803 1136 1838 reprehendit.
1162 1810 1208 1830 etc.
1245 1805 1325 1830 Com-

277 1844 407 1880 probare,
432 1844 485 1870 vid.
505 1852 561 1869 mox
580 1839 680 1869 Initum
702 1840 871 1867 beneficium.
944 1839 1001 1866 Cic.
1022 1840 1098 1865 Verr.
1120 1847 1143 1870 3,
1158 1846 1198 1871 ¹91
1219 1840 1329 1872 Quaero

277 1890 346 1908 nunc
361 1887 413 1907 ate
427 1878 569 1911 Hortensi,
596 1886 656 1904 cum
678 1877 744 1903 vtris
763 1875 871 1902 tandem
890 1874 967 1901 istius
986 1873 1088 1901 facium
1108 1873 1262 1900 Collaturus
1284 1875 1328 1899 es?

277 1926 339 1944 cum
351 1917 385 1944 iis
398 1915 489 1948 credo,
504 1915 552 1949 qui
564 1913 729 1948 benignitate
744 1911 851 1938 adducti
863 1919 911 1945 per
926 1910 1086 1937 beneficium
1100 1915 1126 1936 ct
1138 1909 1251 1944 gratiam
1264 1908 1331 1935 ciui-

276 1952 376 1980 tatibus
388 1951 582 1982 conceffemnt,
601 1954 631 1976 vt
648 1957 743 1974 numos
757 1956 805 1982 pro
825 1947 963 1974 frtunento
981 1946 1082 1973 darent.

279 1988 360 2021 Quod
374 1986 500 2014 beneficii
513 1985 665 2020 gratiaeque
679 1983 753 2009 causa
766 1983 939 2009 Concess'erat.
994 1982 1149 2008 Concessum
1168 1980 1330 2007 beneficium

280 2024 350 2051 Suet.
363 2022 441 2049 Galb.
454 2031 475 2048 c.
491 2030 528 2054 ¹4·
538 2034 540 2042 =
557 2032 558 2035 ¹
584 2018 780 2052 Conduplicare
793 2016 971 2048 beneficium,
991 2017 1046 2042 vid.
1061 2023 1078 2043 c
1087 2023 1106 2042 o
1115 2023 1137 2042 N
1145 2023 1164 2042 D
1174 2024 1195 2042 v
1204 2024 1219 2042 P
1229 2023 1245 2042 L
1254 2024 1263 2042 1
1273 2023 1290 2043 c
1299 2023 1330 2043 o.

278 2059 337 2086 Cic.
345 2058 398 2086 Off.
412 2066 433 2091 ι,
446 2065 478 2090 45
497 2058 527 2083 Et
539 2064 627 2082 mores
641 2054 698 2081 eius
706 2059 784 2080 erunt
797 2051 941 2088 spectandi,
953 2051 982 2078 in
995 2060 1075 2086 quem
1087 2051 1248 2077 beneficium
1260 2052 1330 2077 Con-

279 2095 391 2122 feretur.
448 2092 591 2120 Cumulare
604 2090 780 2122 beneficium,
804 2088 858 2115 vid.
878 2095 894 2115 c
903 2095 924 2114 v
933 2093 961 2114 Μ
971 2095 1045 2114 VLv
1055 2094 1077 2113 s.
1136 2086 1192 2112 Cic.
1207 2086 1279 2112 Fam.
1294 2093 1330 2117 13,

278 2139 296 2165 9
316 2130 404 2157 Maius
417 2129 487 2156 mihi
499 2129 569 2155 Dare
585 2126 745 2153 beneficium
758 2124 862 2152 nullum
881 2128 965 2159 potes.

277 2170 306 2194 in
321 2166 421 2202 Isocolo.
454 2167 484 2191 it.
505 2165 524 2190 1.
540 2172 549 2189 1
569 2166 598 2189 in
612 2160 780 2198 Profiipodofi.
834 2159 890 2186 Cic.
910 2159 963 2186 Off.
984 2167 1005 2191 1,
1018 2167 1054 2192 49
1082 2158 1154 2184 Nam
1176 2165 1260 2192 quum
1274 2155 1330 2183 duo

278 2210 375 2237 genera
393 2199 563 2227 liberalitatis
582 2198 648 2230 sint,
673 2206 756 2224 vnum
774 2196 862 2223 Dandi
882 2195 1024 2224 beneficii,
1048 2194 1162 2221 alterum
1181 2191 1329 2219 Reddendi.

278 2237 352 2265 Idem
366 2236 420 2263 Att.
435 2244 476 2269 14,
491 2243 517 2268 ις
538 2234 645 2260 Literae
662 2241 727 2259 vero
743 2238 802 2258 tuae
817 2238 874 2258 tum
891 2230 1061 2257 amantiffime
1078 2235 1136 2256 tum
1149 2228 1330 2255 honorificen-

279 2272 372 2301 tiffime
385 2272 514 2306 scriptae,
537 2269 571 2296 fic
583 2278 626 2296 me
643 2268 801 2299 affecerunt,
822 2274 850 2293 vt
868 2275 923 2293 non
936 2267 1006 2292 Dare
1020 2265 1073 2291 tibi
1085 2264 1245 2291 beneficium
1257 2263 1331 2289 vide·

279 2318 339 2341 rer,
360 2307 403 2335 sed
425 2307 487 2334 Acci
506 2315 550 2333 ere
568 2314 583 2332 a
596 2311 623 2332 te
642 2304 679 2331 ita
693 2309 805 2339 petente.
833 2309 879 2329 etc.

280 2345 345 2372 dum
359 2343 412 2370 tibi
426 2351 475 2378 pro
515 2341 627 2369 eneficio
644 2340 771 2372 Dederit,
792 2338 810 2366 fi
824 2338 890 2373 quid
901 2337 1011 2364 iniuriis
1025 2336 1077 2363 suis
1097 2336 1173 2367 esset,
1191 2340 1220 2361 vt
1238 2334 1331 2362 Vesto-

279 2381 337 2409 rius
349 2385 493 2407 teneretur.
548 2378 605 2405 Cic.
620 2378 693 2403 Fam.
707 2381 731 2408 8,
747 2384 774 2403 12
795 2374 876 2401 Pudet
890 2382 932 2400 me
947 2372 999 2399 tibi
1011 2371 1151 2404 confiteri,
1166 2376 1193 2397 et
1207 2370 1286 2406 queri
1299 2369 1331 2396 de

281 2418 321 2451 Ap
341 2416 362 2442 ii
376 2415 494 2443 hominis
506 2412 672 2449 ingratissimi
692 2411 816 2444 iniuriis,
836 2410 884 2444 qui
896 2418 939 2436 me
953 2409 1033 2436 odisse
1042 2429 1051 2441 ‚
1070 2408 1135 2444 quia
1153 2415 1247 2442 magna
1260 2405 1331 2433 mihi

281 2425 401 2480 Degebat
412 2450 551 2483 beneficia,
564 2449 666 2484 coepit:
684 2453 710 2474 et
723 2456 806 2483 quum
825 2445 908 2473 homo
921 2453 1030 2476 auarus,
1047 2449 1076 2471 vt
1088 2453 1120 2471 ea
1132 2444 1265 2475 solueret,
1282 2441 1333 2469 fibi

282 2488 414 2522 imperare
427 2496 482 2514 non
494 2486 590 2522 posset,
609 2484 743 2511 occultum
760 2482 863 2509 bellum
876 2480 946 2508 mihi
957 2480 1066 2508 indixit.
1107 2479 1183 2507 Idem
1195 2478 1248 2506 Off.
1265 2487 1287 2510 1,
1299 2485 1332 2511 45
1348 2478 1378 2510 63
1398 2478 1457 2505 baec
1478 2478 1513 2504 ad
1530 2482 1656 2506 aerarium
1675 2479 1766 2506 delatio
1785 2479 1876 2506 delatis
1895 2483 1968 2506 etiam
1981 2477 2040 2515 post
2055 2478 2165 2506 reditum
2176 2488 2188 2505 e
2201 2480 2337 2514 prouincia
2358 2490 2381 2499 ιι
2423 2502 2427 2519 ‚

281 2526 358 2557 Qae
372 2523 500 2549 beneficia
514 2531 599 2556 aeque
612 2529 706 2555 magna
719 2528 773 2545 non
786 2519 845 2545 sunt
857 2516 988 2551 habenda,
1000 2522 1080 2551 atque
1093 2524 1134 2549 ea,
1147 2523 1216 2550 quae
1229 2514 1333 2541 iudicio

284 2558 447 2586 considerate
464 2558 666 2591 constanterque
685 2555 777 2582 Delata
795 2556 862 2581 sunt.
935 2554 966 2579 Et
986 2554 1063 2579 Verr.
1077 2560 1103 2584 2,
1117 2560 1148 2584 29
1172 2551 1277 2578 Etenim
1291 2558 1333 2577 re-

281 2603 346 2623 vera
358 2593 444 2621 multo
457 2593 541 2627 magis
555 2593 591 2619 est
603 2591 747 2627 petendum
760 2590 793 2617 ab
806 2588 973 2621 hominibus,
987 2588 1005 2615 fi
1020 2587 1086 2615 salui
1099 2587 1147 2613 ess‘e
1155 2586 1289 2618 volumus,
1304 2591 1334 2612 vt

282 2635 343 2658 eant
355 2628 495 2656 nobiscum
510 2629 537 2654 in
549 2628 733 2662 prouinciam,
753 2635 833 2661 quam
851 2625 902 2652 hoc
917 2624 972 2651 illis
991 2625 1020 2650 in
1033 2623 1159 2650 beneficii
1177 2623 1238 2649 loco
1253 2621 1332 2648 Defe-

283 2665 406 2694 rendum.

283 2700 478 2729 Deuincimini.
550 2699 658 2734 Eripere
671 2697 752 2724 alicui
767 2697 926 2723 beneficium
939 2696 972 2723 ab
987 2695 1042 2723 alio
1061 2695 1207 2722 concessum
1220 2694 1290 2720 Suet.
1304 2703 1333 2719 in

284 2737 369 2764 Galba
383 2746 438 2771 cap.
455 2744 495 2769 14.
565 2735 660 2761 Facere
674 2732 833 2760 beneficium
848 2732 961 2767 petitum
981 2731 1048 2758 Gell.
1061 2738 1088 2766 7,
1103 2740 1147 2758 20.
1218 2730 1288 2756 Suet.
1304 2729 1334 2756 iit

283 2772 377 2800 Claud.
398 2781 454 2807 cap.
474 2779 504 2804 23
531 2771 701 2798 Commeatus
722 2778 737 2795 a
750 2770 845 2795 Senatu
863 2768 919 2803 peti
932 2767 1025 2794 solitos
1044 2766 1169 2794 beneficii
1188 2766 1230 2792 sui
1251 2765 1332 2792 Fecit.

283 2812 302 2836 i.
317 2819 332 2835 a
340 2808 369 2846 fi
377 2807 431 2845 fizlo
441 2809 497 2843 peti
509 2805 594 2842 iuffit,
604 2804 655 2840 fibi
661 2805 714 2842 soli
727 2804 815 2831 deberi.
849 2803 898 2832 sed
909 2803 952 2830 *sui
965 2802 1091 2831 beneficii
1102 2803 1190 2829 facere
1204 2801 1333 2836 aliquem,

283 2842 318 2879 est
331 2848 370 2871 ita
384 2843 454 2870 illum
473 2841 614 2874 deuincire,
633 2848 664 2867 υι
681 2843 776 2871 vitam,
790 2840 864 2876 seque
881 2839 955 2872 adeo,
975 2839 1046 2866 nobis
1064 2838 1156 2864 debeat.
1193 2836 1267 2864 Adeo
1287 2836 1332 2863 do·
1347 2841 1380 2870 ’ῖς
1399 2836 1455 2863 cede
1469 2843 1554 2873 operae
1566 2839 1722 2864 continuatae
1728 2837 1810 2873 sermo
1825 2835 1867 2872 cst.
1905 2839 2077 2865 Prouinciales
2089 2836 2128 2864 illi
2139 2835 2174 2863 ad
2184 2835 2306 2874 summum
2313 2839 2388 2879 Pr(¹¹¹

283 2880 366 2908 minis
380 2879 450 2906 serui
464 2878 568 2913 possunt
581 2875 709 2904 beneficia
721 2875 792 2906 dare,
807 2881 836 2901 vt
849 2875 918 2909 ipsos
931 2876 1006 2910 saepe
1020 2873 1144 2901 beneficii
1157 2873 1198 2899 sui
1212 2873 1333 2900 Fecerint

284 2917 342 2943 Sen.
357 2915 389 2942 de
401 2916 463 2942 Ben.
478 2923 501 2946 3,
514 2919 548 2945 18.
584 2912 658 2949 Conf.
668 2913 770 2939 Gruter.
785 2910 877 2946 Suspic.
892 2919 912 2943 1,
927 2919 961 2943 ¹3-
1015 2910 1071 2938 Cic.
1085 2910 1162 2937 Verr.
1177 2916 1201 2942 ς,
1214 2917 1239 2942 51
1260 2909 1291 2935 Et
1303 2913 1333 2935 vt

283 2953 336 2980 hoc
348 2950 523 2983 beneficium,
543 2947 768 2984 quemadmodum
778 2945 892 2977 dicitur,
915 2946 1013 2973 trabali
1032 2946 1109 2972 clauo
1129 2946 1252 2979 Figeret‚
1272 2953 1334 2971 cum

285 2987 396 3015 consilio
409 2987 512 3013 causam
525 2984 748 3013 Mamertinorum
760 2981 909 3016 cognoscit,
923 2981 977 3008 uid.
990 2981 1119 3009 Trabalis
1128 3001 1136 3014 ,
1155 2981 1184 3008 in
1197 2988 1218 3008 T
1227 2987 1278 3008 RA
1286 2987 1333 3008 Bs.

284 3023 429 3051 Foencrari
443 3020 604 3049 beneficium
622 3021 680 3047 Cic.
694 3019 726 3046 de
741 3017 848 3045 Amicit.
860 3025 900 3050 30.
927 3016 1001 3053 Conf.
1021 3018 1091 3044 Ter.
1112 3017 1218 3044 Phorm.
1234 3025 1258 3049 3,
1274 3025 1297 3049 2,
1312 3021 1335 3046 8.
1350 3021 1382 3047 80
1400 3013 1458 3042 Hus
1471 3025 1575 3048 nouum,
1587 3015 1682 3043 demum
1689 3025 1718 3043 ex
1730 3019 1828 3043 aerario
1835 3016 2048 3052 percipimdum)
2060 3022 2147 3043 verum
2159 3025 2242 3043 merus
2253 3015 2348 3047 honor,
2364 3028 2365 3031 ¹

285 3061 464 3087 Foeneratum
483 3057 549 3084 istuc
567 3056 729 3084 beneficium
748 3053 858 3090 pulchre
877 3052 956 3079 dices.
987 3055 1006 3078 i.
1023 3055 1050 3078 in
1064 3053 1171 3089 foenore
1191 3052 1336 3079 collocatum

285 3096 395 3122 vtilitcr.
482 3093 540 3120 Cic.
577 3112 583 3119 .
627 3112 633 3118 .
678 3111 685 3118 .
761 3092 886 3124 Qiorum
908 3087 1038 3115 beneficia
1055 3088 1172 3114 maxima
1190 3087 1334 3115 Haberem.

287 3130 362 3158 Idem
375 3132 446 3157 Fam.
461 3132 500 3161 16,
513 3138 532 3163 4
551 3129 592 3156 An
605 3128 655 3155 hoc
668 3136 717 3163 pro
729 3125 859 3153 beneficio
873 3123 1032 3151 Habendum
1042 3123 1092 3155 est,
1106 3123 1179 3158 quod
1194 3124 1218 3149 se
1228 3143 1236 3156 ,
1254 3132 1335 3158 quam

288 3166 436 3192 Antonium
448 3166 497 3192 esse
510 3164 649 3197 maluerit,
669 3172 684 3190 a
698 3171 753 3198 quo
766 3162 814 3188 ista
845 3159 939 3187 etenda
950 3160 1037 3187 essent.
1064 3165 1111 3186 etc.
1175 3160 1207 3185 Et
1219 3160 1297 3186 Verr.
1311 3167 1334 3192 3,

289 3208 327 3234 ιις
348 3203 407 3229 Hoc
420 3201 467 3229 vix
482 3200 515 3228 ab
528 3201 649 3235 Apronio
666 3200 695 3227 in
709 3199 813 3226 summo
826 3171 844 3224 b

288 3237 405 3264 columes
417 3243 507 3270 erant,
529 3236 699 3272 impetratum
711 3233 756 3262 est.
827 3232 897 3260 Ter.
913 3231 995 3258 Andr.
1011 3239 1034 3263 ς,
1050 3239 1069 3261 ι,
1082 3237 1095 3263 3
1128 3231 1163 3257 Vt
1175 3229 1335 3258 beneficium

289 3272 379 3299 verbis
395 3272 494 3299 Initum
506 3272 623 3305 dudum,
643 3279 712 3298 nunc
726 3278 756 3297 re
770 3267 936 3303 comprobes.
1008 3266 1091 3294 Plaut.
1113 3267 1192 3292 Poen.
1215 3275 1238 3299 3,
1258 3275 1281 3300 3,
1300 3275 1334 3294 22

289 3308 364 3336 Malo
385 3307 402 3333 si
417 3307 484 3334 bene
507 3308 604 3340 facias,
625 3307 653 3335 id
667 3305 826 3335 beneficium
840 3303 944 3331 Interit.
1017 3303 1108 3330 Manet
1129 3301 1287 3329 beneficium
1306 3302 1336 3329 in

289 3343 398 3378 aliquo,
416 3343 470 3369 vid.
491 3350 516 3370 M
526 3350 640 3371 Anno.
711 3342 771 3369 Sen.
791 3340 824 3367 de
840 3339 932 3367 Benef.
951 3346 978 3372 2,
990 3347 1020 3365 ιο
1044 3338 1071 3365 Si
1083 3337 1155 3373 quod
1167 3338 1335 3372 praestamus,

289 3378 402 3406 offendit
415 3378 463 3404 nisi
478 3377 662 3411 absconditur,
681 3376 841 3405 beneficium
853 3375 882 3402 in
894 3373 951 3402 a&a
963 3383 1018 3400 non
1030 3373 1122 3400 Mitto.

290 3415 372 3442 alicui
389 3413 549 3441 beneticiuni
576 3415 659 3443 Plaut.
673 3415 749 3450 Capt.
770 3420 792 3446 ς,
805 3420 825 3444 1,
841 3419 874 3445 ις.
947 3411 1052 3437 Mutare
1071 3407 1248 3442 beneficium,
1283 3409 1337 3436 uid.

291 3457 318 3478 Μ
328 3458 347 3478 ν
356 3458 378 3478 T
387 3457 416 3477 o.
473 3449 529 3476 Cic.
541 3449 617 3476 Catil.
632 3459 660 3484 4,
675 3459 707 3477 22
727 3447 808 3482 Quod
821 3447 906 3474 hostes
921 3445 1084 3481 alienigenae
1096 3450 1142 3471 aut
1162 3444 1270 3479 oppreffi
1287 3446 1339 3472 ser-

291 3487 386 3519 viunt,
406 3490 452 3512 aut
471 3486 569 3519 recepti
587 3485 718 3512 beneficio
739 3486 765 3512 se
777 3483 919 3518 Obligato·
930 3486 1031 3517 putant.
1103 3479 1276 3515 Obstriugere
1292 3480 1338 3508 be-

291 3522 393 3549 neficiis
412 3520 485 3547 Idem
499 3529 549 3555 pro
561 3521 648 3547 Domo
666 3526 712 3551 ηε,
777 3522 807 3546 Et
820 3518 878 3546 Post
890 3518 945 3546 red.
959 3516 991 3544 ad
1004 3516 1085 3550 Quir.
1099 3524 1127 3543 12
1148 3516 1234 3550 Atque
1249 3524 1282 3543 eo
1294 3516 1339 3543 die

290 3557 411 3584 confecia
424 3565 464 3583 res
477 3556 553 3587 esset,
573 3555 621 3582 nili
635 3556 657 3582 is
669 3555 813 3583 Tribunus
826 3554 928 3591 plebis,

292 3592 360 3619 ficiis
373 3592 547 3627 Qiaestorcm
561 3591 660 3618 Consul
676 3593 816 3618 Ornatam.
841 3598 886 3618 etc.
972 3597 1010 3616 er.
1025 3588 1090 3615 Eun.
1104 3594 1127 3620 ς,
1143 3595 1169 3619 2,
1183 3595 1210 3619 32
1228 3588 1264 3614 Vt
1276 3587 1337 3614 soli-

292 3627 356 3655 dum
369 3629 491 3655 Parerem
503 3627 554 3663 hqc
567 3626 637 3654 mihi
649 3626 824 3658 beneficium,
840 3626 973 3658 Chaerea,
989 3624 1016 3652 h.
1034 3633 1054 3651 e.
1074 3629 1104 3650 vl
1120 3621 1203 3659 fhlido
1222 3622 1336 3685 beneficio

292 3663 356 3689 mihi
366 3663 474 3690 homines
486 3663 627 3700 obligarem.
684 3662 740 3688 Cic.
749 3663 826 3689 Verr.
842 3671 867 3695 3,
880 3670 922 3696 ¹¹4
941 3661 1028 3696 Atque
1039 3658 1090 3686 hoe
1103 3658 1133 3685 in
1141 3657 1265 3684 beneficii
1287 3667 1338 3685 oco

293 3699 408 3725 Petitum
421 3699 458 3726 est
471 3698 505 3726 ab
518 3698 647 3734 Apronio.
703 3697 776 3724 idem
797 3698 826 3724 in
838 3697 917 3724 Catil.
932 3707 960 3732 4,
975 3704 1008 3724 22
1029 3694 1087 3729 QJi
1103 3699 1163 3721 ante
1178 3702 1211 3720 ex
1224 3702 1336 3721 numero

293 3734 396 3760 ciuium
405 3734 537 3762 dementia
552 3735 641 3770 aliqua
654 3732 800 3768 depranam
814 3732 900 3759 hostes
913 3732 1014 3767 patriae
1026 3730 1106 3758 semel
1118 3729 1167 3756 esse
1181 3736 1335 3764 coeperunt⁷
1349 3729 1426 3770 1005
1448 3740 1467 3764 4
1502 3730 1637 3758 Beneficio
1651 3731 1778 3764 alicuius,
1811 3739 1840 3756 ro
1872 3735 1936 3765 pera
1949 3730 2066 3756 alicuius.
2089 3729 2195 3765 leian.
2217 3728 2235 3755 1.
2256 3728 2293 3754 Ex
2311 3739 2315 3745 ·
2344 3738 2364 3744 ··
2409 3747 2412 3749 ,

294 3777 444 3804 eos,quu=u
457 3778 471 3796 a
486 3771 603 3805 pernicie
611 3767 726 3804 Reipub.
738 3767 868 3802 repuleris
876 3787 884 3800 ,
903 3776 990 3803 neque
1000 3767 1030 3794 vi
1040 3767 1176 3796 coercere,
1194 3773 1228 3791 ne
1249 3773 1282 3791 ue
1293 3764 1338 3791 be-

293 3804 390 3831 neficio
409 3804 512 3832 Placare
532 3805 615 3842 pollis.
688 3805 719 3831 Et
739 3804 812 3830 Fam.
827 3811 862 3835 13,
875 3805 909 3830 26
934 3802 1083 3830 Scriberem
1097 3809 1178 3837 quam
1196 3799 1225 3826 id
1259 3800 1337 3826 eneti-

294 3841 366 3868 cium
379 3839 446 3866 bene
459 3841 527 3875 apud
537 3841 697 3869 Mescinium
709 3839 842 3875 Postumus
853 3839 914 3865 ess'es
923 3858 931 3871 ,
949 3838 997 3865 nisi
1008 3843 1036 3866 et
1047 3844 1074 3865 te
1087 3837 1152 3864 scire
1166 3833 1337 3868 confiderem,

294 3883 321 3903 et
332 3875 402 3903 mihi
434 3881 539 3903 eterem.
592 3878 694 3904 Ponere
712 3875 741 3903 in
754 3872 880 3902 beneficii
899 3874 960 3901 loco
984 3874 1041 3901 Cic.
1053 3874 1125 3901 Fam.
1138 3880 1173 3906 13,
1185 3879 1226 3905 54.
1278 3871 1336 3898 Seu.

295 3911 328 3939 de
339 3912 408 3939 Bene
423 3930 430 3937 .
445 3919 464 3943 ι,
477 3919 487 3937 ι
506 3912 637 3940 Beneficia
650 3912 703 3939 fine
715 3910 772 3938 vllo
785 3908 993 3945 delectuvmagis
1005 3909 1180 3941 Proiicimus,
1201 3915 1281 3943 quam
1294 3906 1338 3933 da·
1353 3918 1396 3945 ¹05
1404 3907 1514 3936 alter-iu·
1525 3906 1662 3936 venditori
1671 3903 1778 3933 accesllt.

292 3954 360 3989 mun.
416 3946 472 3974 Cic.
480 3955 529 3981 pro
537 3948 657 3976 Muracn.
665 3956 701 3984 70
718 3945 849 3976 Homines
862 3950 952 3973 tenues
963 3953 1047 3974 vnum
1058 3944 1158 3974 habent
1175 3943 1204 3972 in
1218 3942 1338 3971 nostrum

1045 700 1082 726 Hi
1095 701 1169 725 etiam
1178 697 1328 733 perfractio·
1349 702 1373 728 ις

401 1239 456 1265 Cic.
469 1237 500 1263 de
512 1238 542 1264 L.
558 1237 622 1272 Agr.
634 1245 659 1269 2,
669 1245 693 1263 21
712 1235 789 1262 Grati
803 1244 831 1261 ae
846 1243 977 1262 memores
992 1233 1123 1260 beneficii.
1158 1232 1196 1259 Id.
1213 1233 1285 1259 Fam.
1299 1240 1327 1265 4,
1346 1242 1379 1267 30

1136 1947 1169 1972 Et
1179 1944 1240 1971 ibid.
1254 1954 1275 1977 3,
1291 1951 1330 1977 113
1349 1953 1382 1979 50

1018 2121 1088 2150 Add.
1103 2122 1165 2148 Rut.
1179 2121 1268 2156 Lupus
1281 2120 1299 2147 l.
1314 2129 1331 2146 2
1349 2130 1378 2156 55

935 2303 967 2328 Et
987 2302 1058 2328 Fam.
1079 2306 1102 2333 8,
1116 2306 1130 2330 8
1151 2298 1331 2333 Quemadmo-
1340 2304 1376 2330 60

1394 2585 1531 2621 procejfffffi'
1544 2589 1618 2613 ctiam
1632 2582 1810 2614 exauctoratis.
1844 2588 1906 2615 Alia
1919 2589 1987 2615 ratio
1999 2586 2034 2620 est
2047 2595 2137 2619 eormn,
2149 2585 2180 2612 de
2193 2585 2281 2623 quibus
2299 2584 2396 2625 SCtuiq
2423 2608 2426 2619 ,

476 2664 545 2691 Ter.
560 2663 656 2690 Heaut.
669 2671 692 2695 2,
706 2671 734 2695 4,
749 2670 779 2695 ¹4
805 2663 864 2688 Hoc
882 2660 1016 2688 beneficio
1035 2659 1145 2694 vtrique
1163 2658 1197 2685 ab
1210 2657 1332 2698 vtrisquc
1343 2667 1379 2694 70
1398 2657 1474 2684 ribus
1489 2666 1521 2684 ex
1536 2657 1586 2684 hoc
1600 2658 1647 2684 SC.
1664 2658 1840 2686 Curatoribus
1854 2659 1983 2694 aquai-uni
2001 2659 2044 2686 vti
2062 2657 2174 2690 liceret,
2188 2665 2234 2684 eos
2250 2655 2342 2683 diebus
2353 2655 2378 2688 X
2412 2686 2414 2688 ‚

903 3195 911 3201 .
930 3196 936 3201 ¹
1066 3194 1084 3199 ..
1179 3195 1184 3199 ,
1229 3195 1234 3199 ·
1393 3158 1437 3196 fis
1446 3160 1603 3186 Prouincme.
1641 3159 1708 3186 Tac.
1721 3158 1791 3188 Hist.
1802 3169 1832 3192 4,
1845 3164 1879 3194 48
1892 3169 1909 3187 υ
1925 3163 1936 3186 i
1946 3161 1976 3187 C.
1984 3161 2079 3188 Caesar
2092 3155 2365 3188 ablatamProconsulf

846 3198 973 3228 encncio,
996 3203 1045 3231 pro
1064 3203 1115 3228 us,
1138 3202 1188 3229 qui
1200 3199 1280 3221 etiam
1294 3195 1335 3222 in-
1353 3197 1382 3226 85
1402 3203 1447 3222 cae
1462 3194 1595 3229 legionem
1613 3195 1690 3222 misso
1709 3194 1737 3221 iu
1751 3203 1809 3221 eam
1822 3203 1880 3222 reni
1893 3196 1981 3231 legato
1994 3195 2114 3223 tradidit.
2151 3195 2288 3230 Aequatus
2299 3191 2375 3235 int«.

1394 3266 1501 3302 poribus
1514 3267 1573 3293 Liu.
1583 3275 1607 3300 9,
1620 3275 1652 3299 30
1678 3267 1713 3294 Vt
1732 3266 1836 3293 tribuni
1849 3267 1968 3295 militum
1988 3267 2045 3295 seni
2056 3266 2121 3294 deni.
2132 3266 2162 3293 in
2174 3270 2290 3300 quatuor
2303 3263 2367 3294 lei·

1193 3374 1336 3401 Munerare
1346 3384 1382 3410 90
1402 3373 1529 3401 ncficium
1546 3373 1780 3401 transferebantur.
1814 3375 1872 3402 Val.
1887 3376 1958 3402 Max.
1971 3381 2056 3410 4‚7,5
2077 3373 2108 3400 1..
2127 3372 2266 3403 Petronius
2286 3385 2332 3392 --·
2359 3375 2366 3380 “

941 3561 1028 3616 quem
1049 3560 1100 3586 ego
1118 3551 1242 3578 maximis
1259 3551 1339 3579 benc·
1352 3558 1385 3584 9,·
1404 3553 1445 3579 sui
1457 3552 1582 3580 beneficii
1601 3551 1770 3587 suspiciones.
1807 3553 1876 3581 Tac.
1891 3553 1960 3581 nist.
1974 3561 2000 3585 1,
2013 3559 2045 3585 τις
2064 3550 2195 3578 Beneficia
2211 3551 2326 3589 Nyml’),
2344 3579 2348 3587 .

2294 80 2298 81 ⁷
2318 80 2329 99 Ι

1773 103 2040 147 BON

1392 194 1532 228 ordinem,
1553 202 1598 224 aut
1616 196 1790 225 Promerendi
1808 200 1853 223 aut
1865 193 2024 222 Proferendi
2040 194 2164 223 beneficii
2185 197 2281 224 locum.
2335 199 2426 232 Patere,

1393 239 1420 262 2,
1433 239 1477 270 20,
1490 240 1505 257 z
1527 233 1618 268 ltaque
1638 243 1721 268 quum
1740 234 1778 260 ita
1796 233 1890 260 ciuitas
1903 231 1995 258 Italiae
2016 229 2075 257 data
2087 232 2162 264 esset,
2188 240 2217 258 vt
2229 234 2258 259 in
2276 231 2338 260 edio
2348 237 2440 268 tribun

1392 266 1626 295 contribuerentur
1637 270 1703 296 noui
1716 270 1802 297 ciues:
1820 277 1852 294 ne
1866 267 1985 302 potentia
1997 274 2091 292 eorum
2108 273 2134 293 et
2145 267 2298 300 multitudo,
2316 278 2426 303 veterum
2436 282 2443 306 *f

1394 302 1496 328 ciuium
1516 301 1670 336 dignitatem
1689 305 1838 341 frangeret,
1861 303 1971 339 plusque
1988 302 2088 337 possent
2106 302 2214 336 Recepti
2226 305 2254 329 in
2269 299 2441 344 beneficiunw'
2463 323 2474 336 .,

1395 346 1474 372 quam
1487 338 1608 365 auctores
1628 339 1766 374 beneficii,
1783 341 1870 367 Cinna
1888 339 1917 366 in
1930 338 2055 365 omnibus
2074 336 2198 364 tribubus
2214 347 2259 364 eos
2275 339 2300 364 se
2313 339 2439 372 mmmm}
2471 368 2474 372 Α

1393 381 1485 400 turum
1499 374 1633 408 pollicitus
1639 375 1684 401 est.
1719 376 1838 404 Reddere
1846 374 2003 402 beneficium
2011 374 2079 400 Ter.
2087 372 2191 400 Phorm.
2204 382 2303 406 2,1,22.
2337 376 2416 415 Liu.4

1394 417 1412 444 7
1433 409 1556 436 Tribuni
1568 410 1654 444 plebis
1669 416 1801 438 certamen
1812 412 1866 438 fine
1885 410 1980 438 effeetu
1994 410 2023 436 in
2032 408 2163 436 beneficio
2171 409 2239 442 apud
2252 400 2426 450 primores'pai

1394 453 1465 472 trum
1478 445 1620 480 reliquere.
1633 449 1651 472 i.
1660 447 1803 473 Omittmdo
1814 450 1955 478 certamine,
1969 445 2033 482 quod
2042 451 2123 471 tamen
2130 442 2233 480 frustra
2241 445 2360 480 summm
2369 445 2420 484 5¹2⁵oe
2440 437 2470 481 J}

1394 484 1505 518 gratiam
1513 484 1591 507 iniere
1598 492 1613 508 a
1616 481 1741 517 patribus.
1778 482 1833 509 Cic.
1842 482 1907 509 Post.
1917 481 1972 509 red.
1981 481 2013 508 ad
2022 480 2101 514 Qut.
2111 488 2144 507 22
2161 481 2265 507 htenim
2278 471 2444 516 vlciscefflhe’l·
2454 475 2471 501 '¹⁸'

1396 517 1512 544 iniuriae
1525 517 1631 544 facilior
1644 518 1714 545 ratio
1722 517 1861 552 est,quam
1867 517 2026 545 beneficium
2033 515 2239 544 Remunerandi.
2272 517 2450 552 Responsa-effi
2462 521 2472 543 '.

1396 552 1533 580 beneficiis
1553 552 1625 579 Idem
1634 554 1691 580 Post
1699 552 1756 580 red.
1765 553 1908 581 inSen.22.
1944 554 2054 581 Soluere
2061 551 2221 579 beneficium
2240 551 2278 578 Id.
2286 553 2384 588 Fam.8,
2395 564 2428 585 ια,
2442 559 2464 582 ¹.''

1394 588 1448 615 vid.
1457 588 1559 615 Debere
1574 589 1740 616 beneficiiun.
1776 588 1844 615 Plin.
1854 589 1932 623 Epist.
1944 598 1994 623 3,4
2013 589 2055 615 Est
2068 588 2140 614 enim
2154 587 2192 613 ita
2204 592 2296 614 natura
2308 595 2430 624 compan'„
2442 587 2453 615 ’ί

1395 630 1463 664 tum,
1482 630 1511 650 vt
1524 625 1677 659 antiquiora
1688 624 1815 652 beneficia
1829 624 1978 658 Subuertas,
1991 624 2039 651 nisi
2052 624 2099 650 illa
2112 622 2304 658 posterioribus
2314 620 2439 667 cumulem
2447 621 2449 625 ’
2465 626 2471 635 “

1397 661 1455 686 Cic.
1470 660 1542 686 Fam.
1555 671 1580 693 ς,
1593 669 1606 693 5
1626 661 1675 687 Sed
1686 661 1749 696 quia
1760 660 1843 688 tuain
1855 669 1899 687 me
1909 660 1953 687 vei
1965 667 2028 688 nota
2041 658 2178 691 omnibus,
2197 659 2240 684 vel
2255 659 2309 693 ipsa
2321 656 2438 692 nonium

1396 703 1519 722 meorum
1539 702 1689 730 temporum
1711 697 1848 726 clariffima
1868 701 1893 723 et
1909 697 2026 723 maxima
2044 695 2173 723 beneficia
2197 693 2367 728 Exstiterunt,
2385 700 2440 738 ῥα,

1396 731 1494 765 Neque
1502 731 1574 759 enim
1588 733 1644 758 sum
1653 732 1810 763 veritus‚ne
1818 732 1949 759 Sustinere
1962 733 2043 759 tuain
2056 741 2099 758 mc
2112 731 2156 757 vel
2169 730 2370 759 innumerabilia
2380 736 2428 765 nnn

1395 768 1507 802 poffem3
1528 777 1611 802 quum
1626 769 1780 803 praesertim
1794 767 1965 801 confiderem,
1972 768 2074 795 nullam
2086 767 2136 793 effe
2147 766 2276 801 gratiam,
2295 775 2372 805 quam
2388 771 2414 791 ἰ’

1395 802 1439 829 vel
1453 811 1545 843 capere
1558 804 1660 830 animus
1674 814 1747 831 meus
1759 805 1790 831 in
1807 804 1978 839 accipiendo,
2000 804 2042 830 vel
2058 801 2253 831 remunerando
2273 801 2421 834 ειιῐιιιιῙ-’νςἿγ

1396 847 1449 878 que
1463 838 1594 866 illustrare
1607 841 1696 875 poss'et.
1766 840 1841 867 Idem
1854 849 1904 875 pro
1917 840 1999 867 Corn.
2008 839 2081 866 Balb.
2097 846 2129 873 37
2154 837 2347 865 Beneficiorum
2373 838 2394 862 ἶ·-
2410 834 2429 876 ’χ

1396 881 1430 901 tis
1447 875 1521 901 causa
1536 875 1741 903 tribuendorum
1762 875 1931 911 potestatem,
1949 874 2155 911 imperatoribus
2175 873 2271 900 nostris
2286 873 2343 900 dese
2362 881 2384 897 .ιῐ
2416 873 2426 889 '⁸

1396 912 1429 937 Et
1443 919 1493 945 pro
1513 911 1585 938 Cael.
1604 920 1621 947 7
1640 913 1732 939 Meum
1752 920 1815 947 erga
1835 917 1861 938 te
1881 917 2069 947 parentemque
2082 917 2158 938 tuum
2180 909 2338 936 beneficium
2368 911 2382 938 t
2422 900 2437 933 ‘l

1397 945 1490 987 debeo.
1514 949 1533 974 i.
1547 957 1609 974 nouo
1625 947 1738 984 beneficio
1745 948 1853 984 facere,
1873 953 1904 974 vt
1922 954 1995 973 vetus
2007 947 2055 974 tibi
2068 944 2180 982 prodesse
2192 952 2272 982 queat.
2326 944 2355 972 C·
2423 937 2436 976 ii
2471 952 2474 955 “

1396 982 1504 1009 Plancio
1523 988 1548 1013 81
1569 993 1590 1009 c.
1610 992 1636 1016 33
1666 983 1745 1011 Nihil
1765 990 1819 1010 tam
1836 982 2029 1015 inhumanum,
2045 988 2100 1009 tam
2119 982 2252 1013 immane,
2271 987 2325 1008 tam
2343 981 2371 1009 f
2425 969 2443 1006 l‘l

1398 1026 1478 1053 quam
1492 1019 1676 1052 committere,
1696 1025 1726 1046 vt
1745 1019 1878 1046 beneficio
1897 1028 1952 1045 non
1970 1019 2055 1045 dicam
2074 1018 2215 1053 indignus,
2235 1016 2279 1043 scd
2290 1017 2343 1043 Vi
2372 1033 2380 1048 ›.·
2422 1014 2443 1049 2¹¹?

1395 1054 1514 1081 videare.
1587 1055 1633 1082 Vti
1647 1056 1769 1090 peruerse
1783 1055 1894 1082 deorum
1907 1054 2039 1082 beneficio
2059 1054 2131 1080 Idem
2144 1054 2175 1081 de
2190 1054 2253 1080 Nat.
2263 1053 2344 1080 neor.
2371 1079 2373 1081 ,
2420 1051 2435 1086 f'

1396 1091 1430 1116 Et
1443 1096 1536 1116 contra
1548 1090 1618 1118 Rull.
1632 1100 1658 1125 2,
1672 1094 1706 1118 60
1714 1101 1735 1118 c.
1743 1099 1773 1123 23
1790 1091 1925 1118 Beneficio
1936 1090 1987 1117 isto
1999 1090 2081 1125 legis,
2096 1088 2379 1124 benignitateDecem
2423 1089 2428 1100 ³

1394 1125 1465 1158 nihil
1479 1126 1573 1152 vtitur.
1743 1125 1771 1189 ἕ
1793 1135 1812 1154 2
1847 1126 2009 1154 Beneficium
2030 1129 2058 1153 in
2073 1128 2128 1152 iure
2140 1127 2212 1152 ciuili
2228 1131 2276 1161 pro
2289 1124 2370 1151 Prin*

1394 1168 1425 1188 vt
1437 1171 1505 1188 nunc
1517 1161 1658 1197 appellant,
1671 1162 1731 1198 fen
1763 1165 1866 1196 icimur,
1885 1162 1931 1190 hoc
1945 1160 1994 1195 est,
2009 1169 2059 1198 pro
2070 1165 2124 1188 iure
2134 1164 2276 1197 praecipuo,
2289 1159 2353 1196 quod
2376 1171 2378 1176 ¹
2424 1158 2427 1170 ³

1394 1197 1473 1224 alicui
1480 1198 1617 1234 personae,
1637 1200 1679 1225 vel
1696 1201 1792 1230 aetati,
1812 1198 1948 1236 velfixui,
1968 1199 2008 1225 vel
2026 1197 2166 1224 conditioni
2179 1199 2284 1233 proprie
2295 1199 2379 1224 ami
2417 1196 2435 1209 ”³

1396 1230 1440 1266 est.
1477 1234 1613 1270 Personae,
1633 1240 1662 1260 vt
1675 1237 1702 1260 in
1716 1234 1733 1260 l.
1749 1243 1761 1267 3
1785 1235 1846 1269 Dig.
1860 1235 1892 1261 de
1911 1234 2014 1261 constit.
2028 1233 2142 1268 princip.
2156 1232 2320 1259 Beneficium
2332 1232 2383 1263 ini,
2416 1227 2426 1268 Ξ

1397 1269 1480 1309 toris,
1499 1269 1571 1304 quod
1585 1278 1599 1296 a
1613 1269 1705 1296 diuina
1716 1270 1815 1297 scilicet
1836 1271 1892 1297 eius
1912 1270 2077 1305 indulgentia
2098 1268 2291 1304 proficiscitur,
2310 1276 2361 1303 qua
2416 1268 2425 1302 ξ

1396 1304 1497 1331 niffnne
1511 1305 1683 1340 interpretari
1704 1305 1840 1333 debemus.
1873 1307 1979 1339 Aetati,
1997 1313 2027 1333 vt
2045 1304 2205 1332 beneficium
2223 1303 2384 1332 restitutio
2414 1308 2425 1334 ῑζ

1398 1340 1549 1376 integrum,
1576 1341 1649 1376 quod
1669 1341 1822 1369 minoribus
1841 1349 1917 1369 xxv
1939 1342 2014 1369 armis
2034 1341 2197 1368 conceditur.
2239 1340 2330 1373 Serui,
2346 1343 2350 1351 ¹
2372 1352 2389 1371 y
2415 1336 2426 1376 J

1397 1377 1588 1403 natusconsulti
1606 1377 1741 1405 Velleiani
1757 1377 1933 1410 beneficium,
1956 1377 2029 1413 quod
2044 1376 2222 1410 mulieribus,
2245 1384 2313 1411 quae
2325 1375 2372 1411 pro
2383 1374 2389 1383 ”’
2407 1376 2424 1406 ἢ(

1396 1412 1603 1446 intercesserint,
1630 1414 1716 1440 datur.
1763 1414 1851 1441 Certae
1870 1413 2026 1446 conditioni,
2050 1420 2081 1440 vt
2092 1412 2253 1440 beneficium
2268 1408 2437 1450 ll

1397 1449 1525 1482 Adriani,
1545 1448 1618 1484 quod
1636 1449 1832 1477 fideiussoribus
1851 1449 1942 1481 datur,
1966 1456 1996 1476 vt
2014 1449 2033 1476 si
2046 1458 2113 1476 vnus
2127 1449 2156 1475 in
2175 1447 2291 1475 solidum
2304 1456 2385 1474 conu
2408 1449 2425 1485 ']

1396 1490 1441 1511 tur
1450 1505 1458 1517 ‚
1485 1484 1518 1511 de
1538 1485 1583 1511 sua
1596 1485 1673 1512 virili
1693 1492 1766 1520 parte
1780 1485 1902 1521 excipiat.
1922 1486 1940 1513 l.
1954 1486 2033 1512 inter.
2047 1485 2103 1512 etl.
2116 1486 2235 1520 sequent.
2247 1485 2279 1510 D.
2291 1483 2323 1510 de
2360 1497 2364 1506 ι
2376 1486 2379 1489 “
2413 1490 2424 1517 v>J

1396 1522 1459 1547 Item
1473 1520 1652 1554 beneficium,
1670 1531 1702 1548 ne
1722 1522 1770 1557 qui
1784 1522 1870 1557 pluris
1890 1530 1971 1557 quam
1988 1521 2076 1549 facere
2088 1520 2198 1556 poffint,
2219 1519 2376 1547 damnentur
2392 1517 2402 1537 ¹⁴
2420 1515 2435 1553 ¹'l

1396 1557 1485 1597 quibus
1497 1556 1554 1597 eide
1568 1560 1595 1583 in
1612 1557 1631 1583 l.
1655 1557 1718 1584 Sunt
1733 1558 1780 1592 qui
1795 1564 1821 1584 et
1835 1558 1928 1584 multis
1939 1556 2118 1593 sequentibus.
2133 1557 2166 1583 D.
2180 1557 2213 1583 de
2226 1564 2255 1583 re
2267 1554 2348 1582 iudic.
2383 1556 2399 1562 “’

1396 1592 1693 1632 benetmmmceffionss,
1706 1600 1735 1620 vt
1747 1594 1790 1625 iis,
1797 1594 1845 1628 qui
1853 1601 1950 1629 magno
1959 1602 2019 1621 aere
2027 1592 2115 1620 alieno
2122 1591 2243 1627 oppresli,
2257 1591 2358 1618 soluen
2371 1602 2385 1616 vv
2398 1582 2423 1624 ‘f‘

1395 1628 1514 1660 fuerint,
1534 1627 1612 1655 bonis
1624 1629 1693 1662 apud
1707 1629 1888 1665 magistratum
1895 1628 1987 1656 cedere
1995 1629 2080 1655 liceat.
2092 1629 2169 1655 l.1.C
2184 1628 2240 1661 Qui
2248 1626 2357 1654 bon-ce

1395 1661 1416 1702 ff
1436 1672 1449 1696 3
1487 1665 1517 1690 [n
1530 1664 1667 1691 beneficiis
1682 1664 1787 1692 deferre
1802 1666 2066 1701 Imperatores-populi
2080 1665 2150 1691 Rom.
2164 1663 2248 1701 solent
2260 1663 2323 1699 Jicos
2335 1663 2369 1689 co'

1394 1707 1449 1739 cum
1467 1708 1478 1724 e
1486 1702 1623 1738 prouincia
1642 1699 1799 1732 decesserunt.
1836 1701 1892 1728 Cic.
1908 1701 1980 1727 Fam.
1995 1708 2018 1734 ς,
2032 1709 2064 1726 20
2084 1699 2166 1734 Quod
2184 1698 2278 1726 scribis
2294 1698 2330 1726 de
2347 1697 2422 1726 bus-J

1395 1742 1459 1760 cns:
1486 1734 1552 1760 scito
1564 1742 1634 1760 ame
1652 1740 1678 1761 et
1695 1734 1819 1761 tribunos
1834 1736 1967 1763 militares
1985 1742 2012 1763 et
2025 1735 2188 1771 praefetam,
2200 1741 2226 1762 et
2245 1733 2344 1762 contub
2394 1729 2413 1737 ’Ἴ
2430 1731 2432 1735 ”

1395 1769 1522 1796 duntaxat
1542 1777 1615 1795 meos
1630 1769 1729 1796 delatos
1747 1771 1804 1796 esse.
1838 1771 1870 1796 In
1883 1779 1938 1804 quo
1956 1771 2068 1805 quidem
2079 1772 2151 1799 ratio
2163 1780 2206 1798 me
2223 1770 2330 1798 fefellit.
2419 1786 2422 1788 ¹

1396 1813 1458 1831 rum
1471 1805 1544 1831 enim
1556 1805 1626 1831 mihi
1644 1810 1747 1840 tempus
1768 1804 1800 1832 ad
1813 1813 1858 1831 eos
1877 1804 2034 1831 deferendos
2053 1807 2236 1834 existimabam
2252 1805 2320 1833 dari.
2354 1797 2432 1833 Pilius

1396 1840 1496 1879 certior
1507 1841 1565 1866 sum
1579 1840 1663 1867 sacius
1671 1861 1679 1873 ‚
1691 1841 1801 1875 triginta
1815 1840 1908 1867 diebus
1921 1840 2022 1866 deferri
2034 1842 2131 1867 necesse
2144 1843 2203 1875 effe,
2217 1841 2315 1878 quibus
2327 1850 2351 1869 r
2370 1840 2391 1863 ⁸·
2419 1857 2422 1861 ¹

1395 1875 1549 1914 retulissem.
1586 1876 1651 1902 Sane
1663 1876 1772 1902 moleste
1785 1876 1853 1908 tuli,
1867 1885 1922 1902 non
1936 1876 1983 1902 illa
1996 1875 2125 1903 beneficia
2141 1883 2202 1904 tuae
2216 1877 2304 1912 potius
2320 1875 2441 1904 ambitio

1397 1919 1427 1936 m
1445 1910 1497 1944 (vt
1510 1917 1538 1936 tu
1558 1910 1614 1936 illos
1631 1912 1679 1936 tibi
1696 1911 1837 1942 diuini-irc,
1855 1919 1878 1938 et
1898 1914 1936 1937 tui
1955 1912 2080 1938 honorisc
2113 1912 2171 1938 idus
2183 1913 2282 1940 reddere
2295 1911 2390 1948 poſjbs)
2402 1920 2424 1940 r«
2440 1915 2441 1918 ’

1398 1946 1515 1972 seruatos
1530 1947 1579 1972 ess'e
1590 1965 1598 1978 ‚
1612 1955 1693 1980 quam
1706 1955 1797 1979 meae,
1810 1946 1860 1981 qui
1878 1945 2026 1972 ambitione
2043 1946 2099 1973 nih'
2124 1954 2221 1975 vterer.
2258 1949 2298 1974 De
2311 1947 2423 1974 centuri<

1397 1980 1478 2008 nibus
1491 1986 1581 2009 tamen
1599 1987 1626 2009 ct
1646 1981 1678 2008 de
1692 1981 1865 2009 tribunorum
1882 1981 2044 2007 militarium
2062 1983 2347 2020 contubernalibusrep
2359 1982 2397 2010 est
2412 1983 2422 2009 i

1397 2017 1513 2052 integro.
1553 2018 1642 2044 Genus
1657 2018 1731 2044 enim
1748 2017 1848 2044 horum
1867 2016 2061 2044 beneficiorum
2076 2017 2214 2046 definitum
2230 2020 2286 2053 lege
2303 2027 2359 2045 non
2376 2026 2422 2044 era

1397 2053 1454 2092 Cic:
1472 2062 1522 2087 pro
1541 2053 1640 2080 Archia
1655 2062 1678 2080 11
1697 2063 1719 2080 c.
1735 2061 1748 2087 ς
1779 2053 1983 2080 Testamentum
2002 2053 2076 2086 saepe
2095 2051 2159 2078 fecit
2173 2054 2268 2079 nostris
2286 2052 2422 2087 legibus‚·

1397 2087 1466 2113 adut
1479 2087 1640 2116 hereditates
1656 2090 1760 2116 ciuium
1771 2089 1852 2115 Rom.
1863 2094 1890 2116 et
1903 2089 1933 2115 in
1945 2087 2082 2116 beneficiis
2098 2086 2131 2114 ad
2149 2087 2282 2113 aerarium
2297 2086 2355 2112 dela
2414 2103 2430 2126 z,

1396 2130 1413 2148 a
1425 2122 1455 2147 L.
1469 2122 1584 2161 Lucullo
1597 2130 1721 2157 praetore
1737 2130 1764 2151 et
1777 2124 1893 2151 consule.
1935 2123 2041 2150 Videtur
2060 2129 2143 2151 autem
2163 2122 2230 2150 nihil
2248 2120 2317 2148 aliud
2329 2121 2376 2148 hae

1397 2158 1464 2184 mla
1471 2156 1618 2194 Jlg⁷1¹fi01¹ri
1627 2177 1636 2190 ‚
1655 2166 1727 2193 quam
1740 2159 1851 2184 iudicari
1864 2159 1957 2185 tabulis
1967 2162 1994 2185 in
2007 2161 2106 2185 aerario
2119 2156 2268 2193 repmiendis
2279 2165 2332 2183 vna
2371 2173 2373 2176 ·

1397 2193 1522 2224 tionibus,
1540 2202 1589 2229 quo
1600 2202 1715 2229 quemque
1734 2196 1849 2219 comitum
1861 2193 1966 2230 ficorum
1983 2194 2138 2229 militumque
2155 2193 2215 2219 adeo
2227 2192 2318 2220 bonore
2332 2198 2357 2218 et

1397 2231 1426 2254 in
1433 2231 1569 2263 prouincia
1585 2229 1714 2261 habuerit,
1735 2236 1806 2265 atque
1819 2226 1863 2262 effi
1872 2228 1980 2264 proinde
1991 2231 2019 2254 in
2029 2227 2156 2264 posterum
2168 2229 2239 2256 velit.
2275 2228 2330 2254 Hoc
2342 2230 2370 2255 ir

1397 2263 1493 2290 clarius
1500 2270 1564 2299 puto
1583 2273 1612 2290 ex
1626 2264 1682 2291 Cic.
1696 2273 1745 2299 pro
1758 2266 1839 2291 Corn.
1859 2263 1942 2291 Balbo
1956 2266 1987 2297 63
2006 2273 2028 2290 c.
2043 2269 2075 2294 28
2100 2264 2196 2291 Caesar
2209 2262 2322 2291 Balbum
2334 2263 2366 2290 in

1398 2304 1459 2325 tura
1473 2300 1502 2326 in
1514 2300 1659 2326 Consulatu
1670 2299 1836 2327 Praefectum
1849 2299 1957 2327 fabrum
1974 2299 2079 2326 detulit.
2100 2299 2159 2326 Coll.
2174 2299 2232 2326 Cic.
2244 2300 2318 2326 Fam.
2332 2307 2360 2334 7,

1398 2335 1500 2371 Caesari
1519 2336 1667 2362 Trebatium
1684 2339 1724 2362 ita
1741 2336 1908 2369 commendat,
1929 2335 2000 2362 Huic
2019 2344 2069 2370 ego
2089 2344 2176 2370 neque
2188 2334 2376 2366 Tribunatum

1398 2379 1450 2405 que
1463 2370 1674 2406 praefecturam,
1686 2380 1773 2407 neque
1789 2371 1873 2399 -vllius
1892 2371 2020 2399 Beneficii
2039 2376 2142 2398 certum
2157 2379 2258 2398 nomen
2276 2376 2348 2406 peto.
2377 2369 2385 2400 ἶ

1399 2415 1439 2442 ep.
1454 2412 1467 2437 8
1493 2407 1626 2439 Trebatio,
1640 2408 1672 2434 Et
1690 2407 1766 2434 simul
1785 2410 1813 2434 in
1831 2410 1885 2440 uit,
1897 2409 1954 2435 sum
1966 2407 2128 2439 admiratus,
2142 2415 2191 2434 cur
2210 2406 2359 2434 tribunatus

1398 2442 1493 2474 moda,
1519 2442 1609 2470 demto
1622 2444 1775 2478 praesertim
1793 2444 1819 2470 la
1839 2453 1886 2470 ore
1905 2444 2038 2476 militiae,
2062 2443 2242 2470 contemseris.

2357 107 2425 171 636
2440 82 2441 85 Ἴ

2434 1450 2437 1458 r

2433 1475 2437 1484 ι

2284 2443 2374 2470 Vtrum
2383 2445 2389 2474 ’ζ

1398 2514 1534 2550 aagendam
1544 2515 1676 2551 prosucrit
1684 2518 1696 2541 ,Ρ
1715 2515 1746 2541 id
1757 2513 1805 2548 eli,
1815 2525 1849 2542 an
1856 2514 1913 2551 poll
1926 2525 1961 2547 ea,
1975 2512 2085 2548 etstatis
2095 2513 2257 2550 temporibus,
2270 2522 2299 2540 ex
2311 2521 2355 2540 aer

1399 2552 1497 2576 nomine
1506 2554 1625 2584 pecuniae
1643 2551 1741 2587 aliquid
1753 2554 1911 2588 acceperint?
1929 2561 1979 2578 non
1995 2556 2113 2586 apparet:
2131 2549 2179 2584 mfi
2197 2551 2309 2577 volumus
2318 2546 2374 2584 stip

1401 2622 1522 2648 Frontin.
1540 2621 1572 2649 de
1586 2621 1703 2657 Aquaed.
1716 2629 1765 2649 art.
1780 2631 1827 2650 100
1839 2632 1864 2658 p.
1879 2631 1924 2658 179
1943 2623 2051 2655 Poleni,
2070 2622 2188 2657 Vtique,
2209 2620 2307 2657 quibus
2318 2628 2375 2655 app
2392 2634 2395 2636 >

1401 2693 1495 2734 xiiius,
1508 2693 1606 2729 quibus
1620 2694 1666 2721 SC.
1681 2693 1783 2720 faetum
1795 2694 1872 2728 essct,
1885 2695 1918 2722 ad
1935 2695 2069 2722 aerarium
2081 2693 2232 2726 deferrent,
2241 2691 2340 2728 quique
2353 2690 2390 2718 ι’
2414 2702 2415 2706 ¹

1400 2729 1447 2756 lati
1467 2730 1561 2762 ess‘ent,
1582 2730 1615 2756 iis
1632 2730 1767 2757 Praetores
1785 2731 1882 2758 aerarii
1900 2731 2050 2763 mercedes,
2070 2729 2186 2762 cibaria,
2206 2734 2305 2764 quanta
2323 2728 2363 2755 Pr
2375 2743 2385 2756 -.
2416 2730 2433 2746 '³

1400 2765 1538 2792 frumento
1548 2765 1634 2792 dando
1648 2765 1711 2792 dare
1724 2765 1884 2802 desei-reque
1903 2766 2005 2798 solent,
2017 2774 2105 2793 annua
2118 2765 2211 2792 darent
2223 2770 2250 2791 et
2267 2763 2343 2791 attri-

1400 2801 1488 2836 iisque
1501 2810 1543 2827 eas
1558 2801 1680 2836 pecunias
1698 2801 1750 2828 fine
1763 2802 1858 2828 fraude
1870 2802 1928 2829 suas
1940 2802 2029 2829 facere
2047 2801 2149 2828 liceret.
2185 2801 2237 2827 Hic
2257 2802 2321 2827 enim
2339 2797 2381 2834 d‘:

1400 2872 1520 2909 quoddam
1539 2876 1648 2909 accipere
1661 2879 1778 2908 potuere:
1798 2882 1937 2910 quanquam
1957 2868 2026 2902 nulld
2040 2875 2109 2901 ratio
2127 2871 2177 2906 est,
2190 2881 2234 2900 cur
2252 2881 2299 2898 nou
2325 2883 2344 2894 ιι

1397 2909 1552 2944 prouinciali
1568 2911 1674 2945 pecunia
1691 2912 1850 2944 acceperint,
1869 2919 1942 2945 eaque
1954 2907 2146 2946 stuc-stipendia
2159 2907 2215 2943 siue
2221 2910 2338 2943 praemia
2358 2908 2373 2923 '¹

1400 2946 1457 2980 quis
1473 2945 1578 2981 expensa
1596 2945 1649 2971 lata
1662 2943 1725 2978 fint.
1763 2946 1850 2981 Itaque
1866 2952 1967 2972 maneat
1986 2943 2104 2972 doHrina
2127 2946 2148 2971 I.
2164 2945 2192 2972 F.
2209 2944 2345 2976 Gronouii,
2360 2944 2377 2969 ·”.

1401 2981 1456 3006 Pcc.
1470 2986 1519 3007 vet.
1535 2987 1599 3015 4,17
1612 2989 1637 3015 p.
1647 2988 1692 3014 253
1719 2981 1779 3006 Non
1798 2986 1869 3012 erat,
1883 2984 1985 3017 inquit,
1997 2981 2180 3008 emolumentum
2198 2979 2345 3016 (intelligit

1400 3051 1526 3079 mendatio
1543 3052 1642 3079 illarum
1657 3050 1818 3088 personarum
1839 3052 1907 3087 apud
1919 3054 2038 3088 Populum
2055 3053 2128 3080 Rom.
2141 3051 2282 3087 profutura
2298 3049 2363 3080 illisi.

1401 3090 1496 3114 maiora
1515 3093 1659 3115 ornamenta
1677 3089 1708 3115 ab
1725 3093 1777 3123 rep.
1799 3088 1967 3124 constquenda
1982 3095 2029 3115 etc.
2070 3087 2178 3115 Videtur
2190 3092 2272 3114 autem
2287 3086 2339 3123 Iege
2364 3089 2375 3115 '2

1399 3130 1464 3150 certe
1473 3122 1521 3160 sub
1527 3121 1658 3166 Augustis,
1671 3132 1786 3150 numerus
1799 3133 1897 3157 corum,
1929 3134 1973 3151 uos
1987 3125 2014 3151 in
2029 3123 2166 3151 beneficiis
2179 3122 2284 3150 deferre
2293 3119 2354 3158 post
2366 3137 2372 3148 2,

1401 3230 1594 3258 beneficiorum
1607 3239 1740 3257 numerus.
1779 3230 1906 3258 Caeterum
1918 3233 1946 3258 de
1958 3233 2048 3259 honore
2061 3232 2170 3258 militari
2182 3232 2257 3256 etiam
2268 3231 2336 3256 miti»

1401 3301 1502 3337 populo
1518 3309 1686 3335 crearentur,
1704 3311 1772 3338 quae
1789 3308 1865 3330 antea
1900 3318 1945 3324 —
1983 3303 2144 3330 ‹liciatorum
2163 3307 2188 3328 ct
2207 3300 2346 3328 consulum

1402 3338 1508 3365 fuerant
1528 3337 1664 3366 beneficia.
1684 3337 1758 3374 Conf-
1771 3345 1799 3373 7,
1813 3346 1825 3371 ς
1842 3340 1897 3366 Cic.
1913 3339 1985 3367 Lael.
1999 3349 2020 3366 c.
2030 3346 2058 3372 ις
2079 3336 2229 3366 Sacerdotia
2247 3335 2281 3363 ad
2299 3343 2352 3371 pop
2362 3344 2370 3375 '¹

1404 3409 1465 3436 loco
1483 3415 1558 3437 natus
1578 3409 1612 3436 ad
1630 3409 1777 3445 equestrem
1791 3410 1913 3438 ordinem
1927 3417 1954 3437 et
1972 3411 1988 3437 s
2001 3408 2122 3437 lcndidae
2139 3408 2254 3435 militiae
2275 3406 2320 3434 ssi·
2333 3418 2372 3434 ww

1405 3445 1492 3473 Caelii
1511 3445 1643 3472 beneficio
1655 3451 1819 3480 peruenerat.
1855 3448 1886 3474 In
1905 3447 1952 3474 hoc
1962 3419 2037 3483 ἄντε
2055 3453 2141 3482 genere
2163 3442 2196 3478 est
2215 3443 2273 3471 Cic}
2292 3441 2339 3470 Ρ”
2352 3455 2357 3457 >

1403 3481 1448 3508 Nc
1462 3490 1513 3516 qua
1527 3481 1584 3516 post
1597 3481 1658 3508 Idus
1670 3481 1780 3508 Martias
1791 3481 1969 3510 immunitatis
1981 3481 2085 3513 tabula,
2097 3488 2164 3506 neue
2178 3480 2334 3515 cuiusquam
2348 3489 2349 3493 ¹

1403 3517 1440 3543 cii
1454 3517 1589 3552 figeretur.
1627 3518 1695 3544 Hinc
1703 3517 1888 3546 Sueton.'1'ib.
1902 3526 1930 3545 12
1950 3516 2073 3546 venitin
2084 3515 2261 3550 suspicionem
2273 3522 2336 3554 per--
2360 3516 2371 3530 r

1403 3588 1450 3651 ³¹in
1458 3596 1506 3624 per
1527 3588 1709 3625 Nymphidium
1721 3593 1841 3625 promoti.
1879 3590 1948 3616 Hinc
1963 3590 2005 3614 ori
2021 3596 2035 3613 o
2361 3619 2363 3621 ι

1424 3624 1500 3651 ciarii
1513 3631 1644 3655 vocantur,
1657 3624 1685 3651 de
1699 3624 1786 3660 quibus
1793 3625 1879 3661 paullo
1892 3629 1950 3651 aute
1962 3596 2047 3649 ἀράξω
2061 3629 2134 3658 opera
2145 3621 2229 3649 amm
2240 3619 2284 3655 est.
2336 3627 2367 3652 η]

1403 3665 1458 3687 tum
1469 3660 1528 3687 haec
1540 3659 1575 3686 ad
1585 3669 1666 3687 eorum
1678 3660 1882 3691 Beneficiorum,
1895 3667 1955 3695 quae
1966 3657 2054 3685 Feoda
2066 3659 2084 3685 s.
2099 3658 2119 3685 F
2121 3657 2188 3685 euda
2197 3656 2379 3688 vocantur‚'0'

1401 3699 1561 3730 pertineant,
1591 3695 1647 3721 [Cei
1664 3695 1810 3732 disputant,
1827 3701 1852 3721 et
1883 3697 1910 3721 ui
1921 3693 1997 3720 medii
2017 3697 2087 3726 aeui,
2100 3704 2141 3720 res
2155 3699 2180 3720 et
2195 3694 2306 3730 linguam

2055 3586 2209 3623 quorumdam
2224 3592 2304 3619 certe,
2320 3599 2331 3606 ιι
2344 3590 2372 3612 ι’,

1406 3776 1416 3794 ι
1430 3767 1461 3793 D.
1475 3766 1507 3793 de
1521 3767 1607 3793 damn.
1627 3766 1718 3793 infe&
1732 3767 1772 3793 Co
1802 3772 1900 3799 equens
1923 3764 1959 3790 est
1979 3764 2067 3792 dicere
2084 3764 2276 3793 detrimentum
2288 3761 2354 3793 hoe,
2410 3782 2414 3798 2

1404 3802 1538 3829 beneficio
1547 3802 1606 3828 eius
1620 3801 1765 3836 contingit,
1780 3800 1877 3826 sarcire
1889 3807 1952 3826 eum
1965 3800 2078 3833 debere,
2102 3801 2131 3829 id
2143 3798 2178 3834 qli
2190 3800 2261 3834 culpa
2273 3799 2297 3825 et·
2304 3797 2311 3803 ”“
2335 3799 2351 3803 ”
2378 3798 2396 3803 ”’

1403 3839 1481 3864 Iocum
1499 3844 1582 3865 tentae
1599 3835 1772 3872 Bynkershock
1791 3835 1848 3871 Ohj:
1862 3845 1888 3870 4,
1900 3845 1934 3862 ιο.
1949 3836 1998 3873 scd
2016 3846 2065 3863 non
2079 3843 2129 3872 pro
2141 3837 2238 3871 reliqua
2248 3835 2304 3861 viri

1404 3872 1478 3899 Idem
1491 3873 1509 3900 1.
1524 3872 1668 3900 communi.
1701 3869 1724 3907 §.
1739 3875 1753 3900 8
1768 3870 1801 3897 D.
1814 3871 1950 3898 communi
1963 3871 2048 3899 diuid.
2085 3870 2233 3906 Qiiahaec
2247 3876 2304 3904 pars
2407 3899 2412 3906 '

1830 3905 1905 3934 Idem
1917 3907 1936 3934 l.
1948 3908 2019 3936 inter
2031 3916 2133 3941 omnes.
2145 3907 2178 3934 D.
2191 3905 2224 3933 ae
2234 3905 2300 3932 furt.
2312 3914 2325 3935 ‚¹
2341 3913 2345 3922 ¹
2400 3914 2405 3916 “
