2474 4182
26 128 85 167 ,73
427 100 632 145 Ans
1140 96 1145 99 ’
1501 98 1717 140 AEs
2090 118 2158 157 174

162 196 275 230 samnis,
292 196 403 232 Spurcus
418 194 516 226 homo,
534 190 590 218 vita
602 187 648 216 illa
660 187 752 223 dignu’
772 187 900 223 iocoque.
1107 187 1206 221 inquit,
1226 184 1302 225 Aqua
1316 185 1369 217 est,
1391 195 1442 220 qua
1461 188 1514 228 sola
1534 188 1574 216 vti
1592 188 1689 225 aestate
1707 187 1815 230 erpedit
1828 199 1834 216 :
1847 189 1923 229 *ficut
1942 190 2055 232 dicimus
2073 193 2156 222 Vesti-

161 236 227 262 cum
240 232 396 260 Pacideiano
410 228 592 265 componitur,
608 224 728 265 optimu,
740 223 825 266 „who
1107 226 1195 260 menta
1210 221 1322 252 aestiua,
1339 221 1416 247 saltus
1431 224 1558 257 aestiuos,
1578 225 1659 266 castra
1673 225 1784 253 aestiua:
1805 225 1904 260 quibus
1926 233 2006 253 etiam
2021 229 2157 269 interdum
2205 262 2207 266 y

161 269 217 296 Post
231 268 352 295 homines
365 274 438 294 natos
452 264 579 300 gladiator
592 269 639 296 qui
652 260 705 286 fuit
719 268 793 286 vnus.
1106 254 1213 288 hieme,
1232 256 1389 290 plerumque
1405 264 1492 284 autem
1506 261 1600 287 aestate
1614 267 1724 288 vtimur.
1759 262 1877 296 Propere
1889 271 1917 295 4,
1932 271 1951 295 1,
1967 272 2013 297 124
2034 265 2065 290 ht
2088 265 2157 291 lacus

29 309 79 335 Hos
90 305 172 342 verfias
184 302 288 339 παρυδεῖ
297 305 353 331 Cic.
369 303 400 330 de
414 303 472 336 Opt.
482 300 545 326 Gen.
555 298 602 324 Or.
618 303 646 331 17
664 296 707 322 vbi
718 295 746 321 dc
755 293 911 328 Demosthene
923 293 1054 330 ctAfibi-
1107 291 1214 318 aestiuis
1228 293 1328 326 intepet
1343 292 1444 320 Vmber
1463 295 1548 333 aquis.
1585 298 1657 323 Aura
1670 299 1765 331 Horat.
1783 298 1871 324 Carm.
1886 307 1906 330 1,
1920 307 1963 330 22,
1977 303 2011 328 18.
2049 300 2157 326 Calores

14 351 15 360 η
88 342 109 367 Α
131 349 172 366 me
194 330 281 367 autem
314 342 396 375 inquit
426 335 601 372 gladiatorum
623 339 669 366 par
691 330 881 357 nobilissimum
905 330 1053 357 inducitur:
1073 329 1085 356 3
1107 327 1238 353 Columel.
1251 338 1280 361 4,
1293 336 1320 362 7,
1335 336 1358 354 2.
1398 328 1537 355 Claudian.
1553 332 1644 366 Paneg.
1661 342 1741 367 ¹‚.219
1763 333 1791 359 de
1804 333 1925 360 arundine
1938 337 2060 369 incapite
2071 337 2158 362 Patris

14 353 160 405 lffe'sthines
195 382 239 402 tan
260 360 319 402 ua’m
338 357 505 402 Aeseininus,
523 374 551 395 vt
574 367 612 394 ait
634 367 779 399 Lucillius,
795 377 844 392 non
857 367 963 403 spurcus
974 366 1051 392 homo.
1112 363 1242 395 Tiberini,
1263 365 1350 396 Quam
1365 372 1452 398 neque
1465 364 1503 404 sas
1528 380 1573 385 —-
1594 368 1701 395 Aestiuo
1719 369 1832 397 candore
1845 369 1924 396 mori.
1961 370 2041 396 Canis
2056 371 2156 397 Tibul.

14 404 63 450 lsed
74 396 196 439 ιίοᾶκςέι
208 386 264 439 accqr
281 422 285 426 ·
321 411 376 437 Cum
389 398 586 435 Pacideiano'‘hic
598 406 767 438 componitur,
789 404 888 438 optima’
904 403 974 436 longe
996 396 1053 432 Pes}
1105 406 1126 431 1,
1141 407 1168 431 4,
1184 401 1200 424 6
1228 400 1306 435 Vulgo
1320 401 1502 439 vomitu-Dies
1516 402 1694 429 Canicularcs.
1730 405 1824 431 Class'es
1845 404 1938 432 Claud.
1960 405 1991 432 de
2003 406 2070 432 Bell.
2083 406 2155 433 Giid.

14 431 128 475 ¹homines
142 458 156 472 n
167 455 214 473 *tos
233 430 283 467 --'
298 445 372 473 Nihil
386 443 454 470 enim
470 440 517 467 illo
531 445 638 466 oratore
651 438 769 465 arbitror
784 438 895 474 cogitari
909 436 976 471 polse
983 435 1053 461 diui-
1106 454 1113 460 .
1138 453 1144 459 .
1167 454 1173 460 .
1205 434 1326 460 Tertull.
1340 435 1483 475 dc'Amina
1504 456 1510 462 .
1531 456 1538 462 .
1559 456 1565 462 .
1601 438 1688 472 Atque
1706 440 1801 466 exinde
1821 442 1849 467 in
1862 441 1911 468 illo
1926 441 2000 468 finita
2014 441 2044 468 fit
2058 448 2157 469 meten-

22 483 80 510 nius
126 467 200 510 Esad
216 484 254 517 Q
265 483 304 509 Fr.
317 490 329 513 3
363 488 380 512 4
389 487 426 513 pr.
446 477 509 504 Non
516 475 622 510 putasset
636 474 684 501 fibi
697 475 836 509 Pompeius
850 473 882 500 de
895 472 966 498 illius
980 471 1054 505 (Ga-
1106 469 1257 501 somatofis,
1270 477 1306 510 ⁴vt
1323 470 1422 511 aestiua
1436 472 1525 498 Coena
1540 472 1596 512 post
1610 474 1698 499 amun.
1736 475 1899 503 Cubiculum
1921 477 2062 504 altitudine
2081 478 2156 505 aesti-

15 503 89 545 .bi'nii'
120 528 187 555 qumi
201 500 467 554 defenfiirus’fueratfi
478 510 607 546 accusaffi’t
619 512 725 545 Cicero)
747 510 795 537 Sed
815 510 847 536 de
866 509 909 534 sua
924 507 1052 541 dignitate
1067 513 1096 531 10
1107 515 1187 538 vum,
1202 512 1374 532 immimentis
1391 506 1535 534 hibernum
1550 507 1617 534 Plin.
1631 509 1710 543 Epist.
1724 518 1751 542 2,
1765 518 1802 549 17,
1816 520 1853 537 10.
1891 513 1953 539 Dies
1972 513 2028 540 Cic.
2042 515 2118 540 Verr.
2132 522 2158 547 5,

21 539 124 582 mecu’m
138 556 186 580 csse
199 559 326 580 certamen
341 561 346 576 ε
372 550 399 575 in
413 548 505 575 vrbem
521 547 634 573 intraffet
644 567 652 578 ,
671 545 703 573 ad
717 546 870 573 inimicitias
882 551 922 570 res
936 543 1054 575 venisset,
1109 546 1140 571 80
1159 551 1180 567 c.
1191 550 1212 574 3.
1232 547 1257 568 et
1273 542 1305 568 ad
1319 544 1357 576 Q
1369 543 1444 569 fratr.
1458 552 1489 576 2,
1510 564 1515 569 .
1535 563 1541 570 .
1565 563 1571 569 .
1604 544 1691 570 Falces
1704 544 1842 572 Claudian.
1863 547 1895 573 de
1910 550 1978 575 Sext.
1992 550 2069 576 Cons.
2083 551 2155 577 Hon.

21 599 80 617 cum
105 590 247 616 Aesernino
270 585 381 614 Samnite
402 582 555 610 Pacidianus
579 588 744 617 comparatus
767 581 884 611 viderer,
906 578 1053 605 auriculam
1107 582 1168 617 3893
1201 578 1336 619 Feruorcs*
1349 579 1480 619 Colinncl.
1498 588 1532 612 4,
1552 587 1596 613 24.
1645 580 1763 621 Propert.
1778 589 1806 621 3,
1825 590 1868 613 19,
1885 592 1897 614 3
1919 584 1966 610 Tu
1982 594 2089 621 quoque
2109 587 2158 621 qui

15 615 127 652 lfortass'e
144 624 271 652 mordicus
289 620 443 652 abstulisset,
468 619 618 653 (Narratur
639 618 667 644 id
683 619 776 654 ipsam,
795 621 867 654 puto,
889 613 916 640 de
929 614 976 650 suo
991 617 1055 650 pari
1107 613 1219 639 aestiuos
1234 615 1370 654 spatioiius
1384 624 1468 649 exigis
1487 616 1561 649 Ignes
1576 614 1697 655 Phoebe,
1726 625 1744 641 ι.
1760 616 1813 641 ilios
1832 619 1955 653 longiorcs
1965 621 2039 655 jacis
2056 620 2156 654 aestate.

16 643 162 695 lucillius)
173 653 230 686 cuni
243 657 337 684 Clodio
349 655 456 691 quidem
468 660 536 681 certe
550 654 653 681 rediffet
667 654 696 680 j„
709 654 826 688 gratiam.
1107 649 1190 675 Iubar
1202 649 1340 676 Claudian.
1356 649 1388 676 de
1402 651 1482 677 Tei-t.
1500 650 1579 690 Cons.
1594 651 1650 677 Stil.
1667 654 1725 691 461.
1762 652 1818 677 Leo
1829 652 1926 687 Claud.
1941 655 1969 680 in
1983 657 2052 682 Ruff.
2068 666 2094 689 i,
2107 659 2157 691 369

15 679 18 718 l
68 704 82 724 χ
91 704 106 724 13
115 703 164 724 818
199 692 307 728 [Ἂιῃς]
330 691 411 727 vulgo
432 698 447 718 Ε
457 692 488 718 εἰ
498 697 547 717 No
567 697 593 717 et
613 698 629 717 F
640 699 647 717 1
658 698 679 716 v
688 697 712 716 Μ
721 696 757 716 iis
766 695 775 714 1
784 694 805 713 N
814 693 833 712 o
842 705 850 718 ‚
874 684 989 711 Vmbriae
1000 685 1054 721 flu·
1067 692 1093 719 15
1108 686 1200 720 Nempe
1214 684 1304 718 aestate
1317 688 1387 721 viget
1395 686 1448 721 sole
1455 690 1586 723 praesente
1600 686 1740 721 Leo‚J1dus
1754 688 1864 719 coelata,
1885 690 1915 714 In
1928 698 2007 723 quein
2020 701 2067 725 per
2079 693 2157 720 aesta-

15 713 79 760 ’,υἱῲ
92 735 117 758 in
130 714 211 758 [tal’ia.
263 728 329 754 mm·
347 736 369 754 u
405 735 438 760 42
464 727 575 753 Cal-eum
589 726 735 753 Aefimtem
748 730 778 749 ex
791 720 904 748 Vmbria
916 721 989 748 mitti
1003 728 1054 748 tra·
1107 726 1161 747 tem
1179 721 1263 747 animi
1282 722 1365 756 gratia
1385 722 1503 748 secedere
1523 722 1646 749 solemus.
1684 723 1740 749 Cic.
1756 723 1795 755 Q
1806 723 1881 749 fratr.
1896 732 1924 756 3,
1941 733 1966 756 1,
1982 734 1991 751 i
2014 727 2091 753 Nunc
2106 729 2157 755 hoc

16 746 62 795 ,ld-t
102 765 162 794 Add
182 764 225 791 Sil.
239 768 252 793 8
287 764 343 796 446
360 747 396 797 sc}-
1106 757 1150 784 vel
1164 756 1299 783 honestate
1313 757 1466 790 testudinis,
1487 758 1530 785 vel
1545 758 1621 784 valde
1640 758 1742 785 bonum
1761 758 1891 785 aestiuum
1911 759 1999 786 locum
2014 762 2158 792 obtinebit.

16 783 18 826 l
42 779 176 829 1AESOt-xi
218 783 285 825 bniS.
313 796 433 832 [umam]
470 797 586 824 Cretheus
606 797 678 824 Aeoli
689 793 762 830 fiIJ'us
781 792 899 828 Aqfonem
918 796 1006 830 genuit
1025 803 1054 819 ex
1107 791 1365 829 Scdfl1iffuatlefflo.
1404 794 1522 820 Lambino
1530 796 1630 829 placet,
1663 794 1710 821 uod
1723 804 1764 831 rgo
1780 804 1870 830 quoquc
1879 796 2046 830 probauerim.
2079 800 2158 827 Nunc

17 831 92 872 *Tyro
105 819 222 863 Salmoizei
232 834 334 870 fratris
341 833 466 870 ficifilia:
487 834 569 869 Aestin
588 842 646 863 vero
660 829 766 867 Iasonem
779 839 787 853 .·
808 831 878 855 cuius
895 835 986 865 rogatu
999 830 1053 855 Me-
1108 828 1158 855 hoc
1170 829 1216 860 vel
1231 828 1319 855 hieme
1332 829 1486 862 testudinis,
1507 830 1549 856 vel
1564 830 1641 857 valde
1672 831 1718 856 oni
1734 830 1829 856 aestiui
1843 831 1933 857 locum
1947 831 2091 859 obtinebit.
2117 836 2158 862 Sic

16 871 62 899 'dm
73 871 186 907 Aesonem
202 873 229 896 in
246 870 320 897 aheno
339 867 591 905 recoc‘lumpri'stinae
604 867 722 895 iuuentuti
732 862 852 897 restituit.
890 864 970 891 Ouid.
986 865 1051 893 Met.
1062 875 1096 894 20
1108 864 1247 891 Aestiuum
1258 864 1425 901 singulariter
1445 865 1558 898 dicetur,
1576 865 1700 892 intellecsbo
1715 866 1895 900 Cubiculum,
1913 875 1942 893 vt
1957 870 2027 903 plur.
2041 869 2156 896 Aestiua.

15 915 44 943 η,
57 912 108 940 285,
146 907 212 932 Him-
942 935 948 939 -
1109 901 1166 927 Lux
1184 901 1281 936 Virgil.
1298 903 1395 935 Georg.
1411 910 1438 935 4,
1455 910 1494 934 52.
1528 902 1642 942 ,Menses
1662 903 1718 928 Cic.
1736 903 1789 928 Att.
1804 910 1826 935 5,
1840 911 1871 937 14
1908 903 1995 943 ,Nilus
2017 904 2157 931 Claudian.

52 948 146 969 Ai-:so
160 948 180 968 N
192 940 291 973 1923,
310 948 349 967 ae,
371 938 526 975 [>A,00„'J¹,75]
563 938 647 975 Jafin,
659 934 856 972 Aefimisfilius.
894 934 976 961 Ouid.
985 936 1052 962 Met.
1107 936 1135 962 in
1148 937 1218 977 Ruii'.
1234 946 1253 977 1,
1267 943 1314 970 185.
1353 937 1439 964 Niues
1454 938 1571 978 Martial.
1586 945 1608 971 5,
1621 940 1661 971 65.
1699 938 1762 965 Nox
1784 939 1853 979 Hor.
1867 938 1945 979 Epist.
1960 949 1980 972 1,
1996 948 2018 973 ς,
2031 949 2062 967 11.
2100 941 2159 967 Nu-

18 986 51 1013 7,
69 979 112 1003 60,
125 983 132 987 -
150 978 184 1004 Β,
1105 971 1151 998 bes
1165 973 1261 1007 Virgil.
1271 974 1368 1007 Georg.
1385 983 1413 1006 4,
1426 982 1477 1006 312.
1514 973 1614 1000 Tibul.
1630 983 1651 1006 1,
1666 983 1686 1006 1,
1700 982 1736 1008 49
1758 974 1837 1001 Canis
1852 975 1965 1001 aestiuos
1978 976 2058 1003 Ortus
2073 976 2160 1003 vitare

18 1035 19 1038 ,
52 1018 263 1044 AESONIVS,
282 1010 429 1047 ['A‹ao'nos]
470 1010 549 1038 Ouid.
563 1007 640 1042 Epist.
655 1015 698 1039 12,
721 1014 765 1040 134
791 1006 874 1031 Ausus
895 1014 922 1032 es
936 1006 1050 1033 Aesonia
1106 1008 1155 1034 sub
1169 1009 1272 1034 vmbra.
1304 1009 1437 1035 Columel.
1451 1009 1483 1035 de
1495 1009 1646 1036 Arboribus
1661 1017 1683 1042 5,
1695 1020 1714 1044 4
1732 1011 1826 1044 Itaque
1840 1010 1973 1045 optimum
1986 1012 2022 1037 est
2035 1012 2161 1047 exiguam

18 1047 102 1076 dicere
116 1047 179 1074 cede
189 1047 278 1074 domo.
317 1048 397 1073 Etiam
407 1055 455 1083 pro
463 1046 633 1082 patronymico
644 1045 758 1078 ponitur.
796 1040 877 1068 Ouid.
887 1042 951 1068 Met.
966 1050 993 1077 7,
1009 1045 1051 1075 156
1061 1053 1092 1079 25·
1105 1050 1206 1078 partem
1220 1045 1354 1079 relinqui,
1373 1052 1452 1080 atque
1467 1045 1504 1071 ita
1517 1046 1631 1072 summas
1646 1051 1748 1080 partes,
1761 1055 1826 1081 quas
1840 1046 1952 1073 aestiuas
1965 1047 2057 1074 rustici
2072 1049 2159 1083 appel-

18 1076 59 1108 l»-
78 1089 104 1110 et
115 1092 180 1110 auro
215 1083 302 1109 Heros
318 1083 444 1109 Aesonius
457 1081 571 1117 potitur,
597 1082 616 1106 i.
637 1078 710 1115 Iann
722 1077 867 1114 Aefhnides.
1106 1080 1175 1113 lant,
1188 1081 1319 1113 resecare,
1346 1084 1364 1107 i.
1378 1091 1439 1117 quas
1447 1084 1566 1116 proxima
1579 1080 1658 1114 aistas
1666 1082 1799 1117 produxit.
1838 1083 1879 1109 Sic
1894 1083 2006 1109 aestiuas
2018 1083 2159 1111 Radiculafl

49 1120 234 1151 AE86PVS,
255 1117 399 1154 ['‘Aaawn-os]
436 1117 578 1144 fabularum
589 1116 632 1141 ille
644 1112 732 1141 auc‘lor
740 1113 907 1148 nabiliffimus.
939 1113 1049 1148 Qiine’t.
1104 1123 1178 1142 vocat
1197 1116 1236 1142 Id.
1256 1126 1290 1150 4,
1308 1122 1331 1148 8,
1353 1125 1371 1143 1.
1416 1117 1457 1144 Sic
1477 1117 1544 1143 Plin.
1559 1126 1601 1150 12,
1622 1125 1652 1151 14
1672 1118 1811 1144 Autumno
1829 1123 1871 1144 tus
1887 1118 1987 1153 legitur
2004 1128 2036 1145 ex
2056 1120 2160 1147 aestiuo

19 1162 35 1187 “,
49 1162 75 1188 9,
87 1162 103 1181 2
121 1154 217 1190 Aesopi
231 1154 353 1186 fabellas,
367 1162 432 1188 quae
443 1151 540 1178 fabulis
554 1150 746 1177 nutricularum
761 1150 883 1184 proxime
898 1149 1050 1182 succedunt,
1104 1152 1199 1184 Partu,
1228 1155 1246 1178 i.
1262 1161 1291 1178 ox
1305 1161 1340 1184 eo,
1348 1152 1412 1188 quod
1420 1152 1545 1187 produxit
1560 1152 1638 1186 aestas
1652 1157 1779 1188 proxima.
1814 1154 1934 1181 Porticus
1952 1155 1982 1181 it.
1997 1157 2160 1190 Cryptopor-

15 1180 20 1194 Ἰ
46 1198 118 1217 rrarc
137 1205 181 1210 —-
201 1190 350 1216 condiscant
364 1188 446 1224 pueri.
483 1188 514 1213 Et
528 1195 591 1220 5,11,
604 1195 633 1219 19
651 1186 716 1212 Illae
730 1194 839 1221 quoque
851 1184 966 1219 fabulae,
982 1195 1049 1221 quae
1104 1187 1172 1213 ticus
1187 1187 1253 1214 Plin.
1267 1188 1313 1222 Ep.
1329 1196 1351 1221 5,
1363 1190 1389 1221 6,
1402 1197 1436 1221 29
1458 1194 1484 1215 et
1502 1197 1537 1221 31.
1579 1189 1668 1215 Puluis
1682 1189 1797 1216 aestiuus
1813 1190 1954 1218 Claudian.
1966 1192 2061 1226 Paneg.
2074 1200 2102 1225 4,
2116 1200 2159 1225 43.

41 1225 117 1253 iamsi
132 1226 264 1260 originem
272 1235 324 1252 non
338 1224 372 1257 ab
385 1224 487 1258 Aesopo
501 1228 670 1257 acceperunt,
685 1226 764 1254 (nam
777 1221 884 1248 videtur
897 1230 986 1248 earum
996 1223 1049 1257 pri·
1059 1235 1090 1259 30
1103 1223 1225 1258 Supellcx
1240 1223 1386 1257 aestiua,de
1394 1225 1502 1260 poculis,
1515 1224 1581 1260 quod
1590 1235 1615 1251 ea
1626 1224 1765 1260 tempestate
1778 1227 1891 1263 lagenam
1899 1234 1922 1253 et
1930 1231 2056 1263 potionem
2064 1231 2160 1263 potius,

42 1270 70 1288 us
80 1261 172 1288 auctor
180 1261 318 1293 Hesiodus)
331 1259 532 1286 nominet-amen
542 1258 637 1292 Aesopi
646 1257 945 1290 niaximccelebrantur,
955 1258 1050 1284 ducere
1104 1269 1177 1295 quam
1196 1259 1276 1286 cibum
1296 1266 1320 1285 et
1338 1260 1461 1297 obsonium
1497 1270 1632 1287 uaeramus.
1670 1263 1789 1296 Propert.
1805 1270 1836 1294 2,
1852 1267 1881 1294 8,
1896 1270 1929 1298 37
1965 1277 2011 1283 —
2031 1263 2159 1299 Vitrique

28 1298 112 1324 nimos
127 1298 217 1324 solent.
237 1308 282 1317 —n
300 1298 330 1323 Et
343 1296 470 1322 Horatius
482 1303 515 1321 ne
528 1294 555 1320 in
569 1296 690 1329 poemate
704 1293 814 1328 quidem
827 1293 958 1320 humilem
971 1293 1050 1320 huius
1105 1295 1203 1322 aestiua
1218 1296 1351 1330 supellex,
1388 1297 1419 1323 Et
1433 1297 1489 1323 Met
1510 1297 1616 1329 ynmaei
1630 1303 1703 1331 grata
1715 1298 1798 1324 saliua
1812 1298 1890 1324 meri.
1934 1298 2017 1325 Saltus
2031 1298 2159 1326 hibernos

30 1334 114 1360 eneris
132 1334 235 1360 versum
241 1332 371 1373 yutaiiit,
390 1332 418 1357 in
438 1331 490 1357 illis
509 1330 626 1357 versibus
637 1349 646 1362 ,
670 1331 738 1357 Olim
760 1330 825 1366 quod
846 1331 932 1365 vulpes
949 1337 1050 1366 aegroto
1105 1331 1272 1366 aestiuosque
1284 1332 1375 1358 animo
1387 1332 1552 1367 poffidemus,
1561 1334 1683 1368 quamuis
1696 1334 1775 1361 certis
1788 1334 1955 1369 temporibus
1967 1344 2011 1366 eos
2024 1335 2159 1371 relinqua-

19 1376 84 1407 fauta
96 1371 160 1397 leoni
172 1376 218 1396 etc.
246 1371 319 1394 'Aaou
327 1368 422 1395 Graeci
436 1372 531 1393 vocant
544 1371 569 1392 et
579 1365 781 1396 ’Λισωποποιήτον-
801 1366 906 1400 Reliqua
919 1365 1050 1402 deAesopo
1105 1376 1164 1393 mus
1179 1368 1251 1393 Paul.
1266 1368 1294 1393 in
1308 1368 1325 1394 l.
1339 1377 1361 1401 3.
1377 1368 1404 1394 ff.
1419 1368 1451 1394 de
1465 1369 1681 1403 Acquir.Poss‘ess.
1718 1370 1761 1397 Sol
1776 1369 1891 1396 aestiuus
1907 1370 2021 1403 Plin.12,
2031 1381 2069 1406 14.
2091 1372 2158 1399 Plin.

24 1414 62 1431 ian
76 1404 137 1441 fient
156 1405 227 1432 huius
243 1406 298 1432 Ioci.
341 1403 398 1430 Via.
416 1403 488 1429 fabr.
507 1404 536 1429 B.
552 1403 581 1429 G.
595 1410 626 1434 2,
639 1410 664 1434 9.
841 1399 862 1440 fl
883 1410 899 1427 2
931 1403 1050 1437 Aesopus
1064 1412 1091 1439 ὃς
1105 1403 1162 1430 iun.
1178 1403 1223 1437 Ep.
1238 1411 1260 1436 5,
1273 1406 1300 1435 6,
1313 1411 1346 1436 15.
1385 1405 1416 1430 Et
1430 1405 1528 1438 Virgil.
1543 1405 1641 1439 Georg.
1657 1415 1686 1439 4,
1699 1411 1739 1436 28.
1785 1406 1847 1432 Stat.
1864 1406 1929 1433 Silu.
1942 1416 1970 1440 4,
1983 1416 2012 1440 4,
2026 1416 2054 1440 19
2065 1406 2158 1433 vAesti-

27 1441 146 1477 ragoedus·
161 1440 300 1467 familiaris
319 1439 472 1471 Ciceronis,
493 1438 544 1464 vid.
560 1437 591 1464 de
604 1437 695 1464 Diuin.
710 1445 736 1469 1,
749 1441 789 1467 80-
817 1436 849 1463 de
862 1438 937 1464 Orat.
952 1447 977 1470 1,
992 1446 1049 1471 259.
1104 1448 1153 1465 vos
1166 1448 1221 1474 quo
1234 1439 1334 1473 decipis
1346 1441 1407 1465 aEre
1421 1439 1504 1466 soles?
1524 1441 1609 1475 Sopor
1617 1440 1711 1467 Claud.
1720 1441 1934 1476 Eidyll.Nil.4i.
1972 1443 2030 1468 Sen.
2045 1443 2073 1468 in
2086 1442 2158 1469 Med.

27 1476 86 1502 'ain-
101 1483 127 1511 7,
147 1484 166 1502 1.
201 1477 294 1502 Horat.
310 1474 386 1510 Epist.
402 1483 427 1507 2,
441 1482 464 1505 1,
480 1479 510 1504 82
531 1475 605 1507 Qiae
619 1473 706 1507 grauis
720 1473 850 1508 Aesopus,
870 1482 937 1509 quae
956 1474 1049 1500 ἀοξὶυς
1106 1483 1134 1501 ιο
1153 1475 1260 1501 Aestiua
1285 1475 1363 1501 tellus
1384 1475 1478 1502 floruit
1505 1484 1583 1503 cantu
1610 1485 1690 1509 meo,
1721 1480 1739 1503 i.
1760 1478 1845 1503 Tellus
1868 1481 1928 1503 meis
1947 1479 2160 1504 incantationibus

41 1511 124 1538 ost-ius
143 1511 205 1545 egit.
252 1511 363 1543 Grauis,
383 1513 440 1546 quia
458 1511 582 1547 Tragicus
599 1507 686 1542 histrio
698 1509 771 1535 ‘eran
816 1511 853 1535 De
872 1511 940 1536 illius
961 1511 1049 1545 patina
1104 1512 1167 1537 talis
1173 1509 1266 1546 fabia,
1297 1512 1362 1538 ualis
1376 1509 1466 1544 aestate
1473 1512 1539 1547 solet
1553 1511 1605 1545 effiu
1644 1512 1701 1539 Cic.
1709 1513 1786 1538 Verr.
1801 1520 1824 1545 5,
1836 1518 1868 1542 80
1889 1522 1911 1539 c.
1926 1521 1950 1545 31
1971 1513 2162 1541 Tabernacula

37 1546 83 1573 lin.
97 1555 134 1579 io,
150 1554 171 1579 51
194 1547 309 1573 Maxime
327 1546 432 1580 insignis
450 1545 525 1571 estin
539 1544 586 1571 hac
598 1545 728 1571 memoria
741 1544 833 1572 Clodii
846 1546 943 1580 Aesopi
955 1547 1051 1581 tragici
1107 1547 1268 1581 quemadmo
1288 1556 1332 1573 um
1361 1548 1535 1573 consueuerat
1556 1547 1723 1582 temporibus
1746 1548 1872 1581 aestiuiS,
1903 1549 2033 1576 carbaseis
2058 1551 2160 1577 intenta

26 1580 150 1608 iistrionis
162 1583 264 1616 patina,
282 1582 406 1607 sexcentis
421 1580 543 1607 sestertiis
555 1586 653 1607 taxata:
674 1581 703 1607 in
717 1589 770 1616 qua
784 1582 872 1615 posuit
890 1590 951 1608 aues
972 1589 1092 1619 cantu40
1104 1583 1172 1609 velis
1185 1583 1314 1610 collocari
1327 1582 1396 1609 iussit
1415 1584 1443 1609 in
1463 1583 1553 1610 litore.
1591 1583 1675 1611 Ouid.
1695 1584 1762 1611 Met.
1778 1593 1820 1617 13,
1833 1592 1883 1619 793
1903 1585 2009 1612 Solibus
2029 1585 2161 1621 hibernis,

19 1617 120 1651 aliquo,
138 1622 183 1643 aut
196 1616 310 1642 humano
321 1617 440 1642 sermone
459 1616 578 1649 vocales,
617 1617 707 1643 mimis
722 1618 764 1643 sex
778 1617 889 1651 singulas
903 1620 1049 1653 co‘e'niptas:
1106 1619 1205 1646 aestiua
1228 1620 1331 1654 gratior
1349 1618 1452 1646 vmbra-

19 1651 83 1677 nilla
97 1651 149 1678 alia
161 1651 282 1678 indufftus
295 1653 437 1684 suauitate,
457 1652 504 1679 nisi
517 1658 546 1679 vt
561 1653 589 1679 in
601 1652 643 1679 his
656 1653 835 1679 imitationem
847 1653 964 1681 hominis
979 1663 1051 1680 man-
1142 1662 1165 1682 A
1174 1662 1189 1682 E
1199 1663 1211 1681 s
1222 1663 1243 1682 T
1253 1656 1264 1681 i
1273 1663 1292 1682 v
1303 1663 1340 1689 A,
1361 1664 1449 1682 orum.
1470 1654 1505 1690 pl.
1527 1660 1638 1682 tantum.
1667 1654 1788 1692 [θερινοὶ]
1825 1656 1890 1682 Loca
1896 1655 1969 1692 sunt,
1978 1659 2005 1683 in
2036 1657 2108 1684 uibar
2120 1668 2161 1685 ar—

19 1685 93 1750 }eret,
105 1695 137 1713 ne
149 1687 267 1722 quaestus
280 1687 387 1722 quidem
399 1689 457 1714 suos
470 1689 602 1715 reueritus
616 1688 678 1714 illos
691 1689 796 1724 opimos
809 1695 835 1716 et
846 1698 911 1716 voce
926 1691 1051 1717 meritos:
1105 1698 1187 1717 menta
1200 1698 1223 1717 et
1236 1701 1338 1728 greges,
1359 1698 1382 1717 st
1396 1693 1490 1718 milites
1505 1691 1637 1718 aestiuant
1650 1702 1656 1718 z
1684 1691 1753 1725 ficut
1765 1690 1902 1725 Hiberna,
1924 1695 1951 1718 in
1986 1666 2057 1720 uibqus
2071 1694 2161 1722 hiber·

28 1723 102 1757 ignus
120 1723 224 1757 prorsus
243 1723 318 1756 filio,
350 1724 398 1759 qui
418 1723 559 1751 deuorauit
577 1725 740 1759 margaritas.
778 1726 817 1752 De
834 1725 879 1752 hoc
890 1727 957 1754 Hor.
968 1727 1051 1754 Serm.
1108 1733 1181 1753 nant.
1219 1728 1306 1760 Castra
1321 1727 1456 1764 subaudire
1475 1730 1550 1760 licet,
1569 1728 1612 1754 vbi
1631 1727 1659 1754 de
1680 1729 1774 1753 militia
1788 1728 1888 1763 sermo:
1908 1738 1954 1764 quo
1985 1730 2101 1757 Tacitus
2122 1741 2161 1757 ex-

30 1777 39 1792 ,
56 1767 86 1792 3,
104 1766 152 1792 239
1063 1762 1208 1798 43preffi't,
1232 1762 1330 1790 Castris
1347 1763 1454 1789 aestiuis
1472 1769 1525 1789 tres
1545 1762 1621 1789 simul
1642 1763 1760 1797 legiones
1782 1763 1950 1790 habebantur
1961 1766 2029 1791 Ann.
2042 1775 2068 1799 1,
2083 1769 2121 1799 16,
2135 1775 2160 1793 2.

203 1794 286 1822 Filius
299 1795 396 1829 Aesopi
410 1794 553 1822 detra&am
567 1803 599 1822 ex
614 1804 677 1823 aure
690 1796 830 1829 Metellae,
1110 1801 1294 1835 Nonnunquam
1322 1800 1373 1824 alia
1398 1807 1447 1824 vox
1467 1798 1684 1833 fiaebintelligitur,
1705 1805 1750 1829 vt,
1773 1799 1809 1824 Ea
1826 1799 1904 1829 (vrbs
1917 1800 2041 1827 Ecbatana
2056 1803 2161 1829 Parthis

203 1830 306 1857 Scilicet
322 1836 351 1857 vt
366 1831 451 1857 decies
464 1830 579 1858 solidum
596 1831 764 1865 exsorberet,
781 1838 856 1859 aceto
1106 1835 1236 1871 regibus)
1260 1833 1360 1859 aestiua
1385 1833 1525 1867 agentibus
1545 1832 1618 1858 sedes
1635 1832 1671 1858 est
1693 1833 1769 1859 Curt.
1786 1841 1813 1865 5,
1826 1838 1848 1863 8.
1868 1836 1886 1859 i.
1902 1834 2044 1862 habitacula
2058 1847 2081 1862 a.
2096 1845 2156 1863 tcm-

203 1866 291 1893 Diluit
309 1866 436 1901 insignem
448 1866 564 1893 baccam.
763 1870 826 1894 Erat
844 1874 925 1895 autem
942 1868 1054 1899 Metella
1101 1876 1176 1904 pora.
1214 1869 1285 1894 Anni
1296 1868 1354 1893 eius
1373 1867 1471 1894 aestiua
1485 1877 1567 1902 vsque
1581 1868 1610 1894 in
1624 1869 1739 1894 mensem
1752 1868 1927 1896 Decembrem
1948 1871 2076 1905 perducta
2090 1873 2158 1899 Vell.

25 1904 81 1927 aius
91 1900 182 1938 Aefhpi
198 1911 269 1929 vxor.
304 1901 370 1929 Plin.
383 1911 409 1935 9,
424 1911 450 1936 35
472 1902 582 1929 Clodius
594 1902 716 1936 tragoedi
729 1903 826 1937 Aesopi
842 1903 923 1935 silius,
935 1912 970 1928 ne
983 1904 1052 1929 solus
1108 1913 1134 1935 2,
1148 1910 1201 1935 105,
1214 1911 1240 1936 4.
1262 1906 1280 1929 ι’.
1293 1905 1387 1929 milites
1400 1906 1427 1929 in
1441 1901 1543 1936 aqliiuis
1555 1907 1656 1930 retenti.
1693 1904 1754 1930 Liu.
1763 1913 1801 1936 33,
1820 1924 1826 1930 .
1850 1925 1856 1931 .
1876 1925 1882 1931 .
1905 1905 2008 1932 Edu&o
2019 1908 2048 1933 in
2060 1908 2162 1935 aestiua

21 1936 100 1969 ciret,
140 1937 187 1964 uid
207 1938 327 1973 saperent
356 1938 530 1972 margaritae,
556 1938 671 1971 singulos
691 1938 804 1963 vniones
823 1937 946 1963 conuiuis
964 1937 1053 1964 absor-
1065 1946 1095 1971 50
1109 1938 1205 1964 milite.
1243 1939 1339 1972 Virgil.
1354 1939 1451 1971 Georg.
1464 1947 1487 1970 3,
1502 1946 1551 1972 471
1587 1952 1634 1957 —
1652 1947 1700 1964 nec
1720 1938 1820 1972 singula
1836 1939 1928 1965 morbi
1967 1942 2088 1976 Corpora
2102 1952 2160 1969 cor-

25 1971 104 1999 endos
122 1946 205 2000 dedit.
1108 1974 1211 2007 ripiunt
1219 1993 1227 2005 ‚
1242 1973 1285 1999 sed
1299 1979 1354 1999 tota
1367 1973 1465 1998 aestiua
1478 1978 1594 2006 repente.
1638 1973 1686 1998 Vbi
1698 1973 1807 1999 Seruius
1815 1993 1824 2006 ,
1845 1975 1915 2000 Loca
1933 1977 2022 2009 posuit
2042 1986 2092 2012 pro
2105 1979 2161 2004 ani.

44 2015 65 2035 Α
75 2015 91 2035 E
101 2015 113 2035 s
123 2015 142 2036 ο
153 2016 167 2035 Ρ
177 2016 192 2035 E
201 2016 222 2035 v
231 2016 244 2036 s
270 2013 297 2034 et
324 2014 345 2034 A
356 2014 372 2034 E
381 2015 394 2034 s
403 2014 444 2034 01²
454 2014 492 2033 1v
501 2014 514 2033 s
523 2027 531 2039 ,
553 2006 613 2033 Adi.
645 2004 817 2041 ['Aianinnos]
855 2007 913 2032 Seri.
929 2007 960 2032 de
973 2007 1051 2032 Cons.
1107 2008 1232 2033 malibus.
1269 2008 1374 2033 Aestiua
1391 2012 1480 2033 autem
1500 2009 1559 2034 sunt
1577 2007 1635 2033 loca
1654 2007 1796 2041 vmbrosa,
1816 2009 1845 2035 in
1860 2009 1958 2044 quibus
1975 2021 2024 2046 per
2037 2013 2161 2041 aestatem

21 2042 39 2070 ’ὃ
51 2043 123 2076 Poly.
139 2052 167 2078 17
186 2053 226 2078 pr.
253 2044 319 2070 Non
330 2042 430 2074 aude0‚
445 2043 549 2077 inquit,
563 2050 645 2077 vsque
659 2050 692 2068 eo
705 2049 730 2068 te
742 2043 903 2078 producere,
919 2046 947 2064 vt
961 2040 1052 2065 Fabel-
1105 2050 1201 2076 pecora
1219 2042 1306 2067 vitant
1324 2042 1386 2068 solis
1403 2042 1529 2069 calorem.
1565 2043 1684 2069 Aestiuas
1699 2044 1830 2078 pastiones
1849 2052 1922 2072 vocat
1935 2047 2022 2074 Varro
2042 2048 2074 2075 de
2087 2050 2118 2076 R.
2127 2051 2159 2078 R.

21 2071 42 2106 '1⁵
57 2088 180 2114 quoque,
194 2086 220 2105 et
232 2080 362 2113 Aeso1³⁰0s
376 2078 460 2112 logos,
476 2079 633 2104 intentatum
646 2077 772 2101 R0m³¹¹15
787 2076 902 2106 ingenus
914 2082 994 2114 09⁰⁵,
1011 2074 1051 2099 ΓΟ·
1104 2085 1131 2108 2,
1145 2085 1171 2108 2,
1184 2085 1209 2109 9.
1253 2077 1309 2103 Cic.
1325 2079 1401 2104 Verr.
1416 2086 1439 2111 ς,
1454 2086 1486 2111 95
1505 2079 1542 2105 Ac
1555 2079 1644 2114 primo
1657 2079 1689 2106 ad
1705 2080 1752 2106 illa
1763 2080 1861 2107 aestiua
1875 2082 2009 2110 Praetoris
2023 2085 2160 2113 accedunt.

29 2120 54 2141 ta
66 2114 118 2141 tibi
132 2115 266 2141 venustate
280 2113 424 2140 connec'tas.
462 2110 660 2146 Phaedrussuas
667 2109 774 2144 fabulas
788 2118 837 2134 non
852 2108 922 2134 modo
935 2118 962 2134 tn
975 2110 1050 2135 titulo
1064 2116 1092 2142 55
1105 2112 1219 2147 sunaph,
1241 2114 1280 2139 De
1293 2114 1345 2139 1000
1358 2115 1526 2149 volnpguario·
1566 2115 1612 2142 Sed
1623 2115 1653 2141 de
1667 2113 1758 2149 castris
1772 2117 1828 2143 Cic⁸
1844 2118 1917 2144 pam.
1930 2125 1957 2152 7²
1973 2128 2002 2152 14
2023 2120 2069 2147 Sin
2085 2121 2160 2148 aesti-

31 2150 131 2185 ιῖι’(-ἻΡῘὸς
143 2157 227 2180 UOC‘nr
241 2150 285 2176 vbi
296 2149 347 2175 ΨΑ·
361 2147 516 2180 schff'rusi
529 2145 664 2181 sed'fffflm
683 2152 705 2177 5,
721 2152 731 2170 1
751 2144 768 2170 s-
784 2149 825 2176 81,
840 2152 861 2170 11
882 2145 1050 2184 Q³S⁴Aes0-
1103 2157 1202 2175 vorum
1218 2148 1301 2175 timor
1316 2154 1342 2175 te
1356 2149 1494 2182 debilitat,
1509 2150 1614 2185 aliquid
1628 2151 1764 2186 excogita,
1780 2158 1809 2178 vt
1823 2153 1909 2179 fecisti
1930 2154 1962 2180 de
1975 2155 2122 2184 Britannia,

25 2194 75 2218 eas,
87 2194 141 2212 non
153 2185 258 2218 Aesopi,
271 2183 398 2212 nomin03
416 2181 494 2215 Qiafi
509 2189 601 2216 paucas
613 2180 768 2213 ostenderit,
781 2189 832 2215 ego
843 2179 931 2214 plures
945 2180 1049 2208 dissero.
1141 2191 1162 2211 A
1173 2192 1240 2212 Es‘r
1250 2192 1259 2211 1
1270 2192 1291 2210 V
1300 2191 1316 2211 Ε
1326 2205 1333 2216 ,
1353 2184 1423 2212 Adu.
1443 2186 1525 2212 Plaut.
1551 2187 1624 2214 Men.
1638 2196 1664 2220 2,
1677 2196 1702 2220 1,
1716 2196 1751 2221 29
1771 2189 1841 2215 Cum
1854 2189 1968 2224 inspicio
1981 2192 2160 2228 Marfupium,

22 2221 129 2256 ¹esopias
140 2224 213 2246 ctiam
226 2221 337 2246 nominat
347 2218 470 2244 Priscian.
479 2226 504 2252 p.
512 2225 581 2249 1329,
589 2224 624 2251 27
644 2216 744 2252 Purfih.
1102 2220 1223 2247 viaticati
1236 2219 1379 2248 admodum
1392 2221 1489 2248 aestiue
1503 2223 1606 2254 sumus,
1627 2226 1645 2249 i.
1664 2225 1786 2251 Tenuiter
1804 2224 1933 2252 admodum
1952 2234 1975 2252 et
1988 2234 2079 2262 parce,
2099 2232 2160 2265 quia

22 2258 23 2281 ξ
43 2262 168 2297 Ai-:sqv
177 2263 186 2282 1
195 2262 211 2282 1.
220 2263 230 2282 1
240 2261 303 2287 ΑΕ,
335 2253 389 2280 vid.
410 2260 427 2280 Ε
437 2261 455 2280 x
465 2260 514 2292 Qv
524 2260 533 2279 i
542 2259 559 2278 L
570 2259 608 2279 1A
617 2259 644 2278 E.
921 2289 925 2293 ¹
1097 2263 1146 2292 per
1158 2254 1272 2289 aestatem
1285 2260 1335 2284 iter
1341 2257 1501 2294 facientibus
1510 2259 1672 2294 paucioribus
1686 2269 1699 2286 o
1716 2269 1746 2285 us
1757 2257 1800 2293 ‘st-
1837 2261 1890 2287 vid.
1904 2261 2028 2290 Turneb.
2042 2269 2078 2297 18,
2092 2272 2127 2297 15.

22 2302 23 2310 .
45 2298 143 2320 ABST
151 2298 210 2324 As,
235 2290 341 2326 [θέρος]
378 2288 486 2317 Secunda
500 2298 528 2314 ex
542 2294 648 2324 quatuor
663 2290 725 2314 anni
735 2286 868 2323 partibus:
890 2287 948 2314 olim
967 2291 1088 2317 tamen60
1140 2299 1187 2319 ΑΕ
1196 2300 1209 2319 s
1218 2300 1239 2319 T
1249 2300 1288 2319 iv
1298 2299 1343 2320 AL
1353 2301 1362 2320 1
1372 2300 1384 2320 s
1393 2314 1401 2326 ‚
1420 2302 1443 2320 e.
1482 2294 1549 2320 Idem
1566 2294 1632 2330 quod
1642 2266 1760 2328 Aeffiuus
1780 2296 1925 2330 Hyg.Astr.
1933 2306 1956 2330 3,
1970 2306 2015 2333 24.

21 2315 69 2354 lars
80 2329 140 2353 armi
153 2325 266 2353 dimidia.
284 2324 415 2353 Secundum
427 2325 492 2352 hanc
503 2323 643 2358 diuifioncm
656 2321 736 2356 aestas
749 2326 841 2358 inczPit
854 2332 869 2349 a
882 2332 958 2349 verno
968 2327 1049 2360 aequi·
1140 2335 1161 2354 A
1170 2335 1188 2355 Ε
1196 2335 1209 2354 s
1221 2335 1242 2355 T
1253 2330 1267 2354 1‘
1276 2336 1296 2355 v
1304 2335 1323 2355 Ο
1331 2348 1338 2360 ,
1360 2332 1413 2356 z‘ire.
1451 2328 1497 2357 Ad
1509 2328 1599 2363 aestum
1618 2331 1750 2357 vitandum
1768 2332 1861 2359 alicubi
1875 2337 1979 2360 morari.
2015 2335 2082 2363 Plin.
2093 2345 2131 2370 12,
2142 2345 2157 2370 5

23 2359 110 2391 {oblim
122 2361 217 2398 finitur·
230 2368 308 2388 autem
320 2359 475 2396 aequinobiio
490 2361 636 2386 autumnali.
674 2359 771 2394 Virgil.
787 2360 885 2393 Georg.
900 2366 924 2391 3,
936 2360 986 2392 296
1006 2361 1048 2386 In·
1103 2363 1176 2390 Intra
1189 2364 1275 2398 sepem
1290 2373 1348 2391 eam
1362 2364 1491 2391 aestiuant
1504 2365 1619 2400 pastores
1628 2386 1636 2399 ,
1657 2375 1766 2402 opacam
1781 2368 1881 2402 pariter
1901 2375 1927 2395 et
1940 2371 2071 2399 munitam
2085 2373 2158 2399 vallo

23 2393 126 2432 *ipiens‚
140 2396 245 2424 stabulis
258 2396 333 2423 edico
348 2397 376 2423 in
388 2396 513 2423 mollibus
527 2394 638 2422 herbam
674 2395 789 2430 Carpere
809 2404 888 2427 oues,
907 2395 970 2421 dum
983 2404 1048 2422 mox
1103 2398 1218 2426 arboris,
1255 2400 1342 2426 van-0
1354 2399 1386 2426 de
1399 2401 1465 2427 KR,
1478 2409 1504 2434 2,
1517 2410 1544 2434 2,
1558 2410 1575 2435 9
1594 2402 1666 2429 Nam
1680 2402 1751 2429 mihi
1765 2412 1856 2439 greges
1876 2404 1905 2431 in
1917 2406 2015 2440 Apulia
2032 2408 2158 2436 hibema-

28 2431 136 2460 rondosa
150 2432 283 2460 reducitur
300 2432 386 2460 aestas.
462 2431 509 2461 Vbi
529 2432 651 2462 Seruius,
671 2434 689 2457 i.
704 2432 795 2458 Donec
813 2439 926 2457 vernum
945 2436 1050 2466 teinpus
1103 2433 1183 2467 bant,
1212 2435 1259 2469 qui
1278 2436 1307 2462 in
1325 2436 1444 2462 Reatinis
1463 2437 1602 2464 montibus
1621 2438 1794 2465 aestiuabant.
1848 2440 1912 2467 Stat.
1932 2441 1996 2468 Silu.
2015 2452 2052 2478 4,
2071 2453 2105 2478 4,
2124 2454 2158 2472 22,

30 2468 144 2496 dueniat.
178 2468 247 2496 Nam
261 2477 308 2495 ver
321 2473 346 2495 et
357 2468 451 2501 aestas,
472 2468 534 2495 sicut
547 2468 629 2494 etiam
641 2466 726 2494 hiems
744 2473 770 2494 et
788 2473 945 2498 autumnus,
966 2475 1048 2493 vnum
1058 2472 1090 2503 ὅς
1103 2484 1148 2490 .-
1169 2471 1254 2497 Latiis
1273 2471 1384 2498 uestium
1400 2472 1430 2498 in
1442 2472 1507 2500 0515,
1545 2473 1619 2510 Confi
1628 2473 1720 2501 Theb·
1735 2483 1758 2508 ς,
1774 2477 1810 2501 [6.
1849 2477 1943 2512 Itaque
1955 2487 2046 2514 greges
2061 2481 2158 2507 ouium

29 2511 86 2531 rant
99 2503 236 2531 sec-undum
248 2504 378 2531 rationem
391 2502 586 2539 hemisphaerii.
623 2505 710 2530 Varro
724 2503 756 2529 de
769 2503 799 2529 L.
807 2503 837 2528 L.
847 2510 870 2535 5,
886 2510 912 2542 9.ι
922 2501 964 2528 Ab
978 2502 1050 2528 aestu
1104 2505 1183 2540 longe
1203 2506 1349 2541 abiguntur
1366 2516 1398 2534 ex
1410 2508 1507 2543 Apulia
1525 2509 1682 2536 aestiuatum
1696 2511 1772 2537 Varr.
1785 2510 1818 2537 de
1831 2511 1862 2539 R.
1873 2513 1904 2539 R.
1922 2522 1955 2546 2,
1969 2523 1979 2540 1
1988 2534 1996 2547 ‚
2012 2518 2049 2542 16,
2087 2517 2157 2544 pun,

28 2539 106 2573 ἕως,
119 2539 179 2567 hine
191 2540 331 2567 aestiuum:
351 2539 399 2567 nist
413 2540 483 2567 forte
497 2548 512 2567 a
524 2540 627 2567 Graeco
639 2538 757 2565 αῗθεθαι-
796 2538 859 2579 Nox
874 2538 942 2570 fust,
959 2544 985 2564 et
998 2538 1048 2579 cle,
1102 2550 1130 2575 9,
1145 2550 1170 2574 15
1190 2542 1273 2569 Multi
1285 2543 1314 2569 in
1327 2543 1490 2578 Propontide
1501 2545 1638 2572 aestiuant.
1675 2548 1714 2572 De
1726 2547 1840 2581 thynnis.
1875 2550 1957 2574 Etiam
1967 2549 1997 2576 de
2009 2551 2158 2585 hominibus,

28 2584 85 2602 ΚΜ
97 2584 184 2609 mare,
197 2581 223 2611 st
235 2576 298 2602 mni
309 2576 389 2603 &estiis
399 2575 469 2603 Gell·
483 2584 508 2609 2,
521 2584 558 2602 21·
594 2574 662 2603 Add-
677 2583 746 2608 19³3·
784 2574 936 2614 Pl¹¹¹212219
957 2574 1048 2601 Austri
1102 2585 1133 2604 vt
1151 2578 1265 2605 Cutilias
1286 2588 1314 2606 ac
1333 2579 1445 2606 Reatina
1465 2589 1543 2613 rura,
1562 2580 1611 2608 vbi
1631 2581 1759 2609 aestiuare
1781 2584 1923 2617 quotannis
1943 2585 2060 2620 solebat,
2078 2589 2158 2623 petiit

28 2610 56 2638 bi
67 2616 121 2638 tam
133 2610 254 2637 ardenter
265 2612 343 2643 flant,
359 2617 390 2637 vt.
401 2610 539 2637 aestatibus
552 2610 627 2638 siluas
641 2610 791 2637 accendant.
828 2609 924 2644 Virgil.
941 2610 1007 2637 Aen.
1022 2619 1048 2642 2,
1103 2613 1173 2640 Suet.
1185 2615 1260 2650 Vesp.
1275 2624 1296 2642 c.
1310 2623 1355 2649 24.
1392 2616 1562 2650 Tusculum,
1582 2616 1631 2644 vbi
1644 2617 1774 2645 aestiuare
1792 2619 1983 2655 consueuerat,
2002 2624 2092 2650 auexit
2117 2625 2155 2651 1d,

29 2653 68 2680 07
81 2680 86 2685 ι
102 2660 147 2673 ·.—-
168 2654 228 2672 nam
246 2651 272 2672 te
286 2645 344 2672 viam
356 2646 465 2680 septima
481 2652 567 2681 portat
608 2646 740 2673 Omnibus
758 2652 891 2673 errantem
908 2646 1001 2679 terris,
1023 2652 1087 2683 et70
1103 2649 1179 2676 Galb.
1197 2659 1218 2676 c.
1231 2659 1258 2684 4.
1296 2651 1433 2678 Aestiuans
1446 2651 1484 2678 sol
1498 2652 1557 2679 Coi.
1567 2662 1598 2685 ιι,
1614 2662 1639 2685 2,
1654 2656 1696 2687 69.
1715 2657 1734 2680 i.
1749 2653 1870 2691 insignis
1880 2654 1982 2689 aestiuis
1992 2668 2156 2687 commorans.

28 2679 138 2708 {utilibus
151 2680 245 2711 aestas,
255 2683 274 2707 i.
285 2681 404 2716 Septimus
417 2690 504 2708 annus.
541 2681 664 2716 Aestates,
676 2688 702 2710 et
715 2691 781 2718 quae
796 2681 947 2708 decolorem
961 2687 1048 2708 cutem
1139 2692 1186 2712 ΑΕ
1194 2693 1207 2713 s
1215 2693 1237 2713 T
1247 2693 1286 2713 iv
1296 2694 1318 2713 A
1327 2694 1348 2714 T
1359 2695 1369 2713 1
1378 2694 1412 2719 ο,
1434 2687 1502 2714 onis.
1539 2688 1703 2716 Commoratio
1715 2692 1744 2716 in
1757 2688 1859 2722 aestiuis
1872 2692 1944 2718 locis.

28 2717 129 2749 sciunt,
148 2715 239 2743 fimum
257 2716 336 2743 vituli
355 2725 413 2743 cum
431 2717 492 2744 oleo
512 2722 538 2744 et
552 2719 652 2752 gummi
670 2727 750 2746 manu
769 2717 906 2744 subadffim
926 2717 1047 2744 emendat
1139 2728 1207 2749 AES
1217 2729 1238 2749 T
1247 2729 1315 2749 IVA
1325 2730 1344 2749 R
1355 2730 1364 2749 1
1375 2730 1446 2756 VM,
1465 2724 1483 2750 i.
1506 2732 1532 2750 n.
1570 2724 1637 2751 Idem
1651 2725 1716 2760 quod
1728 2725 1844 2753 Aestiua.
1882 2729 1959 2755 Varr,
1972 2729 2045 2756 KR,
2059 2739 2083 2764 3,
2097 2737 2156 2766 17‚8

33 2752 79 2779 lin.
92 2757 133 2785 28,
147 2760 174 2779 12
191 2753 210 2779 s.
226 2760 257 2785 50
276 2752 389 2779 Aestates
402 2753 509 2788 appellat
519 2760 564 2789 per
576 2757 746 2789 metonymiam
764 2755 886 2786 maculas,
908 2762 968 2789 quas
983 2754 1048 2781 Solis
1102 2757 1158 2783 Hac
1172 2757 1275 2784 incuria
1286 2758 1410 2786 laborare
1425 2759 1514 2786 aiebat
1525 2760 1563 2786 M.
1579 2760 1720 2787 Lucullum
1734 2761 1890 2790 Hortensius
1896 2783 1905 2797 ,
1923 2770 1950 2791 et
1968 2765 2080 2800 piscinas
2098 2768 2156 2794 eius

25 2788 100 2822 J'eruar
110 2795 134 2814 et
144 2785 222 2822 aestas
235 2788 395 2824 elicerefhlet.
431 2788 529 2816 Adulta
542 2789 636 2823 aestas,
658 2790 710 2817 vid.
732 2799 753 2818 A
763 2798 781 2818 D
790 2797 835 2816 VL
845 2796 866 2816 T
876 2796 928 2816 vs.
962 2791 1046 2816 Atrox
1102 2792 1278 2828 despiciebat,
1291 2794 1364 2829 quod
1376 2795 1518 2822 aestiuaria
1531 2795 1628 2823 idonea
1643 2806 1697 2824 non
1711 2796 1830 2825 haberet.

29 2822 149 2851 'laudiam
171 2843 180 2852 .
199 2843 206 2850 .
228 2843 235 2850 .
276 2823 358 2851 Catal.
372 2824 446 2859 virg.
465 2825 498 2851 de
516 2832 630 2860 quatuor
646 2826 810 2862 temporibus
830 2825 910 2865 anni,
957 2825 1047 2860 Spicea
1055 2837 1087 2864 75
1137 2836 1333 2863 AESTiMo,
1363 2832 1404 2857 vel
1433 2838 1643 2865 AESTVMO,
1679 2833 1768 2869 (quod
1789 2837 1903 2870 antiquis
1919 2835 1981 2871 sere
1999 2837 2109 2872 placuit,
2125 2845 2155 2865 vt

26 2865 80 2922 ἰηᾱ
94 2859 162 2895 gerit
180 2858 329 2887 calidiffima
348 2859 446 2887 solibus
464 2861 552 2888 aestas.
625 2863 737 2889 Feruens
759 2861 895 2889 Claudian.
910 2861 950 2887 Pr.
966 2862 1044 2888 Cons.
1102 2865 1126 2892 O
1146 2868 1251 2898 tumus‘,
1269 2867 1431 2899 Maxumus)
1459 2871 1513 2894 gre.
1549 2868 1667 2904 [νημρζεγ]
1705 2869 1774 2896 Idem
1794 2870 1859 2906 quod
1878 2871 2014 2905 perpendo
2020 2892 2030 2905 2
2049 2874 2154 2900 trutino

41 2895 68 2922 il.
84 2897 141 2929 461.
196 2895 398 2930 Flagrantiffima
410 2896 505 2924 aestate
517 2897 580 2924 anni
593 2898 659 2925 Gell.
676 2907 714 2932 19,
730 2907 742 2931 3
763 2908 801 2933 pr.
856 2897 963 2924 Florens
975 2897 1044 2924 Pedo
1099 2874 1144 2935 eff.3
1163 2901 1276 2933 videtur,
1296 2905 1394 2928 nomine
1415 2902 1445 2929 ab
1465 2912 1526 2930 aere
1545 2902 1633 2936 dubio,
1650 2908 1737 2940 pretio
1758 2915 1839 2932 rerum
1858 2913 2019 2933 caeterarum.
2063 2910 2154 2935 Vtrum

46 2929 102 2958 bin.
126 2930 159 2958 de
181 2930 258 2959 obitu
277 2932 443 2960 Maecenatis.
517 2934 643 2960 Formosa
663 2934 782 2961 messibus
809 2933 891 2960 Ouid.
917 2932 948 2959 de
968 2934 1043 2961 Rem.
1098 2945 1155 2964 vero
1165 2935 1289 2973 posterior
1297 2944 1363 2973 pars
1375 2938 1447 2965 verbi
1458 2939 1488 2965 ab
1503 2939 1554 2976 ipso
1568 2940 1650 2973 τιμαίω
1660 2939 1713 2974 fit,
1729 2941 1794 2976 quod
1800 2942 1886 2975 placet
1899 2940 1987 2976 Voffio‚
2001 2942 2155 2971 vehementer

37 2975 104 2994 mor·
118 2972 143 2997 18
163 2986 170 2994 -
225 2968 287 2994 Stat·
301 2967 363 2994 Silu·
381 2977 411 3001 3,
431 2976 460 3002 ς,
482 2973 510 3002 83
538 2972 565 2996 in
580 2969 693 2997 laudibus
709 2971 843 3006 Neapolis,
863 2968 952 3002 SedeS,
973 2970 1044 3004 Qlas
1099 2972 1196 2999 dubium
1208 2973 1271 3000 illud
1276 2974 1364 3010 facit,
1385 2974 1451 3011 quod
1460 2974 1500 3009 fic
1519 2974 1574 3008 cffi‘t
1592 2985 1641 3002 vox
1661 2976 1782 3010 hybrida,
1801 2983 1825 3002 et
1861 2976 1909 3003 uod
1924 2984 2050 3014 repugnat
2067 2979 2154 3007 modus

51 2975 250 3036 mollisbiems,
268 3009 294 3030 et
305 3003 413 3039 Frigida
426 3010 554 3040 temperat
567 3005 657 3033 aestas.
712 3005 846 3033 Frondosa
859 3005 933 3045 Virg-
948 3005 1044 3046 Georg.
1053 3015 1085 3041 80
1092 3008 1206 3045 syllabae
1221 3011 1388 3045 penultimae,
1410 3019 1469 3046 quae
1488 3014 1516 3037 in
1531 3012 1621 3038 Graeco
1641 3012 1714 3038 verbo
1733 3013 1808 3048 longa
1820 2985 1862 3045 eff.
1900 3013 1984 3048 Quare
1994 3015 2077 3040 malim
2090 3015 2155 3042 illud

35 3057 44 3070 ,
58 3039 119 3071 296.
173 3038 245 3065 Idem
262 3047 295 3072 2,
314 3047 365 3075 377
400 3055 445 3061 -—-
473 3041 560 3076 grauis
587 3041 741 3069 incumbens
774 3041 885 3075 scopulis
910 3041 1044 3068 arentibus
1098 3045 1167 3071 timo
1186 3047 1227 3072 vel
1246 3050 1321 3072 tumo
1339 3044 1382 3079 effi
1397 3044 1587 3081 produb'lionem
1606 3054 1705 3073 tantum
1726 3051 1806 3080 verbi,
1824 3055 1855 3074 vt
1877 3050 1904 3074 in
1923 3054 2048 3082 autumo,
2075 3057 2105 3077 vt
2124 3054 2152 3078 in

27 3063 102 3136 bstas.
156 3073 234 3108 Ignea
249 3075 342 3102 Horat.
360 3076 448 3103 Carm.
468 3085 494 3110 ι,
515 3084 558 3112 17,
578 3085 603 3105 2.
660 3079 722 3105 Stat.
744 3075 834 3104 Theb.
856 3086 884 3109 3,
905 3082 949 3110 258
979 3078 1044 3105 Non
1098 3081 1238 3107 nominibus
1251 3081 1348 3114 tinius,
1360 3084 1388 3108 in
1405 3081 1556 3117 legitimus,
1577 3082 1729 3109 maritimus
1748 3091 1794 3109 etc.
1837 3081 1879 3117 Est
1897 3086 1978 3120 igitur
1995 3085 2152 3121 aestimare,

42 3117 85 3135 cus
106 3116 135 3135 ac
152 3108 229 3144 longa
246 3116 385 3138 ventorum
410 3121 472 3147 pace
491 3113 605 3140 solutum
623 3113 732 3149 Aequor
762 3128 806 3133 —
842 3112 941 3140 Mulcet
971 3115 1044 3140 Iners
1098 3115 1266 3150 considerare,
1286 3124 1309 3143 et
1321 3127 1348 3144 re
1356 3119 1478 3154 perpensa
1492 3122 1600 3154 pretium
1614 3118 1654 3144 illi
1662 3116 1795 3151 statuere,·
1815 3118 1881 3155 quod
1897 3122 1947 3145 iam
1967 3123 2082 3157 exemplis·
2095 3133 2154 3150 con-

27 3144 108 3207 pstas,
139 3147 158 3171 i.
176 3144 292 3186 placida,
310 3155 358 3173 non
376 3154 423 3173 tem
441 3146 540 3185 estuosa.
595 3150 691 3185 Iniqua
714 3148 845 3188 Columel.
866 3157 902 3175 ιο.
946 3150 996 3176 Vir
1015 3150 1044 3176 il.
1092 3150 1183 3185 stabit.
1220 3153 1352 3188 QiinEtil.
1366 3162 1396 3186 2,
1415 3162 1455 3187 13,
1474 3163 1497 3186 13
1519 3154 1670 3181 Consumtis
1689 3154 1845 3186 affeetibus,
1866 3163 1921 3181 non
1939 3157 2075 3191 reperiens
2096 3168 2152 3194 quo

38 3189 110 3215 eorg.
125 3188 154 3213 3,
173 3188 219 3212 322
240 3180 274 3207 At
291 3189 356 3209 vero
368 3183 419 3218 Zep
439 3184 493 3216 yris
513 3193 595 3220 quum
609 3186 689 3212 Laeta
705 3183 861 3212 vocantibus
877 3184 964 3212 aestas·
1024 3186 1045 3212 i·
1059 3196 1087 3225 8,-
1101 3187 1180 3222 digne
1193 3189 1275 3216 modo
1287 3189 1392 3216 vultum
1405 3190 1487 3224 patris
1503 3191 1583 3225 posset
1597 3190 1762 3225 exprimere,
1775 3190 1876 3216 velauit
1889 3190 1945 3218 eius
1959 3198 2052 3227 caput,
2067 3200 2092 3221 et
2102 3196 2152 3222 suo

32 3215 94 3256 uida
111 3215 148 3242 Id.
162 3216 263 3256 Ceorg.
278 3225 306 3250 4,
319 3224 349 3258 59
367 3220 385 3245 i.
398 3220 492 3246 Serena.
533 3220 571 3247 Id.
592 3220 628 3248 ib.
648 3230 673 3255 1,
690 3229 731 3253 312
754 3221 840 3255 Atque
858 3220 904 3248 vbi
919 3221 972 3248 iam
986 3220 1046 3248 bre·
1101 3225 1227 3259 cuiusque
1244 3225 1335 3252 animo
1349 3225 1422 3252 dedit
1435 3225 1634 3252 aestimandum.
1661 3224 1823 3258 Aestimabo,
1838 3234 1871 3252 an
1884 3226 1979 3255 debeas
1991 3231 2150 3264 cognoscere

43 3260 127 3287 orque
141 3250 211 3284 dies,
231 3258 257 3278 et
270 3252 381 3280 Mollior
392 3254 478 3281 aestas.
514 3255 554 3283 Id.
568 3257 633 3284 Aen.
648 3267 674 3290 1,
687 3266 738 3290 430
759 3255 853 3289 Qualis
872 3265 930 3291 apes
950 3257 1045 3289 aestate
1099 3260 1214 3287 Traian.
1228 3269 1268 3296 ap.
1283 3260 1349 3287 Plin.
1364 3261 1444 3296 Epist.
1459 3270 1504 3294 10,
1523 3267 1565 3297 78.
1614 3261 1705 3294 Vltra,
1727 3268 1806 3296 quam
1826 3261 1959 3290 aestimari
1978 3265 2063 3299 potest
2081 3267 2147 3293 Aur.

42 3295 93 3314 oua
106 3295 152 3322 per
166 3288 247 3314 florea
260 3295 322 3314 rura
358 3289 464 3316 Exercet
476 3290 522 3318 sub
535 3291 588 3319 sole
602 3292 687 3320 labor.
748 3293 795 3318 Vbi
808 3292 928 3326 Seruius,
943 3293 1045 3321 Aestate
1099 3295 1204 3323 vietor.
1220 3297 1289 3332 Epit.
1310 3306 1332 3323 c.
1347 3299 1391 3324 60.
1428 3297 1497 3324 Add.
1512 3298 1585 3324 Caes.
1600 3298 1628 3324 B.
1642 3298 1673 3324 G.
1694 3305 1722 3329 3,
1738 3305 1773 3323 20
1796 3297 1940 3332 Aquitania
1961 3306 1988 3326 et
2006 3301 2150 3336 regionum

28 3331 97 3358 10u³=
117 3323 185 3350 Bene
192 3332 271 3355 ⁰0⁰³,
281 3324 344 3358 quia
352 3323 388 3350 est
398 3330 422 3351 et
434 3325 535 3360 adulta,
553 3333 580 3354 et
593 3337 714 3364 praeceps
730 3327 870 3355 secundum
886 3328 1043 3357 Sallustium.
1100 3331 1255 3365 latitudine,
1275 3338 1301 3359 et
1312 3332 1486 3359 multitudine
1501 3333 1657 3365 hominum,
1676 3340 1708 3358 ex
1722 3332 1802 3359 tertia
1815 3340 1888 3368 parte
1901 3335 2014 3363 Galliae.
2024 3337 2060 3363 est
2074 3337 2148 3364 aesti-

41 3358 118 3386 icitur
135 3364 222 3386 autem
240 3359 319 3386 aestas
337 3368 423 3393 noua,
444 3362 531 3396 primo
548 3363 649 3391 aestatis
666 3365 754 3391 mense
768 3373 773 3388 :
798 3363 901 3397 adulta,
919 3365 1084 3402 secundo:90
1100 3368 1210 3400 manda,
1231 3372 1249 3395 i.
1260 3375 1309 3404 pro
1323 3371 1401 3396 tertia
1413 3375 1489 3404 parte
1501 3369 1618 3400 habenda,
1632 3374 1712 3398 tanta,
1744 3375 1819 3395 nanta
1832 3368 1866 3403 esi
1878 3374 1955 3398 tertia
1963 3378 2031 3408 pars
2044 3373 2148 3400 Galliae.

33 3399 132 3429 racceps
144 3395 187 3422 vel
200 3402 332 3428 extrema,
346 3396 437 3422 tertio.
461 3396 530 3424 Add.
544 3398 615 3427 Seru.
628 3400 660 3427 ad
670 3401 766 3435 Georg.
776 3408 795 3432 1,
804 3408 857 3432 43..
880 3400 1043 3437 Catal.Virg.
1099 3404 1252 3438 Martial.4,
1260 3406 1297 3440 64
1368 3404 1439 3431 Hinc
1453 3406 1550 3440 septem
1565 3404 1687 3431 dominos
1698 3403 1727 3430 vi
1747 3412 1792 3431 ere
1802 3410 1917 3440 montes,

35 3437 49 3455 e
61 3436 172 3465 quanior
188 3430 353 3467 temporibus
367 3432 445 3465 anni,
465 3432 552 3460 Stabat
563 3433 643 3462 Nuda
654 3437 742 3469 aestas,
757 3441 783 3462 et
797 3436 881 3470 spicea
893 3436 958 3464 serta
970 3446 1043 3472 gere·
1365 3441 1397 3467 Et
1409 3446 1494 3467 totam
1507 3441 1569 3467 licet
1581 3439 1718 3466 aestimare
1732 3440 1855 3474 Romam,

21 3490 24 3497 ,
37 3469 71 3495 at.
104 3465 164 3493 Liu.
185 3486 192 3493 .
214 3485 222 3493 .
242 3486 249 3494 .
287 3467 384 3494 Grauis
415 3468 586 3504 pestilensque
618 3471 742 3498 omnibus
769 3470 926 3500 animalibus
956 3473 1043 3500 aestas.
1283 3467 1286 3474 ’
1369 3475 1485 3503 Albanos
1498 3484 1614 3511 quoque,
1623 3475 1810 3511 Tusculosque
1822 3477 1910 3505 colles.
1992 3477 2146 3510 Aestimate,

51 3507 135 3564 mentes
141 3502 337 3566 i'ufficgutlieelggs
357 3504 446 3566 Igloigtt.
460 3548 477 3565 n
504 3505 757 3570 alguals·bGeorg(i
780 3516 807 3541 1,
829 3509 868 3569 616¹
896 3507 1044 3571 Glsebasque
1099 3513 1120 3573 ἒ
1132 3511 1210 3573 otialis
1221 3514 1308 3538 metiri
1322 3518 1346 3538 et
1345 3519 1502 3574 [pompa-rare
1518 3522 1571 3573 ςὲηι
1585 3512 1645 3572 ιὲίίι·
1656 3511 1783 3574 vrbibicsff
1802 3513 1858 3554 Cic.
1872 3515 1948 3574 versi
1964 3520 2056 3574 32112513
2076 3523 2098 3540 c·
2111 3523 2146 3548 92

344 3549 356 3566 c
396 3549 413 3566 u
479 3549 502 3566 ia
560 3549 571 3567 s
629 3550 637 3567 i
657 3551 687 3569 us
774 3553 793 3570 s.
870 3551 908 3570 or.
995 3565 1001 3572 .
1566 3556 1575 3572 s
1610 3554 1642 3572 en
1674 3555 1707 3573 iis
1958 3557 1999 3574 me
2064 3569 2071 3576 .

27 3523 94 3628 ζμ
126 3586 171 3593 —·
191 3573 237 3601 ille
251 3575 366 3602 salubres
377 3549 517 3603 qustates
536 3582 656 3611 peraget,
673 3552 820 3614 q'uaieniigris
835 3553 1047 3613 prandiaeriiinorzis
1055 3557 1088 3584 95
1094 3553 1477 3619 fssunigritberiblbgiteur.monms
1491 3554 1580 3619 mfluz
1612 3554 1877 3617 Qagfflpelsrxguss
1889 3557 1938 3610 PSoic
1957 3583 2012 3618 egit
2018 3557 2078 3617 ,milit
2097 3552 2147 3621 uni

33 3609 117 3645 :miet-
165 3608 196 3634 V'
231 3609 238 3616 ⁶
251 3630 259 3646 .-
274 3611 339 3638 Aen.
357 3612 390 3644 6,
412 3616 462 3646 708
487 3612 525 3638 Ae
543 3611 628 3638 veluti
647 3613 676 3638 in
694 3615 792 3648 pratis,
809 3614 858 3641 vbi
878 3623 936 3650 apes
953 3617 1046 3645 aestate
1101 3627 1214 3653 poenam
1230 3619 1301 3646 suam
1315 3617 1466 3646 honoribus
1479 3618 1587 3644 summis
1600 3618 1661 3645 esset
1675 3618 1866 3646 aestimaturus.
1901 3621 1939 3646 De
1953 3620 2053 3647 Socrate
2068 3622 2147 3657 loqui-

30 3637 111 3683 {trena
143 3642 215 3681 Flori
233 3653 262 3673 us
279 3646 395 3674 inlidunt
411 3647 502 3674 variis.
559 3647 682 3674 Torrida
698 3648 737 3676 id.
750 3650 804 3677 Ecl.
820 3657 854 3685 7,
874 3658 917 3690 47.
953 3653 1045 3680 Claud.
1100 3661 1152 3681 tur.
1190 3654 1263 3690 Conf.
1285 3655 1341 3682 Cic.
1357 3654 1389 3680 de
1403 3654 1451 3680 Or.
1466 3661 1475 3679 1
1496 3662 1518 3679 c.
1532 3660 1575 3687 54.
1611 3653 1679 3680 Idem
1699 3653 1733 3688 est
1746 3655 1892 3682 Aestimare
1909 3654 1993 3680 litem.
2015 3656 2053 3682 Id.
2068 3657 2144 3684 Verr.

31 3682 53 3726 [Π
66 3675 84 3701 Ε
162 3686 206 3712 κα,
228 3699 236 3708 -
254 3699 269 3710 a
282 3701 291 3709 .
307 3715 313 3719 ν
324 3681 374 3713 Sed
386 3684 459 3718 Vaga
476 3683 581 3710 lasciuis
600 3684 694 3711 flueret
710 3683 868 3713 discursibus
884 3686 968 3716 aestas.
1003 3691 1045 3716 In·
1101 3699 1130 3723 4,
1144 3698 1178 3716 22
1198 3691 1265 3717 Caio
1280 3691 1380 3717 Catone
1394 3689 1518 3715 damnato
1531 3689 1583 3715 HS.
1605 3697 1687 3717 xvul
1707 3690 1828 3719 millibus
1843 3691 1875 3716 lis
1889 3690 2023 3717 aestimata
2036 3692 2080 3718 est.
2113 3695 2145 3720 Et

30 3716 101 3746 ,unte
161 3751 165 3754 ,
208 3720 227 3746 ’,
259 3715 311 3744 vid.
334 3725 437 3747 INEO.
491 3720 634 3754 Ingruente
660 3720 771 3753 aestate,
807 3721 862 3748 vid.
882 3729 1157 3756 iNGRvo.100mox
1175 3726 1276 3759 Quanti
1292 3725 1401 3753 Catonis
1420 3725 1464 3750 Lis
1482 3724 1616 3752 aestimata
1632 3725 1678 3752 est.
1715 3726 1789 3753 Idem
1806 3734 1834 3759 ς,
1854 3733 1888 3760 27
1911 3725 1977 3752 Non
1997 3735 2029 3753 ex
2050 3727 2144 3755 litibus

35 3744 150 3773 “stan
161 3748 236 3776 Anu
250 3752 432 3788 msffldumur
445 3764 461 3781 a
473 3755 614 3786 librariis,
643 3756 696 3783 vid.
712 3755 838 3783 Drakenb.
855 3757 890 3784 ad
901 3758 946 3787 Sil.
957 3769 982 3793 3,
992 3766 1045 3794 383.
1101 3761 1244 3788 aestimatis
1258 3762 1311 3788 tuis
1331 3760 1470 3796 pecuniam
1483 3759 1609 3794 domum,
1628 3761 1672 3788 sed
1690 3770 1721 3788 ex
1735 3768 1780 3789 tua
1795 3761 1945 3788 calamitate
1963 3762 2049 3790 cineri
2063 3770 2143 3798 atque

60 3788 308 3820 AESTATVLA‚
325 3796 364 3816 ae.
398 3791 524 3818 Diminut.
542 3791 648 3818 Cathol.
1100 3797 1196 3824 ollibus
1210 3797 1262 3824 filii
1280 3798 1322 3824 sui
1335 3796 1459 3823 solatium
1472 3796 1532 3823 vult
1544 3803 1690 3832 reportare.
1725 3798 1809 3825 Causa
1829 3797 1935 3831 cognita
1956 3799 2050 3833 capitis
2069 3799 2142 3826 abso-

58 3823 79 3843 A
89 3823 157 3846 ¹³⁵¹*
166 3818 272 3854 fVVS:
295 3823 353 3850 Adi-
378 3825 506 3865 [8εμνδς]
543 3827 616 3863 Qiod
633 3827 737 3855 aestatis
756 3825 804 3861 est,
824 3829 882 3855 licet
897 3829 928 3856 ab
946 3831 1048 3865 Aestus,
1100 3832 1187 3865 lutus,
1201 3833 1313 3868 pecunia
1325 3832 1452 3858 multatus
1466 3831 1512 3865 est,
1525 3841 1609 3868 eaque
1622 3833 1668 3860 Lis
1682 3833 1875 3868 quinquaginta
1889 3833 1996 3860 talentis
2009 3835 2143 3862 aestimata

36 3861 71 3878 ’θη
82 3852 112 3893 αὖ,
127 3853 404 3900 Affluswmatumju.
440 3862 546 3890 Aestiua
558 3863 685 3890 animalia
700 3870 776 3891 vocat
789 3864 889 3891 Puiices
903 3871 929 3892 et
939 3867 1046 3894 Pedicu-
1099 3869 1136 3895 est
1157 3869 1225 3903 Nep.
1243 3878 1262 3901 i,
1277 3876 1304 3904 7,
1323 3870 1347 3894 6.
1385 3866 1509 3894 Arbitros
1529 3868 1599 3896 inter
1617 3869 1740 3896 ciuitates
1758 3868 1817 3900 dat,
1836 3868 1884 3904 qui
1899 3869 1986 3896 Litem
2007 3870 2143 3897 aestiment

36 3895 63 3913 ⁰⁹
76 3888 228 3926 le·9‚47·
262 3891 321 3929 le·
333 3902 362 3922 m
374 3896 392 3923 1.
407 3905 426 3924 i.
446 3897 479 3924 D.
497 3897 530 3925 de
549 3907 617 3934 aqua
636 3899 741 3934 quotid.
759 3906 785 3927 et
798 3900 906 3929 aestiua.
926 3901 1042 3939 Aestiua,
1051 3913 1266 3945 105poenamque
1278 3903 1438 3932 constituant
1451 3904 1524 3931 Caes.
1537 3905 1566 3932 B.
1582 3905 1615 3932 G.
1630 3912 1654 3939 5,
1667 3913 1679 3931 1
1697 3911 1761 3932 extr.
1797 3903 1867 3931 Ada.
1881 3904 1900 3931 l.
1914 3913 1943 3932 21
1964 3903 1988 3943 §.
2000 3905 2050 3933 vlt.
2063 3905 2096 3931 D.
2109 3905 2142 3932 de

1398 3939 1420 3965 Y
1458 3947 1478 3966 2
2047 3940 2143 3975 pigno·
