2474 4182
18 2521 19 2524 ¹
64 2511 151 2537 dendo
164 2509 414 2537 corroborauerunt.

475 144 511 186 <2
594 143 631 184 C)
707 141 738 181 R

77 248 126 277 qno
137 245 221 276 genere
234 235 387 268 morborum,
406 234 435 261 de
448 232 536 270 quibus
554 229 646 258 abtum.
813 262 819 268 ,
841 225 862 266 ff
883 235 907 268 2,
935 228 1048 263 Mctaph.
1069 234 1120 263 pro

78 276 207 310 obiurgare
214 274 319 308 ponitur
336 271 495 305 Corripere,
515 275 544 294 υι
557 262 746 301 Reprehendere.
782 262 848 304 Plut.
862 263 972 303 Epist-3,
987 273 999 296 5
1018 265 1120 303 Repeto

81 320 124 338 nie
142 314 290 342 correptum
309 307 342 333 ab
355 316 403 339 eo,
423 315 469 332 cur
485 302 654 331 ambularem.
717 297 889 325 Adulationes
904 300 992 326 edicio
1004 298 1120 333 grauissi—

79 354 125 373 mo
144 343 274 378 corripuit
293 344 399 369 Suc-ton.
413 340 521 375 August.
541 348 562 364 c.
575 343 610 369 53.
682 335 809 361 Animum
831 335 965 361 dolentem
985 335 1120 369 corripere

78 382 174 408 Lucan.
189 387 214 414 7,
228 387 275 411 191.
371 377 516 411 Corripere
529 370 643 399 carmina
657 371 773 397 Martial.
788 380 827 403 11,
841 379 880 403 93.
952 372 1055 396 Peccata
1072 370 1120 396 ali-

56 405 59 410 s
77 417 152 443 cuius
166 415 301 449 corripere
313 413 394 440 Ouid.
409 421 440 439 ex
454 413 526 438 Pont.
541 416 569 438 2,
588 408 620 438 6,
639 414 658 438 5.
729 406 899 433 Clamoribus
917 406 1016 432 iudices
1037 406 1121 432 corri-

76 460 139 486 pere
159 451 216 477 Cic.
232 451 302 477 Fam.
322 455 349 481 8,
374 457 394 474 2.
488 442 584 471 Verbis
601 442 734 476 corripere
753 442 870 477 aliquem
889 442 971 468 Ouid.
987 441 1118 476 Epist.19‚

77 495 120 514 22.
192 487 264 512 Voce
277 484 395 519 magistri
409 485 542 514 correptus
562 478 656 518 Horat.
672 479 753 505 Serm.
765 487 789 508 2,
803 486 826 510 3,
839 485 894 511 257-
1017 511 1021 516 ι

114 529 131 549 C
142 527 162 547 O
172 528 191 548 R
201 529 219 548 R
228 528 245 547 Ε
254 529 268 547 P
278 527 299 546 Τ
309 527 328 546 ν
338 528 351 547 s
359 539 367 552 ,
388 527 416 550 a,
436 524 489 543 um.
525 515 617 540 Partic.
654 512 828 547 [ἐπιληφθεὶς]
866 512 964 538 Pseudo
973 529 982 533 -
991 512 1047 537 Cic.
1073 519 1118 536 an-

75 562 129 592 teq.
145 558 196 584 iret
209 557 237 583 in
250 556 310 582 exil.
327 563 354 589 17
374 555 427 587 Ego
441 556 548 585 repente
563 550 590 576 vi
605 549 769 576 Tribunicia
788 554 939 582 correptus,
962 556 1016 572 nou
1035 546 1116 572 modo

76 592 205 628 loquendi
219 592 304 618 libere
317 591 345 617 in
358 586 474 618 iudicio,
493 585 535 612 sed
550 594 583 611 ne
596 585 751 611 consistendi
767 585 877 620 quidem
891 584 918 610 in
931 582 1054 614 ciuitate,
1073 582 1117 607 ha-

77 625 130 655 beo'
141 628 303 662 potestatem.
373 624 531 656 Correptum
545 621 666 648 manibus
680 627 768 648 tenere
785 620 881 655 Virgil.
895 620 991 653 Georg.
1007 628 1041 652 4,
1056 623 1116 651 403.

77 663 180 696 Syllaba
195 663 252 689 Sen.
267 659 370 695 Qtaest.
384 659 447 685 Nat.
460 667 475 684 2
485 679 493 690 ,
505 660 556 697 56..
1100 687 1106 693 .

115 704 295 726 CORREr‘r
303 703 327 723 Ε.
365 694 432 720 Adu.
476 693 577 720 Charis.
592 701 601 719 1
627 692 766 726 Tergum,
784 691 893 729 dorsum
911 690 946 716 est
961 701 966 716 :
992 695 1018 716 et
1039 688 1118 715 decli-

76 740 154 761 natur
165 734 214 766 iic,
234 734 283 760 hoc
303 738 420 764 tergum,
437 730 522 763 tergi,
541 735 632 763 terg03
662 727 816 762 pluraliter,
838 726 900 752 haec
913 732 998 760 terga,
1021 724 1118 751 horum

77 777 213 804 tergorum
228 766 361 803 produfiie.
402 766 510 799 Tergus
525 772 611 791 autem
626 764 716 798 pellis,
737 762 816 789 huius
832 762 945 796 tergoris
963 761 1042 791 facit,
1062 760 1118 800 plu.

75 806 168 833 taliter
184 811 302 838 tergora,
320 808 345 828 ct
358 801 479 836 genitiuo
492 808 646 835 tergorum,
664 804 793 833 correpte.
868 797 941 824 Idem
962 806 977 823 2
1003 797 1118 822 Tertiae

75 839 267 876 coniugationis
282 838 361 865 verba
376 836 515 863 indicatiui
528 835 618 867 modi,
637 835 765 869 temporis
780 834 935 868 praesentis,
958 833 1066 872 persona
1083 833 1119 858 se-

76 877 175 909 cunda,
196 882 242 907 IS,
263 874 347 900 literis
361 873 495 899 interdum
515 871 658 907 producte,
679 870 812 896 interdum
833 875 952 903 correpte
976 875 1118 894 terminan-

76 920 127 940 tur.
183 911 327 944 Coi-reme,
348 915 376 935 vt
390 909 466 943 lego,
484 908 563 943 legis:
587 905 731 941 produc'ie,
749 911 777 931 vt
796 904 894 936 audio,
915 904 999 930 audis.
1050 903 1118 929 Gell.

75 958 102 981 2,
115 955 144 982 17
161 946 289 980 Con-epte
301 944 481 980 pronunciari.
535 943 595 969 Dici
613 941 681 968 Ibid.
742 940 811 967 Add.
831 948 858 973 9,
873 942 898 966 6.
1005 939 1119 979 Compar.

76 982 157 1011 Ouid.
170 991 201 1008 ex
214 983 288 1008 Pont.
304 991 332 1015 4,
350 990 383 1012 12,
403 989 426 1013 ¹3
453 981 506 1006 Aut
525 978 701 1014 producatur,
719 985 786 1011 quae
805 984 875 1002 nunc
899 980 1047 1010 correptius
1065 980 1120 1000 eicit

71 1018 183 1052 Syllaba.
255 1017 424 1045 Proxumtiari
436 1015 582 1050 correptius
597 1013 731 1048 Augustin.
744 1012 825 1040 Conf.
842 1020 882 1043 11,
903 1013 943 1037 26.
981 1046 986 1050 θ

109 1062 126 1082 c
135 1062 154 1081 ο
163 1061 182 1080 R
191 1060 209 1080 R
219 1060 235 1080 13
244 1061 260 1080 Ρ
268 1059 289 1079 Τ
298 1061 308 1079 1
318 1059 337 1079 o
349 1072 357 1086 ,
393 1052 460 1078 onis.
501 1051 522 1077 f.
565 1048 739 1085 ApprehenjiO.
787 1049 821 1074 Vt
829 1067 837 1080 ‚
862 1048 1006 1080 Correptio
1025 1054 1117 1071 manus

73 1090 143 1117 Geli.
157 1098 201 1123 20,
218 1097 255 1115 10.
325 1089 356 1115 In
376 1088 430 1121 ipsa
449 1085 617 1121 correptione
636 1084 754 1111 Scribon.
767 1091 810 1119 171
831 1082 870 1120 sc.
884 1082 977 1113 morbi,
1006 1084 1022 1107 i.
1036 1085 1063 1121 in
1077 1091 1117 1107 ‹zc-

71 1125 178 1157 ceffione.
250 1123 408 1159 Reprehensio
428 1123 547 1149 Tertull.
562 1120 688 1148 dePudic.
705 1129 735 1153 14
759 1119 937 1154 Correptione
954 1117 1077 1156 retundi,
1099 1119 1117 1142 i.

71 1156 226 1197 reprebendi.
306 1160 415 1186 Vitruu.
437 1167 470 1191 9,
492 1167 509 1191 9
538 1156 727 1192 Correptiones
750 1162 796 1183 aut
819 1153 976 1193 crescentiae
1003 1152 1117 1178 dierum.

72 1196 216 1231 Correptio
228 1195 366 1224 vocalium
375 1194 482 1228 August.
494 1194 526 1220 de
538 1192 630 1220 Do&r.
644 1192 741 1220 Christ.
756 1200 785 1225 4,
805 1199 843 1217 10.
915 1187 1024 1222 Qun&
1046 1196 1073 1224 7,
1092 1197 1119 1221 9,

73 1241 97 1266 13
119 1231 263 1259 Produffio
276 1238 301 1258 et
314 1231 447 1265 correptio
462 1230 490 1257 in
504 1229 587 1256 dubio
602 1228 703 1256 relicta.
739 1227 809 1255 Add.
824 1234 850 1259 9,
864 1233 887 1257 3,
899 1227 942 1257 69.

112 1274 262 1295 CORREP
274 1273 295 1294 'r
308 1274 327 1293 O
337 1274 371 1297 R,
387 1266 451 1293 oris.
486 1275 522 1292 m.
560 1262 722 1298 [παιδευτῆς]
758 1264 846 1290 Senec.
860 1260 892 1287 de
908 1262 949 1286 Ira
963 1268 994 1292 2,
1010 1269 1037 1286 10
1063 1259 1119 1286 Pla-

73 1303 147 1330 cidus
163 1304 252 1338 itaque
271 1303 386 1338 sapiens,
405 1308 430 1328 et
445 1310 545 1336 aequus
557 1300 708 1331 erroribus,
727 1308 783 1326 non
800 1296 899 1329 hostis,
918 1296 961 1322 sed
973 1301 1120 1336 *correptor

73 1339 246 1374 peccantium.
316 1337 435 1365 Peffimus
450 1339 563 1372 quisque
576 1343 757 1371 correptorem
772 1333 913 1369 asperrime
926 1338 1026 1367 patitur
1044 1331 1119 1358 Ideni

74 1375 139 1403 ibid.
237 1394 244 1401 .
699 1384 701 1386 ·

112 1383 186 1437 0οὸιῖ
193 1382 258 1437 ΚΞΞΡ
270 1415 292 1436 'r
302 1415 348 1436 oR
358 1416 367 1434 1
378 1415 398 1434 v
408 1415 421 1436 s
430 1429 438 1441 ,
459 1417 489 1441 a,
510 1416 565 1436 um.
599 1407 660 1434 Adi.
695 1404 794 1432 Literis
814 1402 989 1438 correptoriis
1002 1402 1120 1438 aliquem

76 1446 218 1474 admonere
234 1446 344 1480 Interpr.
357 1444 460 1471 Irenaei
473 1453 501 1477 4,
515 1452 537 1476 3.

109 1487 301 1513 CORREvs,
327 1480 588 1507 vid.CONREVS.
944 1510 947 1512 -

108 1523 125 1544 C
134 1524 152 1544 O
161 1524 179 1544 R
188 1523 207 1543 R
216 1518 230 1543 i
238 1523 258 1542 v
268 1522 286 1542 O
295 1522 313 1542 R
323 1536 331 1549 ,
362 1515 410 1542 iri.
451 1512 681 1547 [συνοχετεύομοιι]
729 1512 820 1538 Riuum
838 1510 949 1543 ducere,
961 1510 1006 1547 stu
1020 1509 1119 1546 facere.

71 1552 120 1578 Per
133 1558 232 1578 meatus
246 1551 372 1578 corriuati
387 1552 484 1584 septem
502 1557 591 1575 amnes
609 1547 676 1573 Plin.
691 1548 732 1579 36,
747 1554 781 1580 15.
852 1546 927 1573 Idem
941 1548 967 1578 6,
980 1555 1010 1581 ¹4
1030 1546 1119 1580 Angu-

69 1587 128 1614 stias
145 1587 255 1622 impedit
275 1587 421 1613 corriuatus
435 1584 494 1611 salis
513 1593 528 1610 e
547 1582 667 1610 cautibus
687 1582 795 1617 liquor,
822 1582 846 1609 h.
861 1592 881 1609 e.
895 1584 1029 1617 pt'rmultls
1042 1584 1136 1608 veluti*

67 1623 224 1659 riuisstuem
235 1622 278 1657 fizl
289 1620 413 1657 liquidus.

67 1665 152 1684 rentes
166 1657 334 1684 corriuantur
348 1655 465 1682 detracta
477 1654 590 1681 collibus
604 1653 668 1680 silua
676 1673 685 1686 ,
704 1655 842 1681 continere
855 1653 976 1686 nimbos,
997 1662 1025 1680 ac
1045 1653 1118 1687 dige-

67 1701 126 1720 rere
146 1693 277 1719 consueta.
347 1691 464 1718 Tiberis
481 1691 567 1717 tenuis
586 1690 690 1724 primo,
711 1699 758 1716 nec
777 1689 826 1716 nili
840 1690 947 1723 piscinis
967 1689 1117 1715 cori-inatus

66 1729 225 1763 emifl'usque
239 1726 397 1761 nauigabilis
416 1727 489 1754 Idem
504 1735 526 1759 3,
540 1734 552 1759 5
581 1727 598 1752 s.
612 1734 638 1759 9.
709 1726 800 1752 Venae
819 1733 949 1759 aquarum
967 1725 1117 1751 corriuatae

66 1765 124 1791 Sen.
140 1763 245 1798 Qaest.
260 1764 323 1790 Nat.
335 1771 360 1795 3,
375 1771 412 1797 19.
483 1763 567 1789 Foffas
579 1761 752 1789 corriuandae
765 1769 848 1797 aquae
859 1761 935 1787 rausa
948 1760 1009 1787 fieri
1022 1761 1039 1787 l.
1057 1770 1066 1786 1
1092 1758 1116 1797 §.

68 1808 88 1833 4
107 1800 139 1826 D.
153 1802 186 1826 de
199 1805 309 1834 aqua,et
323 1808 391 1834 aqua
405 1798 478 1833 pluu.
487 1807 539 1825 arc.

102 1842 248 1863 CORR1v
257 1841 277 1861 v
286 1842 316 1868 s,
336 1835 355 1861 i.
390 1843 426 1861 m.
464 1834 610 1869 Cori-ium,
626 1838 675 1868 pro
687 1833 791 1870 vulgato
805 1841 933 1868 corrugos
946 1838 986 1868 ap.
999 1832 1066 1859 Plin.
1077 1839 1116 1865 33,

67 1880 89 1906 4
107 1872 155 1907 leg.
170 1871 328 1907 Dalechamp.
359 1869 413 1897 vid.
432 1876 449 1897 c
459 1875 478 1896 o
489 1877 508 1896 R
517 1877 536 1896 R
543 1876 564 1896 v
574 1876 595 1896 G
604 1876 625 1895 v
635 1876 657 1895 s.
802 1879 804 1883 >

100 1914 118 1935 C
128 1913 148 1934 0
159 1914 224 1936 RRl
233 1914 253 1933 V
262 1913 285 1934 A
295 1913 317 1934 Τ
328 1913 338 1932 Ι
350 1912 369 1933 Ο
381 1926 390 1939 ,
428 1906 496 1933 finis.
533 1905 553 1932 f.
589 1904 792 1939 [συνοχέτευσις]
843 1903 910 1931 Plin.
927 1912 975 1936 31,
996 1912 1008 1936 3
1042 1903 1114 1930 Salii:

66 1943 139 1970 enim
154 1943 281 1975 erratica,
300 1947 326 1969 et
338 1942 430 1974 alnus,
448 1947 493 1968 aut
504 1941 594 1972 vitex,
610 1945 654 1965 aut
667 1939 780 1973 hedera,
801 1939 891 1975 sponte
904 1940 1075 1974 proueniunt,
1090 1944 1115 1965 ct

77 151 177 192 1261

66 1979 247 2006 corriuatione
267 1986 351 2012 aquae
364 1977 470 2012 pluuiae
488 1977 518 2003 in
538 1976 627 2003 locum
644 1975 820 2002 humiliorem
839 1984 853 2002 e
871 1975 1053 2012 superioribus
1072 1974 1116 2001 de·
1136 1989 1169 2017 50
1187 1984 1220 2003 eo
1234 1977 1336 2004 Literas
1358 1977 1407 2003 effe
1426 1983 1573 2012 corruptas.

1130 2021 1173 2026 ω
1187 2020 1231 2039 20.

66 2014 181 2047 fluentis,
194 2014 309 2049 augurio
321 2013 419 2040 fallaci.
455 2012 530 2048 Coris.
544 2012 583 2039 Id.
595 2020 668 2045 33,4.
690 2018 713 2037 et
725 2013 766 2044 36,
781 2019 806 2044 15
826 2019 890 2039 exer.

105 2055 122 2076 C
134 2057 153 2077 o
163 2056 181 2076 R
189 2056 208 2076 R
217 2057 227 2075 1
237 2057 257 2076 v
266 2050 289 2076 Ᾰ
297 2056 315 2076 1.
323 2055 339 2075 E
348 2056 360 2075 s
369 2068 378 2081 ,
409 2058 446 2077 m.
482 2049 518 2084 pl.
554 2047 720 2083 [οἱντεραςοιὶ]
763 2048 815 2083 Qai
832 2048 930 2075 eandem
948 2049 1052 2074 amicam
1070 2046 1115 2073 ha-

65 2085 138 2112 bent.-
162 2088 203 2111 vel
215 2083 280 2121 quod
298 2084 332 2111 ad
349 2084 448 2112 mndein
461 2088 543 2111 riuum
557 2083 667 2110 accedere
683 2082 834 2110 videantur:
859 2085 914 2116 vel,
934 2083 999 2119 quod
1010 2085 1116 2109 inuicem

70 2121 231 2153 contendant,
244 2127 273 2149 vt
279 2120 349 2156 fere,
364 2123 407 2156 qui
420 2130 449 2146 ex
462 2120 540 2147 eodem
553 2123 609 2147 riuo
622 2116 733 2151 hatfium
741 2125 841 2153 petunt.
860 2120 1012 2154 sipontinus.
1057 2118 1115 2146 Vid.

67 2163 88 2183 R
97 2163 107 2182 1
117 2163 166 2183 νΑ
176 2164 191 2182 1.
201 2163 209 2182 1
219 2163 246 2182 s.
306 2156 414 2189 Qiinet.
429 2156 544 2183 Declam.
565 2163 595 2188 14

67 2191 265 2223 insultationes,
285 2191 331 2218 illa
345 2189 680 2220 corriualiummaledieta,
700 2189 838 2221 conuicia,
857 2196 902 2215 etc.

104 2233 121 2253 c
131 2233 150 2253 ο
159 2234 179 2253 R
187 2234 206 2253 R
216 2233 236 2254 0
247 2234 262 2253 Β
273 2225 292 2253 ὀ
302 2234 320 2253 R
330 2234 349 2253 ο
357 2246 366 2259 ,
390 2231 443 2253 are.
480 2224 629 2261 [xarixdm
648 2222 791 2259 κραταιᾰω]
828 2221 959 2257 Robustum
978 2228 1003 2249 et
1013 2222 1114 2258 fortem

65 2261 174 2289 reddere.
229 2261 334 2288 Sueton.
353 2263 383 2288 in
402 2261 486 2288 Galba
503 2263 521 2288 6
545 2262 707 2287 Veteranum
723 2268 752 2286 ac
768 2261 886 2287 tironem
899 2258 1014 2286 militem
1031 2267 1113 2293 opere

63 2296 161 2324 assiduo
174 2296 370 2324 corroborauit.
423 2298 454 2324 Se
469 2296 661 2326 corroborare,
679 2300 705 2321 et
717 2295 809 2322 virum
822 2296 892 2322 inter
906 2295 979 2322 viros
995 2295 1042 2320 else
1056 2294 1113 2320 Cic.

65 2341 115 2368 pro
129 2333 201 2359 Cael.
216 2341 238 2359 11
258 2341 280 2358 c.
294 2335 320 2359 6.
373 2332 442 2360 Plin.
457 2341 498 2365 20,
513 2340 544 2357 20
563 2329 733 2357 Stomachum
746 2330 776 2356 in
788 2331 910 2358 acetariis
926 2332 1008 2357 sumta
1022 2338 1113 2356 corro-

64 2368 152 2395 borat.
218 2367 281 2394 cic.
297 2375 345 2401 pro
358 2367 426 2394 Sext.
440 2377 468 2394 10
489 2376 511 2394 c.
525 2377 543 2400 4
570 2367 604 2393 Vt
616 2366 669 2392 iam
682 2365 770 2393 virilis
783 2372 828 2393 tua
844 2376 897 2393 vox
916 2366 990 2402 potiit
1009 2362 1112 2402 aliquid

66 2403 213 2438 fignificare
236 2403 352 2429 inimicis
376 2403 488 2435 nostris,
513 2401 640 2438 quidnam
660 2410 742 2435 quum
762 2401 793 2428 Se
817 2402 1061 2437 corroborauerit,
1075 2397 1113 2423 ef-

67 2439 173 2466 sectura
187 2439 236 2465 ess'e
250 2439 380 2466 videatur.
451 2439 525 2465 Idem
538 2438 566 2464 in
581 2437 658 2464 Catil.
673 2445 731 2469 1‚30
752 2446 774 2463 c.
782 2445 807 2463 12
826 2438 884 2469 Qii
897 2437 967 2468 spem
982 2433 1114 2463 Catilinae

62 2475 192 2502 mollibus
212 2475 346 2501 sententiis
365 2474 504 2506 aluerunt,
532 2473 800 2505 coniurationemque
819 2471 968 2497 nascentem
986 2478 1040 2496 non
1059 2478 1114 2496 cre-

64 2545 241 2574 roborabatur
256 2544 378 2580 quotidie
397 2544 454 2571 Cic.
468 2546 542 2571 Fam.
558 2551 594 2574 12,
607 2550 627 2568 1.

18 2604 19 2614 ,
97 2587 114 2608 c
125 2587 145 2607 ο
155 2587 203 2608 RR
213 2587 232 2607 o
242 2587 259 2608 Β
270 2588 289 2607 0
300 2588 318 2607 R
329 2581 349 2606 Ᾰ
358 2586 379 2606 T
392 2586 414 2606 v
425 2586 438 2606 s
451 2598 460 2611 ,
484 2588 509 2611 a,
534 2587 589 2605 um.
626 2576 720 2605 Partic.
757 2576 946 2613 [κατιχυθεὶς]
961 2590 967 2594 ν
983 2577 1039 2604 Cic.
1059 2586 1109 2612 pro

60 2616 171 2650 Cacl.41
182 2625 204 2643 c.
214 2623 246 2650 17
264 2615 413 2642 Multarum
426 2623 517 2641 rerum
532 2613 775 2641 iucundiffimarum
789 2615 950 2641 varietatem
960 2613 1043 2646 dedit,
1057 2622 1110 2648 qua

60 2659 117 2679 non
129 2651 212 2678 modo
224 2651 288 2678 haec
301 2656 385 2682 aetas,
405 2650 449 2676 sed
463 2651 543 2677 etiam
558 2651 611 2677 iam
625 2649 798 2677 corroborata
811 2655 958 2685 caperetur.
1011 2650 1111 2676 Corro-

59 2688 163 2715 boratis
181 2687 235 2714 iam
254 2686 470 2721 confirmatisque
489 2692 515 2713 et
533 2686 646 2721 ingeniis
667 2692 692 2712 et
713 2685 859 2718 aetatibus,
876 2685 1034 2712 iudicandae
1053 2686 1113 2712 sunt

63 2723 196 2751 amicitiae
211 2723 267 2750 Cic.
281 2723 312 2749 de
326 2722 482 2757 Amidtu7⁶
501 2732 523 2749 c.
538 2731 581 2749 20.
652 2721 786 2750 Vetustate
806 2721 981 2749 corroborata
994 2721 1113 2749 hominis

61 2758 248 2787 sceleratiffimi
268 2756 376 2785 addacia
394 2758 468 2785 Idem
487 2766 536 2793 pro
554 2758 651 2797 Milqi.
671 2766 710 2791 32.
782 2757 875 2785 Virtus
890 2758 1113 2785 Lacedaemonio-

61 2805 124 2823 rum
142 2804 197 2822 non
208 2795 293 2822 solum
307 2801 402 2828 natura
414 2794 606 2827 corroborata,
625 2803 721 2823 verum
739 2793 822 2821 etiam
834 2793 974 2829 disciplina
992 2794 1048 2821 Cic.
1061 2803 1112 2830 pro

61 2832 147 2860 Flacc.
161 2833 196 2858 62
221 2839 243 2857 c.
257 2833 300 2858 26.

97 2874 115 2894 c
125 2874 144 2895 ο
153 2874 172 2894 R
182 2873 201 2894 R
209 2873 229 2894 Ο
238 2873 254 2894 Β
262 2873 282 2894 0
291 2873 399 2894 RAME
407 2873 430 2894 N
438 2873 460 2894 T
468 2873 490 2893 V
499 2873 525 2894 M
533 2886 542 2899 ‚
563 2865 583 2893 i.
608 2875 635 2893 n.
670 2864 788 2893 Laetam.
801 2874 825 2899 ς,
838 2874 867 2893 12
890 2866 1009 2894 Labores
1020 2871 1046 2893 et
1061 2865 1112 2893 mi·
1130 2883 1163 2913 73

60 2903 144 2930 seriae
158 2904 216 2930 sunt
230 2903 355 2930 exercitia
366 2909 392 2930 et
402 2902 637 2930 corroboramenta
650 2902 769 2929 virtutis.

95 2936 291 2971 CORR<3<30‚
319 2939 388 2966 onis.
422 2947 460 2966 m.
496 2938 593 2976 Piscis,
618 2938 685 2975 apud
707 2938 806 2965 Auson.
824 2938 906 2974 Epist.
924 2948 960 2974 4,
978 2943 1016 2973 58.
1053 2938 1111 2966 Alii

63 2980 84 3002 c
93 2981 298 3043 ἓὲἓὲἓὲο,
317 3009 335 3037 fi
343 3030 353 3044 ,
374 3011 431 3037 sum
439 3030 448 3043 ,
467 3011 520 3037 gre.
545 3010 559 3044 [
566 3008 745 3046 διαέῗιξρῶσκω]
782 3010 860 3039 Simu:
873 3011 914 3037 vel
925 3016 1003 3037 totum
1015 3009 1110 3037 rodere.

62 3044 120 3071 Cic.
133 3043 165 3071 de
178 3045 270 3073 Diuin.
288 3054 322 3079 2,
342 3054 373 3080 59
398 3056 421 3073 c.
435 3053 470 3080 27
494 3046 553 3074 Nos
572 3052 661 3074 autem
680 3046 718 3072 ita
733 3046 804 3073 leues
823 3051 904 3081 atque
923 3046 1111 3073 inconsiderati
1132 3058 1165 3084 80
1183 3052 1318 3086 corrupti,
1347 3054 1366 3079 i.
1387 3053 1515 3080 macilenti
1535 3052 1616 3079 Plaut.
1631 3049 1729 3085 Amph.
1745 3057 1768 3082 ς,
1790 3059 1815 3083 1,
1835 3051 1860 3077 6.

62 3081 168 3113 sumus,
188 3087 218 3107 vt
230 3080 249 3107 fi
261 3087 350 3109 mures
367 3081 535 3117 corroserint,
548 3081 667 3118 aliquid,
687 3090 804 3117 quorum
824 3082 860 3109 est
872 3091 939 3118 opus
952 3082 1002 3109 hoc
1016 3092 1110 3116 vnum,

63 3115 210 3142 monstrum
223 3123 353 3151 putemus.
424 3119 523 3145 Ponant
535 3121 611 3145 etlam
621 3120 708 3145 Varro
723 3117 756 3145 de
769 3118 800 3145 R.
815 3118 846 3145 R.
867 3126 889 3151 3,
903 3125 933 3153 17
957 3119 1050 3153 Quint
1064 3127 1110 3147 eo-

61 3151 122 3178 dem
135 3158 255 3186 tempore
267 3152 363 3180 insulas
375 3153 543 3180 Ludinorum
555 3154 596 3181 ibi
609 3155 726 3182 corrosas
740 3154 854 3181 vidiffes.
909 3153 958 3183 Sed
968 3153 1002 3188 qli·
1021 3161 1038 3182 C
1047 3161 1068 3182 H
1077 3161 1110 3182 o-

60 3194 107 3215 RE
116 3194 136 3212 v
146 3195 158 3214 s
167 3194 190 3214 Α
198 3194 215 3214 Ε
223 3207 232 3219 ,
251 3197 279 3216 υ.
292 3197 318 3216 υ.
388 3189 448 3216 Offa
460 3190 566 3217 con-osa
578 3191 671 3217 quen.
684 3191 736 3217 Sat.
751 3197 792 3224 15,
804 3195 847 3221 80.

95 3230 114 3251 c
122 3230 196 3251 oRR
206 3229 225 3251 o
234 3229 247 3250 s
258 3225 328 3252 ivv
336 3231 366 3256 s,
385 3233 400 3252 a
408 3242 418 3258 ,
435 3233 492 3252 um.
526 3225 587 3253 Adi.
622 3225 696 3263 Quod
707 3225 780 3253 habet
793 3229 846 3253 vim
857 3225 1016 3255 corrodendi.
1051 3226 1111 3253 Sen.
1125 3239 1159 3268 35
1183 3230 1283 3259 humor
1295 3238 1353 3259 ater
1365 3233 1469 3259 Lucret.
1485 3239 1497 3263 3
1507 3250 1514 3263 2
1528 3238 1585 3264 502·

18 3268 20 3270 ’
61 3259 126 3287 Nat.
141 3258 248 3299 Qiaei't.
263 3267 291 3294 7,
302 3261 337 3287 26
360 3260 503 3287 Corrofiua
519 3266 522 3267 ’
563 3261 720 3290 dicamenta.

11 3298 14 3303 ”
97 3301 114 3322 c
123 3302 142 3323 ο
152 3302 172 3322 R
181 3302 200 3322 R
209 3301 229 3322 o
237 3301 259 3321 G
267 3301 286 3322 ο
295 3315 305 3329 ,
333 3298 386 3323 are.
423 3296 509 3332 [ἔμειν’
521 3306 540 3323 u
591 3298 712 3335 Ragando
731 3297 853 3335 colligere.
889 3298 947 3326 Cic.
960 3298 1075 3334 Philipp.
1088 3307 1111 3331 3,

59 3339 95 3358 20
115 3340 136 3357 c.
151 3336 164 3361 8
189 3331 382 3358 Conuenerunt
399 3332 550 3367 corrogati,
569 3339 596 3361 et
614 3334 725 3370 quidam
743 3334 826 3369 ampli
843 3333 976 3361 homines.
1047 3335 1111 3362 Car-

60 3365 194 3394 bunculos
206 3365 282 3407 Audi.
297 3366 330 3394 ad
342 3368 461 3395 Herenn.
473 3378 503 3403 4,
517 3377 547 3395 ιο
565 3378 587 3396 c.
599 3371 624 3397 6.
696 3370 753 3406 Ipse
769 3370 830 3397 suos
849 3370 1002 3397 neceffarios
1021 3379 1111 3398 corro-

60 3407 120 3443 gat,
137 3408 167 3429 vt
181 3401 232 3428 fibi
244 3401 327 3429 adfint
345 3403 404 3444 Cic.
416 3411 465 3438 pro
479 3404 574 3439 Qiint.
594 3414 617 3433 c.
630 3407 656 3433 6.
728 3405 790 3433 Liu.
805 3414 843 3439 33,
857 3411 891 3441 48
911 3406 1051 3442 Magistros
1065 3415 1110 3432 na-

11 3443 15 3452 ’
61 3446 154 3471 vium,
171 3445 384 3474 mercatoresque
397 3439 512 3467 inuitare
526 3439 609 3473 inffit,
627 3448 654 3469 et
667 3441 726 3468 vela
740 3450 802 3469 cum
816 3442 937 3469 antennis
949 3450 982 3469 ex
995 3441 1109 3472 nauibus

60 3474 198 3508 corrogari
216 3473 300 3507 iuffit,
334 3481 364 3502 vt
381 3474 477 3502 vmbra
497 3476 667 3505 coenantibus
688 3478 719 3504 in
742 3477 823 3505 litore
855 3477 938 3506 fieret.
1011 3479 1111 3505 Corto-

24 3518 27 3522 ·
59 3517 123 3544 gare
143 3517 236 3551 numos
257 3510 289 3537 de
308 3516 435 3546 nepotum
453 3510 531 3538 bonis
570 3512 626 3539 Cic.
651 3514 727 3542 Verr.
741 3521 770 3547 3,
792 3518 846 3547 184.
925 3514 1008 3546 Vasa,
1027 3513 1108 3540 vesti-

61 3549 152 3585 menta
165 3553 305 3581 corrogare
316 3546 394 3573 Auci.
409 3546 442 3573 ad
455 3547 655 3583 Herenn.4,64
677 3548 706 3575 de
718 3549 869 3576 commodato
883 3553 1001 3585 acceptis.
1044 3550 1111 3576 Cor-

61 3579 307 3650 ιᾶςρῐὲὶἳιιάἰῐοῐεε
328 3582 466 3614 dicuntur,
496 3592 566 3619 quos
586 3583 734 3611 ambitione
760 3585 889 3613 recitator
911 3584 961 3612 {ibi
984 3585 1111 3612 conciliat

90 3624 138 3642 uin
166 3624 176 3642 ι
189 3635 196 3642 .
211 3623 250 3649 ιο,
280 3637 287 3646 ,

30 3684 36 3689 ¹
62 3651 146 3679 Ciuil.
159 3659 188 3684 3,
207 3625 278 3679 toa-9

98 3692 384 3724 coRRoonmo,
400 3691 468 3718 onis.

358 3619 507 3654 Corrogata
524 3620 558 3647 ad
575 3620 731 3650 necefl'arios
748 3619 809 3647 vsus
827 3621 940 3655 pecunia
959 3621 1032 3649 Caes.
1046 3620 1111 3648 Bell.

505 3691 526 3717 f.
562 3690 644 3725 Vulg.
661 3691 742 3718 Sirae.
755 3699 794 3723 32,
807 3698 830 3723 3.

97 3727 116 3749 c
123 3729 142 3750 0
152 3729 172 3750 R
179 3729 199 3750 R
209 3728 229 3749 o
239 3729 261 3750 T
270 3730 290 3749 v
301 3729 324 3750 N
331 3731 378 3754 no
385 3746 395 3765 ,
417 3731 472 3755 are.
507 3726 679 3762 [συσφαιρόω]
714 3726 802 3754 Senec.
823 3726 921 3763 Natur.
935 3727 1042 3764 Quaest.
1053 3737 1083 3762 4,
1095 3736 1109 3761 3

61 3757 199 3786 Praeterea
216 3758 300 3793 potest
317 3760 414 3795 etiam,
440 3763 458 3789 fi
478 3771 532 3789 non
551 3762 635 3789 fuerit
653 3762 772 3797 grando,
789 3761 848 3789 talis
868 3771 954 3798 quum
972 3763 1110 3798 defertur,
1121 3780 1169 3799 100
1181 3768 1286 3795 Lucret.
1299 3769 1332 3798 6,
1352 3774 1420 3793 1201.

18 3826 19 3830 Ἰ
65 3793 261 3821 corrotundari.
333 3795 406 3823 Idem
417 3798 502 3833 QN.
516 3806 542 3833 7,
555 3801 590 3825 26
613 3799 785 3829 Cometarum
805 3807 900 3833 eorpus
920 3799 1005 3834 ipsmn
1019 3808 1109 3827 corro-

64 3829 190 3858 tundatur
198 3849 208 3862 ,
227 3829 350 3864 splendor
362 3838 451 3861 autem
463 3834 579 3869 longior,
594 3843 673 3869 quam
686 3841 854 3861 caeterorum
866 3834 980 3861 siderum
993 3841 1108 3870 apparet.

35 3880 39 3881 ν
62 3865 168 3892 Petron.
182 3873 214 3898 39
226 3865 330 3906 ,Terra
349 3873 433 3895 mater
445 3869 515 3905 *ficut
533 3879 616 3897 ouum
634 3870 830 3898 corrotundata.
887 3869 935 3898 Sed
955 3880 976 3896 c.
989 3873 1024 3906 76
1048 3872 1109 3898 Vno

62 3900 140 3927 eursu
165 3906 262 3928 centies
284 3901 430 3930 sestertium
449 3906 650 3933 corrotundaui.
699 3907 734 3933 Vt
750 3905 896 3937 Horatius,
915 3906 992 3933 Mille
1011 3907 1109 3934 talenta

61 3935 255 3971 rotundentur,
273 3945 357 3975 nempe
376 3945 406 3967 vt
415 3939 469 3976 fiae
484 3947 598 3972 merus
615 3941 751 3976 rotundus,
774 3945 816 3970 cui·
833 3942 900 3974 nihil
910 3941 980 3979 duit.

1138 554 1167 572 10

1137 915 1172 934 20
1190 901 1276 935 lapide
1295 912 1300 927 :

1139 1094 1168 1121 23
1189 1079 1255 1106 Plin.
1272 1088 1306 1111 13,
1320 1089 1354 1106 22

1140 1449 1169 1477 35
1191 1437 1304 1463 alicuius
1324 1438 1378 1464 Cic.
1399 1439 1430 1464 de
1446 1438 1538 1473 Legib.
1551 1447 1563 1471 3
1589 1448 1610 1465 c.
1625 1446 1664 1471 14.

483 1619 558 1646 Idem
571 1627 608 1651 31,
622 1628 641 1651 4
668 1618 829 1653 Plerumque
845 1627 911 1644 vero
930 1617 1047 1644 damnosi
1066 1624 1118 1643 tor·
1130 1628 1168 1654 40
1190 1616 1342 1652 quaerendo
1351 1617 1501 1644 Consilium
1515 1616 1652 1651 publicum
1667 1622 1851 1656 corruperunt.

1133 1808 1168 1834 43
1188 1805 1367 1831 corl'unlpere.

622 2154 648 2180 Si
662 2153 751 2188 patior
769 2154 851 2181 miser
867 2155 925 2180 illas
943 2153 1113 2188 lupanarium
1136 2160 1165 2185 5,-
1188 2155 1244 2179 Cic.
1261 2155 1289 2179 in
1302 2156 1392 2181 Partit.
1407 2163 1444 2186 91.

1132 2341 1168 2364 50
1186 2329 1362 2356 diuturnitate
1381 2329 1447 2356 belli
1459 2330 1509 2358 Res
1524 2329 1668 2357 familiares
1680 2337 1863 2365 corruperant.

466 2509 592 2536 Manabat
605 2507 673 2533 illud
685 2505 788 2533 malum
799 2505 946 2539 vrbanum,
963 2511 989 2533 et
1002 2506 1039 2533 ita
1053 2513 1112 2533 cor·
1134 2513 1166 2546 65
1185 2509 1262 2550 Spem
1278 2519 1450 2546 corrumpere
1466 2511 1560 2538 fraude
1574 2511 1656 2538 Ouid.
1671 2511 1751 2547 Epist.
1767 2521 1813 2544 21,
1828 2519 1883 2547 127.

1130 2701 1166 2730 70
1184 2698 1205 2722 ι,
1218 2698 1240 2723 ς,
1253 2692 1288 2724 69
1314 2700 1369 2717 cum
1389 2701 1414 2717 υ.
1429 2701 1454 2728 g.
1468 2697 1519 2727 pro
1532 2692 1691 2726 Conrumpo
1709 2691 1807 2720 dicitur
1821 2693 1983 2727 Coi-rumpo.

1129 3423 1165 3449 90
1182 3410 1237 3437 Iter
1249 3411 1350 3438 factum
1363 3409 1514 3444 corruptius
1528 3408 1611 3435 imbri
1625 3408 1693 3435 Hor.
1707 3407 1789 3435 Serm.
1803 3417 1823 3440 1,
1836 3415 1860 3442 ς,
1873 3416 1914 3443 95.

1127 3603 1161 3631 95
1183 3589 1257 3625 Conf.
1270 3591 1361 3624 Nepos
1376 3597 1397 3620 1,
1415 3590 1442 3620 6,
1456 3597 1482 3621 4.

1036 3942 1106 3974 Add-
1122 3960 1168 3990 105
1182 3955 1203 3982 1,
1215 3954 1240 3982 3,
1253 3954 1273 3974 1.

1558 140 1591 179 C
1683 141 1719 179 ()
1810 142 1842 181 R

1187 225 1246 268 Sen-
1262 225 1307 267 Ep.
1323 234 1360 259 113
1386 226 1413 252 Si
1433 226 1477 253 has
1491 236 1598 263 quoque
1616 230 1881 261 corrotundauerint‚
1900 233 1919 257 ἰ.
1934 234 2053 264 rotundas
2067 235 2110 269 effe
2119 243 2229 273 pronun.

1188 267 1327 294 tzauermt,
1349 265 1458 288 uirtutes
1471 264 1595 300 iristlligr,
1616 272 1645 291 ut
1657 266 1804 301 dcumsuum
1818 265 1949 293 rotundum
1958 268 2069 295 dicebant
2078 273 2162 299 Stoici.

1225 303 1242 322 C
1252 303 1270 321 O
1280 304 1298 322 R
1307 304 1325 323 R
1336 300 1355 322 V'
1365 305 1383 324 D
1395 305 1415 324 Α
1425 317 1432 329 ,
1451 307 1489 323 ae.
1515 299 1534 324 f.
1572 299 1689 334 [iwan-s,
1703 302 1812 336 oe'ypeiw]
1850 302 1977 334 Siluqllris
1991 304 2135 338 asparavm.
2171 309 2230 335 Col.

1190 340 1228 363 ιο,
1241 340 1287 366 375
1313 333 1403 359 Prodit
1424 340 1449 358 ct
1470 335 1587 368 asparagi
1606 337 1718 362 corruda
1737 337 1869 363 limillima
1889 337 1945 363 filo.
2019 331 2103 365 Varr⁰o
2122 343 2151 368 R.
2165 344 2196 369 R.
2212 353 2232 376 1,

2143 151 2229 190 1262

1148 375 1161 401 5
1188 375 1230 399 23,
1246 375 1258 399 ς
1285 368 1356 394 Sicut
1369 368 1496 395 vmbrolis
1511 370 1575 394 locis
1591 371 1641 396 alia
1656 372 1722 397 seras
1732 392 1739 404 ,
1759 379 1786 398 vt
1801 372 1913 398 corruda
1923 392 1929 403 ‚
1948 372 2021 407 quod
2034 373 2071 398 ita
2086 377 2149 408 petit
2163 380 2231 412 aspa,

1190 411 1276 442 ragus.
1350 405 1379 430 Et
1397 413 1442 437 24,
1456 414 1473 437 4
1495 404 1536 430 lbi
1549 414 1655 440 quoquc
1670 407 1808 433 corrudam
1824 408 1932 442 (seres)
1953 408 2021 435 vnde
2033 409 2148 444 asparagi
2161 413 2231 440 fiant.

1189 438 1256 464 Plin.
1273 447 1314 470 20,
1334 447 1362 464 10
1391 440 1542 465 Siluestrcm
1559 441 1710 475 asparagum
1726 443 1811 476 aliqui
1828 444 1983 476 corrudam,
2002 443 2088 478 aliqui
2104 441 2234 478 Libycum

1188 480 1300 505 vocant,
1321 475 1403 500 Attici
1416 476 1574 501 omnnium.
1647 477 1777 504 Columel.
1792 487 1824 510 11,
1837 487 1859 510 3,
1874 487 1914 511 43.
1952 478 2019 506 Add.
2034 480 2101 506 Plin.
2114 489 2156 513 20,
2171 490 2191 514 ς.
2211 491 2234 510 ει

1191 511 1229 542 16,
1243 511 1282 540 36.
1320 511 1386 536 Cato
1401 512 1430 536 R.
1446 512 1476 537 P..
1493 514 1520 542 6,
1533 519 1554 543 3.
2114 539 2119 541 ,

1226 549 1244 570 c
1256 550 1275 569 o
1286 551 1331 569 RR
1341 547 1359 569 V
1368 552 1388 571 G
1401 554 1419 571 ω
1432 565 1437 575 ,
1468 551 1520 572 arc.
1557 546 1685 581 [ga'wadw]
1725 548 1753 573 ln
1768 558 1844 584 rugas
1856 550 2007 576 contrahere.
2045 551 2138 577 Horat.
2158 551 2237 585 Epist.

1188 587 1245 612 μς,
1258 588 1289 605 22
1316 580 1358 605 Ne
1375 587 1451 615 turpe
1464 582 1548 614 toral,
1566 591 1598 608 ne
1612 582 1718 608 sordida
1731 592 1823 617 mappa
1860 585 1991 619 Corruget
2006 586 2099 612 Nares.
2171 586 2236 620 Paff.

1162 645 1167 647 ‚
1188 615 1269 643 Olina
1282 624 1439 655 corrugatur
1459 618 1565 644 Colum.
1581 625 1617 649 12,
1631 626 1671 649 50,
1686 626 1721 649 19.
1794 618 1831 645 [d.
1851 628 1889 651 12,
1904 628 1932 652 39
1957 621 2010 648 Vbi
2023 621 2083 648 satis
2097 630 2237 657 corrugata

1189 655 1267 678 erunt
1287 658 1375 683 acina,
1397 651 1513 684 demito,
1533 660 1559 679 et
1574 653 1626 679 fine
1646 653 1814 687 scopionibus
1834 655 1861 680 in
1876 656 1979 682 dolium
1993 657 2136 689 coniicito,
2155 665 2201 685 etc.

1224 692 1450 718 CORRVGIS‚
1471 696 1493 713 e.
1530 688 1590 714 Adi.
1627 689 1654 715 Si
1674 689 1788 720 chlamys
1808 697 1900 716 aurato
1923 692 2035 718 multum
2057 692 2103 718 sub
2122 694 2238 728 tegmine

1154 733 1168 760 ,-
1190 722 1268 754 clusa,
1281 723 1466 757 Corrugesque
1484 722 1550 749 linus
1565 731 1709 757 gemmatus
1725 724 1844 750 baltheus
1857 726 1939 752 arctet
1954 727 2074 755 chibus
2088 728 2238 756 Nemessan.

1190 759 1290 792 Cyneg.
1303 766 1346 791 92.
1371 758 1471 792 i.finus
1484 762 1555 793 rugis
1568 767 1591 784 ct
1602 761 1677 794 pltris
1691 758 1830 793 vestimenti
1844 760 1966 793 constans.

1227 801 1244 821 C
1256 800 1275 821 O
1286 801 1305 820 R
1314 800 1361 820 RV
1370 801 1390 821 G
1401 801 1419 820 V
1429 801 1441 820 S
1450 813 1458 826 ,
1494 793 1692 829 [συνυχέτευσις]
1730 796 1793 831 quid
1802 795 1946 832 significet,
1964 798 2075 824 declarat
2088 799 2188 826 Plinius
2200 809 2238 833 33,

1191 838 1210 863 4
1231 829 1306 856 Alius
1321 839 1368 864 par
1379 829 1415 856 est
1430 829 1522 861 labor,
1546 829 1587 855 vel
1603 828 1653 854 hoc
1672 831 1783 857 maioris
1803 832 1948 866 impendii,
1969 834 2079 860 flumina
2097 835 2129 860 ad
2150 836 2239 862 lauan-

1190 865 1249 891 dam
1264 865 1329 892 hanc
1343 866 1449 893 ruinam
1462 865 1530 900 iugis
1543 864 1675 891 montium
1692 865 1786 892 ducere
1799 866 1889 893 obiter
1902 876 1917 894 a
1929 869 2069 895 centesimo
2082 869 2240 906 plerumque

1342 910 1468 937 corrugos
1489 906 1581 933 vocat,
1612 909 1627 927 a
1651 901 1831 927 corriuatione
1852 903 1932 929 credo
1950 915 1956 929 :
1995 905 2125 932 nimirum
2150 913 2176 932 et
2195 907 2240 934 hic

1190 937 1267 963 labor
1287 937 1340 969 est,
1368 946 1413 963 etc.
1468 938 1554 963 Dalec.
1575 936 1805 963 mantem-riuos.
1858 940 1920 965 Puto
1941 949 1983 976 ego
1996 940 2095 967 verbum
2110 950 2240 978 cognatum

1190 973 1339 1007 Arrugiae,
1359 983 1384 999 υ.
1403 983 1428 999 υ.

1227 1015 1244 1035 c
1255 1014 1274 1034 o
1286 1016 1304 1034 R
1314 1015 1361 1034 Rv
1370 1015 1394 1035 M
1407 1014 1422 1034 Ρ
1434 1016 1470 1040 o,
1496 1007 1573 1042 rslpi,
1605 1013 1711 1041 ruptum
1720 1026 1728 1039 ,
1755 1008 1808 1034 &re—
1846 1005 1964 1041 [φ3θὶρω,
1975 1008 2117 1047 διαφθείρω,
2130 1012 2240 1048 efraym]

1194 1045 1285 1070 Totum
1308 1051 1436 1079 rumpes-c,
1458 1047 1566 1074 vitiare,
1593 1050 1643 1069 tam
1666 1043 1700 1069 ad
1719 1045 1843 1075 animum,
1864 1051 1936 1078 quam
1956 1044 1989 1069 ad
2012 1053 2098 1080 corpus
2118 1049 2240 1083 refertur.

1379 1081 1454 1113 Qiae
1467 1088 1514 1105 nec
1529 1088 1609 1113 aqua,
1620 1088 1667 1105 nec
1682 1079 1739 1113 igni
1752 1079 1832 1113 posset
1845 1079 1993 1113 corrumpi.
2064 1082 2241 1117 Corrumpere

1190 1121 1215 1141 et
1228 1116 1384 1143 interlinere
1402 1114 1504 1142 tabulas
1517 1115 1635 1149 publicas
1648 1115 1788 1141 Cic.Verr.
1803 1123 1826 1147 2,
1843 1122 1890 1147 104
1909 1123 1931 1140 c.
1941 1120 1978 1147 38.
2017 1115 2090 1150 Conf-
2103 1126 2150 1150 pro
2164 1119 2240 1145 Rosc.

1192 1151 1250 1178 Am.
1271 1161 1292 1178 c.
1306 1161 1353 1185 44.
1426 1153 1605 1185 Corrumpere
1621 1157 1646 1177 et
1663 1150 1883 1185 deprauarc-Cic.
1898 1159 1947 1185 pro
1960 1151 2082 1178 Muraen.
2096 1159 2138 1186 27.
2194 1155 2241 1180 De—

1192 1187 1268 1213 liniri
1285 1194 1311 1213 et
1330 1188 1467 1221 corrumpi
1487 1187 1625 1213 blanditiis
1644 1187 1815 1221 voluptatum
1835 1185 1909 1212 Idem
1923 1186 1955 1212 de
1969 1187 2027 1213 Fin.
2043 1196 2063 1219 ι,
2082 1194 2118 1219 33.
2174 1189 2242 1215 AM.

1191 1222 1268 1250 Offic.
1284 1232 1307 1256 2,
1323 1232 1358 1256 53.
1385 1231 1408 1249 ct
1425 1232 1472 1257 pro
1487 1224 1563 1249 Caec.
1577 1230 1619 1257 72.
1692 1221 1797 1249 Paullus
1810 1222 1827 1248 l.
1843 1228 1871 1248 vt
1884 1228 1987 1249 tantum
2014 1221 2037 1260 §.
2058 1222 2076 1250 ti
2093 1224 2183 1250 seruus
2211 1225 2242 1250 D.

1141 1276 1173 1300 30
1191 1259 1223 1285 de
1236 1260 1314 1285 seruo
1329 1265 1472 1293 corrupto,
1492 1259 1603 1285 Perinde
1620 1264 1698 1293 atque
1718 1258 1735 1286 si
1751 1258 1874 1293 proprius
1893 1267 1966 1285 meus
1981 1259 2070 1285 seruus
2090 1259 2245 1294 corrupiss'et

1191 1296 1357 1322 eonseruum.
1400 1295 1458 1322 isid.
1477 1296 1594 1322 Torrent.
1609 1295 1642 1320 ad
1655 1295 1725 1321 Suet.
1740 1293 1805 1321 Oth.
1822 1303 1844 1321 c.
1860 1302 1882 1326 3.
1925 1294 1994 1321 Add.
2010 1294 2079 1329 Nep.
2093 1296 2120 1327 6,
2135 1304 2155 1327 3,
2169 1304 2194 1322 2.
2222 1302 2246 1323 ee

1192 1338 1227 1364 ις,
1240 1340 1268 1363 4,
1284 1340 1303 1358 1.
1359 1331 1440 1357 Ouid.
1455 1331 1485 1356 A.
1499 1331 1530 1357 A.
1552 1339 1576 1363 1,
1596 1338 1645 1363 355.
1718 1330 1800 1357 Plaut.
1816 1329 1920 1357 Mostel.
1936 1339 1956 1363 1,
1970 1339 1991 1363 1,
2004 1339 2036 1356 20
2060 1331 2132 1358 Nam
2152 1340 2243 1358 eccum

1191 1366 1305 1393 herilem
1318 1366 1405 1393 filium
1418 1366 1500 1394 video
1521 1373 1677 1400 corruptum
1692 1365 1736 1393 hic
1755 1375 1787 1392 ex
1801 1365 1964 1393 adolescente
1985 1366 2097 1401 optimo.
2168 1368 2244 1401 Qiae

1191 1410 1238 1428 nec
1257 1411 1340 1436 aqua,
1361 1412 1408 1428 nec
1422 1405 1483 1437 igne
1497 1402 1635 1437 corrumpi
1649 1403 1728 1436 posset
1743 1402 1808 1428 Plin.
1825 1410 1858 1434 13,
1875 1410 1911 1427 12.
1978 1402 2105 1429 Animum
2118 1408 2144 1429 et
2158 1412 2245 1430 mores

1734 1439 1809 1472 Aqua
1830 1438 1949 1463 conclusa
1967 1438 2046 1464 facile
2063 1441 2246 1474 corrumpitur

1191 1473 1265 1500 Idem
1279 1472 1311 1499 de
1327 1474 1389 1500 Nat.
1405 1475 1486 1501 Deor.
1501 1483 1527 1506 2,
1538 1483 1581 1500 20.
1653 1475 1734 1500 Attus
1748 1481 1920 1507 corrumpere
1932 1473 2054 1500 febribus
2068 1474 2150 1502 Ouid.
2166 1475 2244 1510 Epist.

1192 1517 1236 1541 20,
1253 1516 1303 1544 117.
1377 1509 1483 1543 leian.
1499 1511 1527 1535 in
1539 1510 1560 1535 l.
1574 1509 1702 1536 Neratius
1728 1509 1760 1535 D.
1781 1508 1812 1534 de
1827 1509 1903 1535 seruo
1925 1516 2069 1544 corrupto,
2088 1510 2170 1538 Seruo
2189 1520 2245 1545 pcr-

1192 1544 1272 1576 suasi,
1290 1550 1318 1571 vt
1332 1544 1519 1579 Chirographa
1532 1545 1686 1571 debitorum
1698 1550 1867 1577 corrumpat,
1887 1543 2015 1571 videlicet
2028 1545 2150 1572 tenebor.
2193 1547 2245 1573 Sal-

1190 1581 1248 1607 lust.
1264 1581 1292 1606 in
1306 1581 1381 1607 Orat.
1396 1581 1513 1616 Philippi
1529 1583 1545 1606 6
1567 1589 1590 1614 p.
1604 1588 1659 1615 947
1679 1580 1748 1606 Corr.
1768 1579 1825 1606 Sibi
1841 1579 1954 1615 quisque
1966 1589 2029 1615 opes
2042 1587 2087 1607 aut
2099 1582 2247 1615 patrocinia

1922 1616 2058 1643 Emtorem
2073 1626 2247 1652 corrumpere

1190 1659 1246 1679 artc
1259 1653 1334 1679 vafra
1346 1653 1464 1680 Martini.
1481 1662 1519 1685 12,
1532 1655 1576 1687 67.
1650 1652 1753 1686 Corpus
1767 1660 1894 1686 ignauum
1908 1660 2083 1687 corrumpunt
2096 1654 2151 1680 otia
2161 1654 2246 1682 Ouid.

1190 1697 1221 1714 ex
1236 1689 1310 1715 Pont.
1325 1697 1350 1720 1,
1371 1697 1400 1722 5,
1420 1698 1442 1723 5.
1515 1689 1615 1715 Curam
1635 1689 1765 1714 comitum
1785 1696 1958 1722 corrumpere
1978 1688 2051 1714 Idem
2065 1690 2129 1715 Met.
2143 1693 2172 1722 6,
2188 1693 2245 1724 461.

1190 1725 1312 1751 Feminas
1334 1726 1403 1751 Suet.
1421 1725 1470 1751 Iul.
1496 1733 1517 1750 c.
1533 1733 1573 1757 50.
1652 1723 1755 1750 Sallust.
1774 1724 1803 1750 in
1823 1723 1943 1758 Iugurth.
1965 1732 1992 1757 55
2021 1725 2081 1758 Qua
2101 1733 2246 1754 venturum

1188 1759 1291 1787 hostem
1306 1761 1442 1794 audierat,
1463 1760 1590 1795 pabulum
1608 1765 1633 1786 et
1646 1768 1775 1794 aquarum
1790 1760 1903 1792 Fontes,
1925 1769 2040 1794 quorum
2055 1761 2165 1795 penuria
2179 1767 2245 1795 erat,

1441 1797 1584 1823 Africanus
1603 1796 1619 1822 l.
1640 1802 1665 1822 et
1679 1795 1742 1823 haec
1762 1793 1884 1833 §.quum
1898 1796 2012 1822 fundum
2034 1797 2065 1822 D.
2080 1796 2178 1833 locati,
2194 1798 2245 1824 Tu

1188 1841 1271 1867 quum
1292 1841 1376 1859 annus
1395 1838 1456 1859 tuus
1476 1833 1594 1859 exiturus
1616 1833 1676 1859 estet
1688 1852 1696 1865 ,
1715 1832 1836 1858 consulto
1854 1831 1980 1859 Fructum
2001 1832 2163 1867 insequentis
2181 1835 2246 1861 anni

1187 1868 1340 1903 corrupisti.
1414 1869 1536 1895 Flumine
1550 1875 1576 1894 et
1590 1868 1715 1895 incendio
1724 1869 1897 1894 Frumentum
1912 1877 2084 1903 corrumpere
2098 1870 2169 1896 Caes.
2180 1870 2246 1897 Bell.

1188 1904 1222 1930 G.
1236 1912 1263 1939 7,
1277 1912 1312 1938 55.
1369 1904 1470 1931 Sallust.
1486 1904 1606 1939 Iugurth.
1624 1907 1658 1931 66
1679 1903 1774 1938 Ibique
1789 1905 1855 1931 vino
1867 1910 1893 1930 et
1905 1904 1991 1939 epulis
2004 1905 2126 1938 onerati,
2144 1906 2246 1941 illaque

1188 1944 1215 1967 et
1228 1940 1340 1967 domum
1358 1947 1384 1967 et
1399 1941 1479 1967 semet
1494 1941 1553 1975 Igui
1573 1947 1756 1974 corrumpunt.
1829 1941 1886 1967 Cic.
1902 1941 1977 1967 Verr.
1994 1949 2010 1967 2
2030 1950 2051 1967 c.
2066 1946 2093 1973 38
2115 1941 2198 1969 Aiunt
2211 1941 2245 1968 ab

1646 1977 1740 2003 Manus
1762 1977 1911 2011 corrumpit
1929 1983 2019 2003 catena
2039 1978 2157 2011 Propert.
2173 1987 2196 2010 3.,
2211 1985 2246 2011 15,

1303 2013 1407 2039 Mentcs
1426 2012 1510 2040 Ouid.
1522 2012 1608 2040 Trist.
1623 2020 1649 2044 2,
1664 2020 1717 2044 301.
1772 2013 1904 2039 Mulierem
1917 2013 2065 2047 corrumpit
2080 2013 2133 2039 fine
2147 2014 2247 2040 talione

1188 2047 1312 2079 caelebs;
1338 2048 1367 2075 id
1383 2052 1448 2075 enim
1467 2058 1553 2075 nomen
1571 2047 1759 2084 intelligendum
1779 2049 1858 2076 Mart.
1874 2055 1911 2081 12,
1925 2050 1969 2081 64.
2042 2048 2151 2074 Ocellos
2170 2048 2247 2075 lacri—

1187 2084 1239 2110 mis
1252 2084 1335 2111 Ouid.
1348 2086 1441 2112 Amor.
1457 2094 1480 2117 3,
1494 2087 1521 2117 6,
1535 2092 1574 2119 57.
1648 2084 1730 2110 Plaut.
1743 2083 1824 2110 Merc.
1840 2092 1863 2114 3,
1879 2092 1887 2108 ι
1897 2102 1905 2114 ,
1920 2091 1933 2114 3
1958 2082 2003 2108 Ne
2017 2082 2109 2117 plora,
2129 2084 2246 2112 nimium

1187 2119 1266 2146 stulte
1280 2121 1355 2152 facis,
1375 2120 1474 2147 Oculos
1489 2119 1638 2150 corrumpis
1651 2118 1735 2143 taleis.
1808 2117 1991 2151 Opinionibus
2003 2119 2093 2152 prauis
2107 2121 2245 2155 corrumpi

1519 2152 1619 2179 Sallust.
1635 2152 1713 2179 Catil.
1725 2161 1757 2186 43
1777 2153 1908 2187 Cethegus
1923 2154 2024 2188 semper
2037 2155 2199 2188 querebatur
2212 2157 2245 2183 de

1188 2189 1296 2223 ignauia
1311 2189 1461 2220 sociorum,
1482 2188 1544 2215 illos
1559 2188 1706 2214 dubitando
1715 2205 1724 2218 ‚
1742 2193 1768 2213 et
1781 2187 1838 2214 dies
1850 2188 2007 2223 prolatando
2021 2198 2127 2224 magnas
2139 2192 2244 2227 Oppor-

1185 2225 1312 2251 tunitates
1327 2233 1507 2259 corrumpere.
1579 2223 1645 2248 Ter.
1660 2222 1771 2256 Adelph.
1785 2231 1807 2255 3,
1826 2231 1849 2255 3,
1869 2226 1904 2249 66
1929 2224 2012 2250 Pisces
2031 2226 2123 2253 nactus
2140 2228 2195 2253 sum
2211 2236 2244 2255 ex

1187 2260 1272 2287 animi
1286 2260 1431 2291 sententia,
1453 2260 1491 2284 Hi
1506 2257 1576 2284 mihi
1594 2266 1627 2284 ue
1645 2264 1867 2293 corrumpantur,
1891 2260 1979 2287 cautio
1993 2259 2038 2287 est.

1185 2295 1303 2329 aliquem
1316 2294 1399 2321 Ouid.
1414 2294 1446 2320 de
1462 2295 1526 2320 Arte
1539 2295 1597 2320 Am.
1608 2302 1627 2326 ι,
1642 2301 1693 2327 355.
1766 2294 1867 2321 Sallust.
1882 2295 1910 2323 in
1922 2296 2043 2331 Iugurth.
2081 2318 2087 2325 .

2111 2263 2244 2290 Pollicitis

2127 2318 2133 2324 .
2170 2300 2244 2333 Qiia

1936 2332 2054 2366 Seipsum
2071 2343 2244 2370 corrumpere

1185 2365 1268 2391 Plaut.
1281 2366 1365 2392 Merc.
1378 2374 1402 2398 3,
1414 2374 1440 2399 2,
1455 2374 1475 2392 1.
1547 2366 1653 2401 leian.
1673 2367 1702 2393 in
1721 2366 1737 2393 l.
1758 2366 1821 2394 haec
1834 2367 1906 2395 aetio
1933 2366 1956 2404 ᾗ.
1979 2369 2021 2395 sed
2042 2375 2067 2395 et
2088 2370 2105 2396 li
2121 2380 2179 2405 quis
2209 2372 2242 2398 D.

1185 2400 1217 2427 de
1238 2401 1315 2428 seruo
1334 2407 1478 2436 corrupto,
1507 2402 1556 2429 Sed
1575 2408 1601 2429 et
1619 2402 1637 2429 fi
1659 2403 1719 2438 quis
1739 2403 1852 2431 Seruum
1872 2403 2065 2432 hereditarium
2082 2410 2244 2442 corruperit,

1185 2436 1234 2464 hac
1247 2436 1352 2464 afflone
1366 2438 1510 2466 tenebitur.
1584 2439 1641 2465 Situ
1657 2440 1794 2475 corrumpi
1814 2440 1898 2466 Plaut.
1912 2441 1991 2467 Cure.
2006 2449 2029 2474 5,
2043 2450 2068 2475 2,
2082 2450 2103 2474 3.
2175 2444 2243 2471 Soli.

1183 2473 1266 2500 citare
1279 2473 1381 2508 verbis,
1402 2474 1446 2509 spe
1460 2475 1640 2510 praemiisque
1653 2484 1825 2511 corrumpere
1841 2476 1957 2511 aliquem
1971 2477 2028 2504 Cic.
2042 2487 2092 2512 pro
2100 2478 2190 2506 Deiot.
2205 2488 2243 2512 32.

1957 2512 2100 2548 Stipulatio
2119 2524 2242 2542 tortum*

1184 2552 1257 2581 pitut·
1278 2546 1296 2572 l.
1315 2555 1331 2574 2
1355 2547 1386 2573 D.
1409 2546 1442 2573 de
1463 2547 1554 2574 seruit.
1568 2547 1619 2583 leg.
1710 2547 1882 2575 Stomachum
1897 2557 2068 2583 corrumpere
2085 2550 2169 2577 Scrib.
2190 2559 2242 2587 137.

1183 2582 1309 2617 Virgines
1329 2582 1408 2609 Pand.
1428 2583 1445 2609 l.
1458 2588 1493 2617 48
1512 2589 1530 2610 t.
1553 2592 1582 2616 19
1610 2583 1627 2610 l.
1640 2588 1668 2615 38
1688 2582 1860 2621 §.Vitio
1883 2586 2021 2621 corrumpi
2041 2586 2147 2613 Lucret.
2161 2589 2189 2620 6,
2204 2595 2241 2623 ¹7·

1182 2618 1290 2653 Vngues
1309 2627 1482 2654 corrumpere
1499 2619 1625 2646 dentibus
1639 2620 1760 2655 Propert.
1775 2629 1799 2651 2,
1814 2631 1842 2655 4,
1856 2629 1878 2653 3.
2121 2631 2138 2649 2
2174 2624 2242 2650 Cor—

1183 2662 1308 2689 rumpere
1323 2655 1398 2692 sensu
1418 2657 1586 2682 Grammatico
1606 2655 1701 2682 dicitur
1714 2657 1860 2691 Copulatio
1879 2656 2088 2691 Praepositiones
2108 2658 2241 2692 Qtinetil.

2046 2695 2087 2721 Sic
2107 2699 2120 2724 8
2158 2702 2171 2726 5

1184 2726 1365 2761 Corrumpere
1378 2727 1407 2754 in
1420 2733 1543 2755 naturam
1555 2727 1673 2755 alterius.
1715 2727 1773 2756 Vid.
1789 2737 1845 2755 mox
1859 2729 1994 2763 Corrupta
2007 2729 2105 2756 Litcra.
2128 2714 2137 2727 ⁹
2178 2713 2187 2727 ³
2207 2702 2241 2728 45

1220 2769 1474 2796 CORer'rvs,
1495 2772 1519 2797 a,
1538 2772 1593 2791 um.
1628 2764 1724 2791 Partic.
1759 2761 1972 2800 [διεφθαρμένος]
2014 2765 2058 2796 Vt,
2072 2765 2239 2799 Coi-ruptum

1183 2797 1316 2825 iudicium
1336 2799 1393 2827 Cic.
1408 2808 1458 2834 pro
1471 2799 1577 2827 Cluent.
1593 2799 1741 2836 J'aepzjffime.
1813 2801 1835 2826 A
1854 2808 1915 2834 rege
1935 2805 2075 2835 corruptus
2093 2801 2163 2835 Nep.
2179 2810 2197 2832 1,
2213 2808 2240 2836 7,

1183 2842 1197 2868 ς
1211 2833 1250 2871 sc.
1259 2837 1375 2870 pecunia.
1447 2836 1595 2870 Corruptus
1614 2842 1640 2863 et
1653 2835 1771 2871 perditus
1792 2836 1848 2863 Cic.
1864 2835 1944 2863 Catil.
1958 2843 1991 2869 2,
2005 2843 2031 2870 7.
2105 2836 2240 2871 Coi-rupta

1183 2871 1241 2897 sum
1263 2876 1342 2906 atque
1365 2870 1485 2898 absumta
1508 2872 1591 2899 Plaut.
1606 2872 1703 2907 Amph.
1725 2880 1752 2905 5,
1774 2880 1798 2906 1,
1818 2873 1835 2898 6
1865 2871 1946 2904 dicit,
1964 2880 2025 2907 quae
2043 2874 2124 2898 animo
2144 2872 2238 2908 deficit.

1183 2907 1332 2942 Corruptus
1351 2913 1377 2934 et
1396 2906 1429 2934 ab
1442 2907 1598 2936 hominibus
1610 2917 1725 2943 nequam
1744 2906 1868 2934 indudffls
1887 2907 2095 2934 adolescentulus
2115 2908 2172 2934 Cic.
2188 2916 2238 2943 pro

1184 2943 1261 2970 Rosc.
1275 2944 1364 2979 Amer.
1380 2951 1420 2977 39.
1491 2944 1522 2970 In
1541 2944 1724 2979 proditionem
1743 2948 1883 2977 corruptus
1902 2943 1993 2969 Tacit.
2008 2942 2076 2970 Hist.
2098 2951 2126 2976 3,
2145 2945 2193 2977 62,
2215 2952 2238 2977 5.

1183 2979 1215 3006 In
1228 2980 1299 3014 spem
1316 2979 1472 3014 rapinarum
1489 2979 1563 3006 Idem
1577 2979 1614 3006 ib.
1628 2988 1651 3012 3,
1664 2987 1711 3013 47,
1726 2986 1743 3005 2
1813 2979 1890 3005 Aetas
1910 2979 2064 3013 corruptior
2085 2980 2184 3006 Lucan.
2198 2988 2239 3014 ιο,

1185 3023 1231 3042 ιιι.
1301 3016 1413 3043 Animus
1424 3022 1564 3051 corruptus
1579 3015 1635 3042 Cic.
1650 3015 1722 3041 Fam.
1735 3023 1770 3047 4,
1784 3023 1811 3048 4.
1859 3014 1928 3041 Veil.
1948 3022 1979 3047 2,
1999 3022 2044 3049 72,
2058 3023 2077 3041 1.
2151 3016 2238 3043 Boues

1931 3049 2026 3077 Phaed.
2040 3059 2072 3083 2,
2090 3059 2108 3085 9
2128 3054 2179 3084 (8)
2201 3060 2237 3079 ει.

1478 3088 1559 3114 Ceres
1579 3092 1704 3121 corrupta
1721 3085 1798 3112 vndis
1818 3085 1917 3119 Virgil.
1931 3086 1996 3112 Aen.
2010 3095 2038 3119 1,
2057 3092 2103 3117 181.
2136 3088 2237 3121 Ceres,

1188 3087 1246 3115 Vid.
1262 3097 1317 3114 mox
1329 3088 1408 3123 Equi.

1418 3124 1520 3151 Ciuitas
1534 3124 1562 3149 in
1576 3121 1720 3149 barbarum
1733 3127 1859 3157 corrupta
1871 3122 1963 3148 Tacit.
1977 3122 2046 3149 Ann.
2060 3125 2085 3154 6,
2098 3132 2135 3157 42.
2155 3124 2184 3149 de
2196 3124 2237 3151 Se-

1199 3130 1345 3151 rumentum.

1176 3123 1270 3186 'Ifeucim
1342 3159 1568 3187 Consuetudinem
1586 3158 1712 3185 vitiosam
1733 3163 1759 3184 et
1773 3163 1941 3192 corruptam,
1960 3166 2026 3192 pura
2040 3164 2068 3185 et
2080 3159 2238 3195 incorrupta

1183 3195 1374 3223 consuetudine
1392 3196 1532 3222 emendare
1549 3193 1607 3221 Cic.
1620 3193 1653 3221 de
1667 3193 1738 3220 Clar.
1753 3193 1828 3220 Orat.
1841 3195 1897 3220 261.
1970 3194 2100 3229 Corporis
2115 3196 2237 3230 corrupti

1657 3229 1727 3264 Equi
1745 3229 1866 3264 corrupti
1886 3229 1970 3256 macie
1990 3231 2062 3257 Caes.
2075 3231 2140 3257 Bell.
2153 3230 2235 3258 Ciuil.

1183 3275 1206 3299 3,
1220 3274 1260 3300 59.
1332 3268 1437 3295 Paullus
1456 3267 1485 3293 in
1498 3266 1516 3292 l.
1530 3272 1559 3293 vt
1571 3271 1674 3293 tantum
1701 3265 1732 3291 D.
1753 3264 1786 3291 de
1799 3265 1877 3292 seruo
1890 3272 2034 3300 corrupto,
2054 3266 2094 3293 De
2107 3267 2177 3294 Filio
2192 3266 2235 3295 Fi-

1182 3302 1254 3329 liaue
1267 3303 1382 3330 familias
1395 3302 1526 3337 corruptis
1539 3301 1602 3328 huic
1617 3300 1706 3327 edicito
1718 3300 1791 3326 locus
1806 3309 1861 3327 non
1875 3300 1920 3328 est.
1974 3303 2028 3329 Fur
2045 3301 2234 3337 corruptissime

1183 3338 1260 3366 Prud.
1275 3339 1373 3374 Apoth.
1393 3344 1454 3372 408.
1526 3337 1606 3364 Nihil
1629 3341 1785 3371 corruptum
1804 3336 1832 3363 in
1852 3337 2017 3372 eloquendo,
2039 3337 2232 3371 obscurumque

1183 3373 1215 3401 sit
1233 3375 1365 3408 Qninffll.
1385 3377 1418 3406 6,
1437 3381 1466 3407 5,
1486 3381 1508 3399 2.
1580 3372 1692 3407 Ingenio
1705 3377 1845 3407 corruptus
1863 3381 1892 3400 ac
1905 3373 2024 3400 tumidus
2041 3374 2113 3400 Idem
2129 3382 2150 3404 2,
2168 3377 2191 3404 8,
2205 3380 2231 3404 9.

1987 3409 2087 3436 Iudicia
2104 3414 2231 3442 corrupta

1183 3451 1210 3472 et
1221 3447 1398 3474 contaminata
1411 3453 1556 3480 paucorum
1570 3444 1640 3471 vitio
1653 3452 1682 3470 ac
1694 3443 1861 3479 turpitudine
1879 3445 1936 3471 Cic.
1950 3445 2041 3472 Diuin.
2056 3444 2083 3470 in
2098 3444 2172 3470 Caec.
2187 3450 2231 3477 70.

1182 3481 1265 3509 Iudex
1278 3487 1418 3516 corruptus
1433 3482 1528 3508 Horat.
1545 3480 1626 3508 Serm.
1643 3487 1665 3513 2,
1679 3487 1704 3512 2,
1717 3487 1744 3512 9.
1807 3480 1947 3507 Poetarum
1961 3481 2075 3515 quisque
2089 3477 2231 3512 corruptis-

1182 3517 1261 3545 fimus
1279 3516 1410 3552 Quinetil.
1423 3521 1447 3549 8,
1460 3523 1491 3549 25
1509 3517 1550 3543 Pr.
1605 3515 1719 3550 Populus
1733 3515 1868 3543 Romanus
1885 3515 2072 3550 largitionibus
2091 3520 2231 3548 corruptus

1183 3553 1236 3587 est,
1252 3560 1281 3581 vt
1295 3554 1346 3580 sese
1365 3561 1394 3579 ac
1412 3552 1534 3578 fortunas
1548 3552 1605 3578 suas
1618 3551 1722 3578 venales
1743 3551 1837 3579 habeat
1853 3549 2076 3580 Pseudo-Sallust.
2095 3550 2124 3575 in
2136 3550 2193 3575 Cic.
2209 3557 2227 3576 1.

1554 3588 1612 3614 Hac
1624 3586 1746 3614 mercede
1760 3593 1900 3623 corruptae
1920 3586 1984 3613 Pliu.
2001 3594 2033 3617 13,
2047 3593 2069 3617 3.
2137 3584 2228 3625 Litera

1182 3625 1282 3652 Graeca
1297 3629 1420 3658 corrupta
1434 3624 1500 3649 sono
1512 3623 1609 3650 Latino
1622 3623 1706 3650 Ouid.
1721 3623 1786 3650 Fast.
1801 3633 1824 3656 5,
1838 3631 1889 3656 195.
1947 3622 2037 3648 Mores
2052 3626 2171 3654 corrupti
2185 3620 2228 3660 de-

1180 3661 1337 3695 prauatique
1350 3659 1528 3696 admiratione
1543 3658 1702 3690 diuitiarum
1715 3659 1773 3686 Cic.
1786 3658 1861 3686 Offic.
1876 3667 1901 3690 2,
1916 3664 1955 3692 71.
2006 3656 2096 3682 Mores
2109 3656 2227 3682 ciuitatis

1182 3697 1274 3732 Nepos
1288 3704 1331 3730 25,
1344 3697 1376 3728 6,
1392 3703 1417 3722 2.
1501 3695 1553 3727 Os,
1572 3695 1713 3730 sermoque
1735 3701 1874 3729 corruptus
1896 3692 1924 3718 in
1946 3691 2113 3725 peregrinum
2134 3690 2227 3718 sonum
2244 3692 2248 3702 '‘

1182 3731 1320 3767 Quieta,
1329 3739 1349 3764 1,
1363 3739 1397 3763 13.
1467 3730 1518 3757 Res
1530 3731 1651 3758 omnium
1665 3730 1855 3765 corruptisiima
1873 3728 1930 3755 Sen.
1944 3727 2012 3752 Suas.
2026 3735 2046 3752 1.
2119 3727 2226 3761 Sanguis

1492 3767 1598 3794 Saecula
1616 3767 1753 3794 Claudian.
1773 3766 1800 3792 in
1819 3765 1926 3797 Eun-op.
1948 3769 1981 3794 2,
2001 3769 2048 3801 11¹3.
2119 3762 2225 3788 Senatus

1593 3802 1697 3837 segetes
1712 3800 1802 3827 herbis
1815 3804 1953 3832 corruptae
1966 3796 2072 3831 leian.
2090 3796 2108 3824 l.
2122 3806 2154 3824 ex
2165 3805 2222 3823 con-

1567 3838 1662 3866 Seruus
1681 3843 1819 3870 corruptus
1838 3834 1911 3860 Idem
1926 3833 1954 3858 in
1973 3832 1990 3858 l.
2008 3832 2026 3859 fi
2040 3832 2100 3867 quis
2120 3834 2222 3870 seruum

1554 3873 1673 3902 Traeius
1687 3872 1753 3898 caeli
1768 3870 1862 3904 Virgil.
1875 3869 1940 3894 Aen.
1952 3876 1976 3900 3,
1991 3873 2039 3900 138.
2103 3867 2222 3905 Vicloria

1585 3907 1771 3941 Sardanapalus
1778 3906 1828 3932 Vir
1841 3903 1954 3930 muliere
1968 3903 2120 3938 corruptior
2132 3902 2226 3927 lustin.-

1800 3939 1929 3974 Voluptas'
1950 3938 2044 3967 dolore
2061 3938 2127 3964 Hor.
2139 3936 2213 3962 Scrm

2124 3979 2143 4003 1,
2152 3981 2174 4005 2,
2181 3979 2220 4005 39.

1180 3805 1237 3832 Cic.
1251 3812 1300 3838 pro
1321 3802 1413 3829 Rabir.
1433 3801 1499 3829 Post.
1519 3810 1542 3837 ς.

1181 3840 1262 3866 dudio
1274 3837 1311 3900 s§.
1328 3847 1338 3864 1
1363 3838 1395 3864 D.
1411 3838 1488 3865 locat.

1181 3876 1214 3903 D.
1228 3875 1260 3901 de
1286 3882 1353 3900 eruo
1367 3880 1484 3909 corrupt.

1181 3911 1261 3937 toties
1275 3910 1344 3938 Tac.
1358 3909 1425 3936 Hist.
1435 3919 1464 3943 4,
1477 3917 1514 3943 35.

1327 3945 1413 3981 Virgo
1431 3946 1514 3973 Ouid.
1515 3946 1620 4009 ὗλπιοικ
1633 3953 1657 3978 3,
1668 3948 1693 3977 8,
1705 3950 1744 3974 30.

1481 3989 1498 4017 7
1584 3989 1597 4008 a
