2474 4182
665 145 1568 200 PRAEFATIO.

75 270 218 330 mole,
249 267 330 317 sub
358 281 443 331 qua
462 260 617 311 classici
636 263 713 327 qui
728 273 951 311 vocantur
968 255 1172 307 austores
1190 272 1336 320 prope
1353 256 1643 321 delitescunt3
1675 274 1893 324 poterunt
1910 264 1982 312 illa
2002 264 2193 313 volumi-

74 348 182 398 nosa
201 364 339 412 opera
357 342 640 394 Bibliothecis
658 354 703 389 et
732 342 914 405 priuatis
933 336 1211 386 beatioribus
1230 337 1450 400 relinqui:
1483 337 1696 386 homines
1712 342 1786 388 alii
1800 344 1984 406 literati,
2008 346 2086 408 qui
2105 343 2193 392 sae-

74 445 133 492 pe
151 444 247 478 non
263 439 424 486 magna
444 424 489 469 in
506 437 556 469 re
577 421 660 469 esse
680 420 843 479 solent,
873 433 1016 467 vnum
1042 416 1267 464 eiusmodi
1285 414 1544 465 thesaurum
1574 430 1793 481 poterunt
1822 425 1966 471 aureis
1984 439 2079 472 non
2100 426 2197 487 plu-

76 509 212 568 ribus,
244 520 378 569 quam
394 518 510 551 vnus
529 503 618 549 iam
629 502 839 563 Virgilius
855 497 1030 546 constat
1047 508 1126 544 aut
1136 496 1344 555 Ouidius,
1363 496 1589 545 redimere
1609 514 1619 545 :
1661 510 1881 561 quantum
1899 515 2052 552 autem
2072 520 2194 552 nunc

76 587 190 636 solus
205 583 354 632 haurit
370 583 546 642 Liuius,
579 597 633 630 ea
662 579 847 646 pecunia
864 587 1081 640 poterunt
1098 587 1245 624 totam
1270 591 1416 639 paene
1432 576 1761 628 Bibliothecam
1773 579 2045 630 Latinorum
2063 583 2198 633 classi-

76 681 172 714 cam
197 678 472 726 comparare.

198 768 255 802 12.
283 752 386 800 Hoc
402 751 538 813 igitur
555 750 752 807 confiliO,
793 759 1013 810 quantum
1031 747 1125 794 eius
1144 743 1291 794 facere
1310 761 1391 809 per
1409 746 1492 794 alia
1510 747 1695 809 negotia
1713 748 1873 810 potui,
1892 750 2052 797 corrasi
2070 753 2197 799 vndi-

72 848 158 896 que
183 832 398 896 quidquid
426 832 639 880 idoneum
656 827 883 875 videretur
901 826 1222 889 locupletando
1240 827 1391 888 operi,
1418 841 1516 874 non
1544 842 1637 890 quo
1657 842 1746 889 ego
1765 826 1952 890 pulchra
1969 831 2199 880 cornicula
2277 879 2281 883 ,

70 927 145 960 me
170 911 400 967 iastarem,
431 910 506 959 sed
534 908 650 958 vnde
667 908 713 954 in
729 907 967 970 posterum
985 921 1169 967 omnes,
1203 918 1425 970 quantum
1453 907 1641 969 vellent,
1661 907 1999 970 depromerent.
2067 911 2201 976 Qae

72 1007 176 1039 cum
194 993 254 1039 ita
271 992 372 1052 fint,
412 1000 593 1053 apparet
611 985 962 1050 Lexicographo
986 1001 1083 1035 non
1098 987 1231 1034 aliam
1248 986 1331 1034 esse
1349 987 1495 1049 legem
1512 987 1722 1050 pofitam,
1756 1004 1892 1052 quam
1910 1000 1961 1037 vt
1981 1003 2200 1053 congerat

72 1072 116 1118 in
135 1072 394 1119 communia
411 1069 593 1129 horrea,
625 1067 845 1132 quidquid
863 1067 926 1115 est
944 1067 1096 1114 bonae
1115 1064 1275 1128 frugis,
1295 1066 1579 1131 fideliterque
1599 1066 1718 1130 ipsos
1736 1066 1888 1116 fontes
1908 1070 2094 1132 primos,
2113 1072 2200 1134 pri-

72 1166 185 1212 mos,
216 1153 409 1214 inquam,
441 1146 679 1196 austorum
698 1145 976 1196 classicorum
993 1147 1107 1205 loca,
1146 1146 1270 1195 vnde
1288 1147 1488 1212 quidque
1509 1146 1782 1211 descriptum
1800 1148 1860 1208 fit,
1880 1148 2060 1197 indicet.
2126 1150 2200 1199 De

72 1244 253 1279 caetero
273 1231 379 1278 vnde
395 1228 557 1277 habeas
574 1242 697 1276 nemo
720 1229 922 1291 quaerit,
939 1228 1029 1289 sed
1045 1235 1222 1290 oportet
1239 1226 1415 1277 habere.
1482 1227 1682 1276 Pertinet
1708 1228 1767 1276 ad
1798 1243 1885 1276 nos
1904 1241 2200 1292 praeceptum

70 1310 177 1358 illud
199 1310 360 1375 veteris
379 1309 508 1357 lenae
532 1308 755 1356 meretrici
783 1308 962 1369 datum,
1003 1307 1314 1371 inflexumque
1340 1308 1513 1368 leuiter,
1542 1309 1734 1371 Spolies,
1775 1309 1978 1369 mutiles,
2008 1310 2204 1371 laceres,

71 1404 321 1454 quemquem
337 1390 488 1438 nablas
498 1386 564 1454 fis
578 1403 597 1436 .·
635 1389 757 1436 ratio·
771 1388 836 1436 est
863 1389 909 1436 in
936 1399 1145 1451 promtu,
1178 1388 1299 1437 Nam
1327 1402 1449 1436 nemo
1477 1388 1714 1451 quisquam
1741 1390 1800 1437 ad
1814 1398 1860 1438 te
1888 1391 2034 1448 venit,
2073 1391 2201 1457 Qin

70 1472 138 1519 ita
150 1470 405 1531 paretfist’,
438 1467 518 1516 abs
534 1476 579 1517 te
597 1469 778 1529 vtsuam
794 1466 980 1517 viciffim
998 1469 1292 1532 indigentiam
1311 1469 1511 1532 expleat.
1580 1468 1658 1516 Est
1676 1484 1729 1516 ea
1747 1467 1842 1517 fere
1861 1467 1957 1517 sors
1977 1468 2203 1520 librorum

68 1546 414 1608 vtiliffimorum,
454 1560 504 1597 vt
528 1548 608 1596 illis
633 1564 718 1611 pro
745 1547 810 1596 sui
836 1550 977 1597 animi
1003 1548 1227 1609 lubidine,
1260 1546 1389 1596 facile
1407 1559 1452 1597 et
1470 1549 1721 1598 commode
1741 1561 1926 1598 vtantur
1945 1564 2127 1609 omneS‚
2158 1561 2205 1598 et

70 1627 175 1675 inde
190 1628 403 1676 iuuentus
420 1643 516 1677 non
534 1629 757 1693 quotidie,
774 1627 853 1678 sed
871 1629 1045 1691 fingulis
1068 1626 1163 1677 fere
1180 1627 1327 1678 horis:
1362 1644 1503 1678 nemo
1526 1641 1720 1687 temere,
1740 1630 1976 1694 quidinde
1995 1630 2206 1681 didicerit

67 1705 277 1767 fateatur,
310 1709 439 1771 pauci
463 1709 611 1770 aliter,
644 1697 783 1773 quam
807 1710 854 1757 in
880 1707 1231 1772 reprehensione
1267 1710 1522 1757 nominent.
1617 1710 1743 1770 Ergo
1770 1724 1868 1757 non
1895 1709 2039 1772 pudet
2064 1711 2207 1759 multa

66 1802 93 1834 e
115 1789 451 1836 commentariis
469 1787 801 1850 Gronouianis,
834 1778 1108 1848 HeinfianiS,
1145 1785 1544 1843 BrouckhusianiS,
1575 1783 1819 1844 Cortianis,
1848 1787 2207 1848 Burmannianis,

65 1866 512 1916 Drakenborchianis
525 1904 537 1926 ‚
555 1868 767 1929 accepisse
786 1867 951 1923 multa,
969 1879 1135 1912 aureae
1152 1864 1328 1911 Ernesti
1346 1858 1440 1908 rnei
1459 1861 1594 1908 clauis
1612 1876 1756 1923 opera
1774 1863 1833 1909 de
1850 1862 2066 1912 Tulliano
2083 1881 2206 1928 penu

66 1943 285 2005 sustulisse,
303 1945 526 2008 quaedam
545 1945 603 1991 de
613 1945 674 1990 Ill.
686 1943 946 1990 Menckenii
963 1941 1009 1984 in
1019 1940 1057 1985 F
1057 1939 1221 1986 abrum
1240 1937 1633 1989 obseruationibus
1651 1938 1743 1988 huc
1761 1940 1996 1991 deriuasse:
2017 1941 2096 1992 sed
2113 1943 2206 1995 hoc

68 2039 201 2084 aegre
227 2038 302 2070 me
327 2022 486 2076 habet,
527 2019 654 2081 quod
682 2032 780 2066 non
807 2018 940 2080 potui
965 2033 1072 2066 cum
1097 2016 1346 2081 puluisculo
1366 2020 1525 2067 omnia
1542 2018 1635 2068 huc
1653 2035 1930 2070 conuerrere
1951 2038 1962 2071 ε
1997 2026 2206 2089 quando-

64 2099 267 2164 quidem,
299 2099 375 2162 qui
397 2098 498 2146 talia
514 2096 714 2146 scribunt
731 2096 822 2145 hoc
841 2095 989 2160 ipsum
1008 2097 1124 2146 velle
1141 2097 1332 2160 debent,
1366 2111 1418 2147 vt
1435 2114 1574 2164 quam
1594 2101 1796 2163 plurimis
1817 2102 1954 2165 profit
1969 2104 2207 2167 ingenium

64 2176 422 2238 suum,dostrina
438 2176 527 2239 sua,
536 2190 673 2242 atque
691 2177 933 2240 diligentia.
963 2177 1118 2241 Ecqua
1131 2193 1246 2227 vero
1265 2180 1445 2228 ratione
1463 2180 1573 2228 illud
1593 2179 1713 2229 effici
1731 2183 2023 2233 commodius
2041 2187 2206 2249 potest,-

66 2274 202 2323 quam
220 2258 248 2306 fi
264 2258 312 2306 in
328 2273 471 2308 vnum
487 2258 627 2307 veluti
643 2272 810 2322 corpus
828 2255 1061 2321 paullatim
1080 2257 1313 2308 Vniuersae
1322 2259 1369 2307 id
1377 2275 1524 2322 genus
1535 2259 1880 2312 obseruationes
1894 2262 2203 2316 conferantur.

67 2340 129 2388 At
144 2334 381 2387 nominare
399 2338 610 2400 debebaS,
629 2338 787 2402 inquit,
797 2337 1068 2400 fingularum
1086 2337 1461 2388 obseruationum
1479 2339 1700 2390 austoreS.
1747 2342 1938 2393 Faetum
1955 2345 2004 2393 id
2023 2345 2089 2393 est
2105 2361 2205 2394 non

64 2433 191 2480 rarO,
223 2419 302 2467 vbi
319 2420 484 2482 'nempe
500 2417 671 2467 honori
691 2417 802 2465 illud
821 2418 1063 2466 videbatur
1081 2418 1165 2467 esse
1181 2419 1302 2482 posse
1322 2420 1428 2469 viris
1451 2420 1858 2484 praestantiffimis:
1900 2439 2064 2473 verum
2093 2424 2205 2476 sem-

66 2499 212 2562 perid
229 2497 377 2547 facere
393 2510 440 2546 et
457 2497 803 2562 putidiusculum
823 2496 938 2559 esset,
957 2498 1365 2564 Rabbinorumque
1384 2501 1469 2549 illis
1488 2501 1812 2551 traditionibus
1832 2503 1967 2553 simile
1985 2516 2032 2552 et
2049 2506 2206 2556 multis

67 2578 217 2627 modis
241 2578 607 2637 incommodum,
639 2589 684 2626 et
710 2578 806 2642 ipfis
833 2576 962 2641 saepe
989 2578 1252 2640 auftoribus
1276 2581 1532 2630 molestum.
1628 2581 2040 2648 Qemadmodum
2066 2586 2204 2648 igitur

65 2658 212 2708 Leina
230 2655 388 2710 ,noster
412 2655 457 2705 se
485 2657 662 2706 creuisse
683 2674 710 2707 a
734 2658 886 2707 multis
911 2658 1019 2707 riuis
1045 2660 1302 2709 minoribus
1330 2675 1428 2710 non
1453 2672 1611 2723 negat,
1643 2676 1731 2709 nec
1757 2644 1942 2721 austum
1967 2663 2204 2716 se'Leinae

65 2737 190 2802 aquis
214 2734 454 2786 diffimulat
471 2738 643 2800 Allera,
676 2753 762 2787 nec
779 2736 980 2801 Visurgis
1005 2739 1202 2805 denique
1229 2741 1430 2790 Alleram
1453 2741 1668 2805 accepisse
1695 2742 1774 2791 fibi
1799 2727 1931 2807 putat
1959 2745 2203 2821 dedecori,

64 2831 224 2866 omnes
242 2828 394 2865 autem
413 2833 529 2867 vnus
545 2816 696 2866 haurit
712 2817 926 2868 Oceanus
941 2814 958 2882 3'
987 2835 1140 2884 neque
1157 2832 1312 2870 tamen
1330 2822 1575 2886 postquam
1590 2820 1727 2871 semel
1744 2823 1837 2872 finu
1857 2812 2043 2874 maioris
2057 2841 2203 2889 aquae

65 2892 246 2960 recepta
273 2896 338 2945 est
365 2898 538 2956 minor,
571 2897 782 2962 distingui
807 2898 996 2963 amplius
1016 2901 1186 2964 potest:
1220 2902 1281 2950 ita
1297 2900 1400 2970 satis
1420 2901 1505 2950 esse
1523 2902 1682 2964 debet,
1714 2904 1843 2968 quod
1871 2903 1946 2952 hic
1971 2905 2019 2952 in
2046 2904 2200 2954 limine

62 2976 348 3040 profitemur,
362 2992 389 3026 a
406 2977 567 3041 quibus
583 2980 913 3042 acceperimus3
942 2980 1109 3043 singula
1125 2979 1211 3030 suis
1225 2980 1443 3045 affignare
1462 2983 1675 3044 dominis,
1696 2983 1890 3046 difficile,
1909 2983 2199 3047 inuidiosum,

63 3055 219 3106 inutile
234 3055 309 3105 est.
371 3057 556 3106 Habent
573 3059 660 3107 viri
677 3058 803 3107 doffl
817 3057 1006 3115 solidam
1025 3077 1081 3110 ex
1099 3060 1186 3110 suis
1206 3062 1402 3112 inuentis
1419 3063 1614 3125 gloriam
1631 3075 1677 3112 et
1695 3065 1919 3126 integram
1931 3102 1942 3124 ,
1962 3063 2075 3112 dum
2093 3059 2198 3113 libri

60 3135 240 3187 illorum
265 3135 502 3185 exstabunt
518 3174 534 3198 ,
572 3136 746 3188 habent
776 3138 944 3188 decora
968 3141 1072 3203 alia,
1107 3158 1168 3190 ne
1194 3141 1330 3205 poffit
1348 3144 1527 3192 nomini
1545 3143 1728 3193 illorum
1745 3142 1832 3192 hac
1849 3141 2198 3194 diffimulatione

61 3214 224 3262 vmbra
246 3213 397 3262 obiici.

208 3316 266 3363 13.
304 3301 563 3353 Duodecim
580 3307 689 3369 anni
705 3306 980 3371 efflukerunt
996 3310 1162 3372 integri
1188 3324 1215 3358 a
1233 3308 1414 3360 consilio
1431 3308 1566 3361 huius
1593 3311 1742 3376 operis
1766 3309 1971 3376 suscepto
1990 3324 2037 3362 et
2053 3308 2197 3377 publi-

61 3393 176 3430 cato.
240 3382 299 3430 Et
315 3393 496 3445 poterat
511 3379 642 3447 sane',
678 3386 707 3434 fi
724 3388 856 3436 vacui
871 3386 963 3466 lgioc
982 3401 1085 3439 toto
1102 3402 1313 3454 tempore
1329 3390 1389 3440 ab
1406 3391 1495 3440 alio
1515 3392 1645 3440 omni
1659 3390 1818 3461 labore
1835 3391 2058 3445 fuissemus
2076 3430 2089 3453 ,
2122 3393 2198 3442 ali-

60 3462 170 3538 quid
188 3461 432 3521 elaborari,
455 3464 582 3527 quod
600 3459 956 3543 nemacutiorum
978 3469 1568 3534 examenxperhorresceret.
1628 3458 1805 3520 Verum
1822 3474 2078 3557 eniigvero
2096 3488 2198 3522 non

62 3539 264 3590 cessatum
290 3540 373 3589 esse
398 3556 425 3590 a
448 3542 583 3591 nobis
609 3544 788 3594 interim
803 3562 840 3595 ‘a
858 3549 969 3608 varii
991 3551 1172 3612 generis
1198 3549 1606 3614 praelectionibus,
1638 3551 1830 3614 publicis
1850 3591 1863 3613 ,
1903 3553 2087 3616 priuatis
2106 3591 2119 3614 ,
2151 3565 2198 3601 et

63 3632 174 3681 quae
190 3619 502 3682 priuatiffimae
519 3635 765 3684 vocantur,
800 3641 890 3675 nec
906 3637 1109 3694 vnquam
1129 3631 1299 3680 interea
1317 3629 1498 3680 defuisse
1517 3666 1530 3689 ‚
1572 3632 1651 3694 qui
1675 3631 1746 3680 illa
1766 3647 1907 3694 opera
1933 3632 2090 3681 nostra
2107 3633 2197 3681 vel-

61 3696 264 3753 lentvt13
295 3711 391 3750 tum
410 3699 502 3750 hoc
517 3702 613 3767 ipso
630 3704 869 3754 interuallo
892 3707 1093 3758 dandum
1111 3707 1236 3758 fuisse
1262 3711 1432 3776 aliquid
1451 3709 1659 3759 Luciano
1687 3726 1745 3759 ex
1763 3711 1991 3760 dodrante
2019 3728 2046 3760 a
2062 3712 2198 3761 nobis

59 3774 222 3824 Latine
235 3779 453 3829 conuerso
479 3794 526 3831 et
537 3784 907 3835 adnotationibus
925 3787 1143 3838 illustrato
1161 3827 1174 3849 ,
1199 3801 1300 3839 tum
1317 3789 1624 3856 Qinstiliano
1649 3802 1696 3838 et
1714 3791 1827 3839 illius
1845 3790 1989 3841 Plinio
2009 3790 2198 3854 discipu·

57 3854 127 3916 ¹03
145 3855 346 3908 dandum
367 3857 487 3910 fuisse
505 3864 692 3926 publicis
710 3877 757 3914 et
771 3867 1100 3930 priuatiS,1nole
1116 3870 1306 3934 quidem
1320 3870 1589 3929 minoribus,
1607 3869 1686 3918 sed
1701 3885 1760 3918 eo
1778 3870 1981 3933 pluribus
1999 3885 2196 3918 numero

1161 3949 1193 3998 d
1225 3965 1252 3999 2
1998 3949 2196 4012 scriptio-
