2474 4182
287 132 364 177 987
679 120 947 161 COE

327 217 344 238 c
355 218 374 238 o
385 211 424 238 fi>
434 217 453 237 v
463 218 479 238 ι,
489 218 537 239 01<
548 218 566 238 v
576 219 588 239 s
597 232 603 243 ‚
631 212 649 237 i.
677 220 712 237 m.
748 210 830 236 Plaut.
845 210 913 237 Pers.
926 219 946 243 1,
958 218 980 243 3,
991 218 1025 237 20
1050 212 1074 237 O
1089 209 1128 237 mi
1141 210 1240 245 Iupiter
1253 214 1334 235 terre-

293 248 368 280 ιιι-ιε,
392 253 417 274 te
438 248 598 282 co'c'pulonus
617 245 757 280 compellat
771 253 839 272 tuus.
874 246 974 274 Alludit
986 246 1022 273 ad
1037 246 1162 283 collegium
1185 246 1336 280 Epulonum

296 284 386 315 Iouis,
404 283 431 309 de
445 293 489 319 quo
498 284 522 319 J:
536 286 553 309 l.

333 326 351 346 C
364 328 382 345 o
394 318 561 357 ilevi‘Mm
579 322 630 342 arc.
662 316 827 350 [συνιππεύω]
863 318 940 344 Simul
958 319 1075 354 equitare.
1095 317 1248 351 Liu.37,18
1270 317 1338 341 0οέ-

296 355 464 390 quitaueraut
477 361 563 380 autem
583 354 625 378 sex
642 353 729 379 millia
747 353 877 387 equitum.
913 353 960 382 Scd
989 355 1094 379 Gronau.
1116 354 1186 379 Cum
1205 351 1339 387 equitatu:
1359 358 1373 383 5

296 398 371 418 erant
384 399 471 418 autem
486 390 527 414 sex
547 387 632 414 millia
647 389 777 423 equitum.

333 432 377 452 Cu
389 434 399 451 ι
415 433 431 451 R
443 432 459 451 C
472 432 486 450 Ε
497 432 531 455 O,
560 433 598 456 ιιι,
626 431 708 456 itum,
733 429 785 451 fre.

297 462 412 495 σφίγγω]
450 462 485 486 Ex
499 460 557 486 Con
575 469 597 485 c!
613 460 695 485 Arceo
715 459 884 496 compofitutn;
917 460 1025 494 undique
1044 468 1148 489 arcere,
1171 462 1189 484 i.
1204 457 1304 484 arbim-c
1316 464 1339 483 et

296 500 436 527 continere,
460 502 532 530 atquc
552 495 610 521 adeo
630 496 723 528 obstare
741 503 763 522 et
782 495 907 531 impedire.
963 496 1018 521 Cic.
1034 494 1065 520 de
1078 494 1178 521 Sene&
1201 503 1231 526 52
1251 496 1338 526 Qum

298 533 441 565 serpentem
455 531 596 565 multiplici
611 530 683 565 lapsu
698 538 722 557 et
735 532 858 563 erratico,
869 531 941 557 ferro
955 537 1089 565 amputans
1103 533 1205 557 coercet
1218 538 1257 555 ars
1270 529 1339 562 agri-

297 568 429 596 colari-nn,
449 576 481 593 ne
495 566 612 592 lilucscat
624 567 758 593 sarmentis
768 587 777 600 ,
792 568 818 593 de
833 574 892 593 uite.
949 567 1020 601 Qioil
1032 569 1147 592 imitatur
1167 565 1298 598 Qiintz'lil.
1310 573 1338 597 9,

297 612 325 635 4,
339 611 351 635 5
371 604 426 629 Cur
446 603 529 629 vitem
550 604 700 629 coercemus
719 604 816 630 manu?
875 603 1034 636 Pomponius
1049 602 1076 627 in
1091 602 1108 628 l.
1124 611 1156 628 22
1183 603 1209 628 Si
1223 601 1338 627 vsusfru-

297 638 353 664 &us
367 639 398 664 D.
412 638 443 664 de
461 647 527 672 aqua
548 638 621 672 pluu.
637 639 739 665 arcend.
755 638 776 675 φ’.
793 648 802 665 ι
836 638 899 664 Non
913 637 990 664 aliter
1005 637 1141 664 restituiss'c
1162 646 1218 663 rem
1232 638 1340 663 videtur

297 674 329 706 is,
338 674 384 708 qui
398 682 462 708 opus
477 674 554 706 fecit,
568 683 647 708 quam
661 674 679 700 fi
694 676 795 710 Aquam
812 676 944 706 coerceat,
962 677 981 700 i.
995 681 1094 706 arceat,
1112 673 1175 709 quod
1188 673 1239 708 ips}
1251 672 1341 697 titulus

290 709 359 745 satis
372 709 456 735 claret:
481 710 515 742 est
526 717 606 736 autem
621 720 709 737 arcere
728 718 797 736 iutra
806 710 865 744 filos
876 709 943 745 finer
956 717 979 735 et
992 711 1073 735 alueos
1084 712 1223 738 contine-rc,
1242 716 1269 732 nc
1284 715 1339 745 cua-

296 752 357 781 gata
372 752 463 771 noceat.
520 746 566 772 Cic
580 746 607 771 in
621 747 721 780 Topic.
736 755 765 779 39
787 746 875 772 Genus
887 745 940 777 est,
960 747 1036 779 Aqua
1050 745 1140 778 pluuia
1154 751 1262 768 nocens:
1283 750 1339 767 ems

296 781 400 814 generis
427 781 547 814 formae,
567 782 621 808 loci
644 783 714 808 vitio
724 802 732 814 ,
759 788 785 807 et
811 790 890 807 mann
917 790 1026 812 nocens:
1060 788 1171 813 quarum
1197 778 1278 803 altera
1300 778 1339 802 iu-

297 817 374 843 betur
394 816 427 842 ab
451 817 566 843 arbitrio
588 818 723 849 coerceri,
744 817 826 844 altera
854 826 909 843 non
938 816 1057 851 iubetur.
1125 816 1193 839 Hinc
1222 814 1278 839 Cic.
1307 812 1339 838 de

296 852 337 879 Cl.
359 852 433 879 Orat.
456 856 498 885 316
522 862 542 879 c.
557 862 585 885 91
616 854 644 880 de
657 854 705 889 Jua
732 853 830 879 dicendi
851 856 962 882 ratione,
997 852 1019 875 Is
1040 854 1049 881 (
1069 850 1165 888 Molo)
1186 848 1258 874 dedit
1279 857 1341 882 ope-

297 897 370 920 ram,
397 895 425 914 vt
445 889 524 915 nimis
545 889 718 916 redundantes
747 898 810 920 nos,
842 895 867 913 et
887 886 1072 920 superfluentes
1094 885 1207 910 iuuenili
1228 885 1340 919 quadam

296 924 401 950 dicendi
430 925 604 959 impunitate,
632 933 657 951 et
678 925 786 951 licentia
809 923 982 956 reprimeret,
1017 926 1043 946 et
1065 920 1136 954 quasi
1163 927 1236 947 extra
1270 921 1340 954 ripas

295 960 444 987 diffluentes
464 962 606 987 coerceret.
680 960 809 993 Quinem.
826 967 868 989 12,
884 966 903 988 ι,
917 965 951 982 20
989 955 1018 981 de
1042 956 1123 982 eadem
1141 966 1167 982 re
1186 963 1210 982 et
1235 956 1340 988 homine,

296 996 327 1022 Et
342 996 434 1030 seipse
454 997 536 1023 multa
550 1005 580 1023 ex
595 996 639 1023 illa
654 996 767 1022 iuuenili
787 993 948 1020 abundantia
962 993 1103 1018 coercuia'e
1123 992 1239 1018 testatur.
1299 993 1340 1019 Sic

295 1032 390 1059 Horat.
405 1033 436 1058 A.
450 1033 474 1058 P.
490 1041 536 1065 293
557 1033 668 1059 Carmen
681 1029 880 1064 reprehendite,
899 1027 971 1062 quod
985 1036 1039 1053 non
1052 1028 1137 1054 Multa
1150 1027 1206 1054 dies
1220 1034 1245 1054 et
1259 1028 1342 1054 multa

297 1067 377 1094 litura
391 1069 517 1094 co'c'rcuit.
587 1068 654 1094 Cels.
671 1075 693 1098 ς,
707 1074 734 1097 ¹9
765 1064 839 1090 Exest
853 1065 932 1090 etiam
947 1063 1119 1090 vehementer
1133 1073 1241 1098 corpus,
1261 1070 1339 1098 atque
1355 1068 1371 1086 2

296 1104 348 1130 offa
362 1112 470 1138 quoque
489 1104 600 1130 resoluit
621 1108 646 1127 et
666 1102 901 1136 supercrescentem
921 1100 1034 1126 Carnem
1048 1102 1159 1126 co'e'rcet.
1217 1099 1246 1126 Id
1267 1100 1339 1134 quod

295 1138 392 1171 habet,
419 1147 464 1165 etc.
502 1138 568 1164 Cels.
585 1145 611 1171 7,
628 1145 644 1171 7
674 1136 731 1163 Post
744 1136 806 1162 haec
822 1136 954 1162 educenda
967 1144 1026 1161 acus
1039 1135 1111 1162 recta
1122 1136 1171 1162 est:
1202 1136 1340 1169 imponen-

294 1174 411 1209 dumque
423 1175 457 1200 cst
472 1174 528 1199 lana
542 1173 619 1198 molli
631 1179 768 1207 exceptum
781 1172 828 1198 oni
842 1171 947 1204 album,
974 1177 999 1197 et
1014 1172 1090 1206 supra
1108 1171 1180 1206 quod
1194 1172 1339 1197 inflamma-

294 1210 394 1237 tionem
416 1212 533 1235 coerceat
552 1216 630 1243 atque
644 1209 680 1234 ita
700 1208 914 1235 deuinciendum.
975 1208 1042 1234 Hor.
1057 1207 1085 1234 in
1098 1207 1180 1242 Epod.
1193 1216 1219 1240 9,
1235 1216 1260 1239 33
1291 1207 1340 1232 Vel

293 1246 365 1280 quod
380 1246 503 1271 fluentem
519 1245 648 1271 Nauseam
662 1246 781 1270 co'e'rccat
816 1244 914 1270 Metire
930 1242 1008 1269 nobis
1024 1243 1186 1270 Caecubum.

295 1283 417 1307 coercere
433 1282 498 1307 Cato
513 1281 543 1306 R.
557 1281 587 1307 R.
603 1289 677 1313 139,1
698 1278 731 1313 {st
743 1280 821 1312 idem,
848 1279 912 1315 quod
928 1279 1028 1305 Lucum
1042 1279 1182 1305 collucare.
1237 1279 1340 1315 Salmas.

292 1318 363 1342 malit
378 1317 531 1351 coinquerc‚
546 1326 572 1342 υ.
586 1325 611 1342 υ.
633 1317 763 1342 Co'e'rcere
775 1316 874 1342 verbum
889 1316 947 1342 huic
959 1317 997 1341 rei
1008 1323 1101 1351 aptum.
1144 1314 1202 1341 Vid.
1224 1315 1341 1341 Arbores

293 1354 416 1378 coercere
430 1362 456 1378 n.
470 1361 495 1378 2.
566 1352 624 1378 Liu.
640 1361 665 1384 2,
680 1361 706 1384 23
725 1353 780 1377 Iam
793 1360 875 1386 prope
888 1356 959 1383 erat,
979 1357 1008 1377 vt
1027 1360 1059 1378 ne
1071 1351 1216 1378 Consulum
1231 1350 1341 1385 quidem

292 1388 411 1414 maiestas
430 1391 563 1414 coerceret
583 1388 633 1414 iras
653 1387 802 1414 hominum.
873 1387 970 1413 Brutus
984 1387 1018 1415 ad
1036 1387 1091 1414 Cic.
1106 1389 1134 1413 16
1152 1386 1255 1422 ficbfin.
1282 1387 1337 1421 Ego

823 424 834 457 [
843 422 909 459 ἔργω
916 443 924 457 ,
951 423 1058 458 συνείργω
1066 442 1072 454 ,
1095 422 1240 457 οἷναχοιτίζω
1249 441 1256 454 ‚
1277 433 1339 456 περ.

1361 541 1372 560 1

291 1432 358 1450 vero
374 1424 395 1449 is
409 1424 481 1455 sum,
505 1424 552 1458 qui
569 1432 622 1450 non
634 1423 716 1450 modo
727 1432 781 1450 non
797 1423 954 1458 supplicem,
982 1424 1025 1451 sed
1038 1423 1117 1449 etiam
1138 1424 1273 1448 coerceam
1294 1431 1339 1457 po-
1356 1428 1386 1455 35

291 1459 430 1492 stulantes,
450 1466 478 1486 vt
492 1459 540 1486 fibi
554 1459 722 1493 supplicetur.

291 1494 360 1522 mihi
380 1495 509 1526 videbar)
541 1495 628 1521 locum
648 1494 801 1521 resecandae
820 1494 941 1521 libidinis
959 1501 985 1522 et
1004 1494 1163 1521 coercendae
1182 1494 1338 1520 iuuentutis.

291 1531 418 1565 Pompon.
428 1531 445 1557 l.
460 1539 476 1557 2.
489 1529 547 1567 §.16
568 1530 599 1556 de
613 1531 660 1557 Or.
676 1532 728 1556 Iur.
749 1530 842 1556 Solum
854 1529 980 1557 relietum
993 1530 1029 1557 est
1044 1530 1203 1565 Consulibus,
1223 1536 1252 1556 vt
1265 1532 1338 1556 coe'r-

797 1460 914 1486 CitaAtt.
930 1468 950 1491 1,
964 1465 988 1490 ιε
1008 1460 1038 1486 In
1051 1467 1102 1494 qua
1120 1467 1169 1492 ego
1183 1457 1274 1484 nactus
1293 1462 1339 1489 (vt

242 1576 246 1577 ⁷
291 1576 350 1593 cere
365 1567 481 1600 possent,
502 1572 527 1592 et
543 1566 570 1591 in
582 1566 689 1592 vincula
702 1565 808 1600 publica
822 1565 883 1592 duci
896 1565 1032 1593 iuberent:
1052 1569 1156 1601 proprie
1169 1566 1240 1592 uerbo
1256 1569 1338 1592 utitur

291 1612 348 1628 nam
363 1606 440 1637 tpjum
453 1610 583 1628 carcerem
602 1612 617 1627 a
632 1601 776 1628 co'e'rcendo
791 1602 809 1627 s.
824 1602 969 1628 coarcendo
983 1601 1086 1631 dictum,
1106 1603 1171 1628 alias
1185 1611 1213 1627 cx
1226 1603 1339 1628 Varrone
1347 1609 1385 1635 40

488 1638 529 1664 Sic
541 1636 606 1663 Plin.
622 1645 660 1668 10,
677 1645 708 1668 50
742 1637 778 1662 Ex
792 1646 824 1663 eo
836 1638 971 1671 coepimus
985 1647 1088 1664 carcere
1104 1639 1225 1664 coercere
1239 1638 1337 1664 anima-

292 1673 343 1705 lia,
365 1673 461 1706 quibus
474 1679 568 1698 natura
584 1672 684 1698 caelum
699 1671 876 1705 affignaucrat.
913 1674 992 1699 Caius
1009 1674 1024 1700 l.
1038 1682 1050 1705 3
1065 1673 1091 1700 ff.
1111 1673 1142 1699 de
1162 1674 1262 1707 acquir.
1284 1682 1336 1699 rer.

291 1708 414 1734 dominio
429 1708 554 1735 Custodia
574 1707 661 1734 nostra
680 1708 747 1733 feras
767 1713 792 1733 et
807 1707 928 1733 volucres
942 1711 1073 1735 cofircere.
1144 1708 1307 1735 Callistratus
1320 1708 1337 1734 l.

289 1744 453 1771 succurritur
474 1744 500 1769 ff.
538 1744 574 1770 Ex
594 1743 691 1777 quibus
711 1743 790 1769 causis
809 1743 940 1775 maiores,
967 1744 1046 1777 Qiod
1063 1753 1117 1769 non
1132 1744 1215 1770 solum
1230 1744 1263 1771 ad
1277 1753 1338 1770 eum

291 1638 451 1673 obstruemus.

290 1781 421 1813 pertinet,
440 1780 487 1815 qui
503 1779 608 1814 publica
629 1778 745 1805 custodia
759 1780 913 1811 coercetur,
940 1779 984 1805 sed
998 1779 1028 1805 ad
1041 1787 1102 1804 eum
1118 1788 1226 1813 quoquc
1236 1801 1243 1813 ‚
1262 1780 1309 1814 qui
1325 1788 1339 1805 a
1354 1782 1388 1809 45
1396 1774 1548 1810 spicantur,
1560 1779 1609 1806 Pr⁰
1623 1773 1737 1798 cusas&
1763 1773 1878 1808 q¹¹⁰m⁰d⁰
1890 1783 1904 1799 ‘²
1917 1774 2066 1801 Muniendo
2088 1775 2205 1802 dicuntur
2218 1773 2316 1801 urbium
2328 1773 2403 1810 ΜΨ),
2422 1790 2424 1793 ’

289 1815 439 1842 latronibus
452 1817 481 1842 vi
498 1816 629 1850 oppressus
643 1815 758 1841 vinculis
778 1816 939 1841 coerceatur.

289 1852 423 1886 progrcss'u
443 1852 577 1884 cocrcuit,
603 1860 617 1877 a
637 1851 725 1878 reditu
746 1850 907 1883 refrenauit,
928 1857 974 1876 etc.
1041 1849 1122 1876 Hodie
1140 1851 1225 1885 legunt
1238 1849 1338 1875 Arcuit.

287 1887 361 1915 Idem
375 1887 407 1914 de
422 1887 510 1913 Finib.
525 1896 544 1920 1,
559 1896 574 1913 z
610 1887 665 1920 Qii
678 1893 783 1918 autem,
809 1886 827 1912 fi
842 1887 957 1913 maxime
972 1886 1021 1912 hoc
1036 1886 1151 1920 placeat,
1177 1884 1339 1911 moderatius

287 1923 315 1951 id
336 1924 433 1950 volunt
452 1923 525 1955 fieri,
558 1921 694 1949 difficilem
715 1922 846 1957 quandam
869 1922 1071 1957 temperantiam
1097 1920 1229 1956 postulant
1248 1921 1276 1947 in
1296 1929 1338 1953 eo,

1013 1814 1068 1841 Cic.
1088 1813 1202 1848 Philipp.
1225 1823 1287 1846 iz,4
1316 1815 1339 1840 A

288 1959 362 1994 quod
382 1959 459 1985 semel
480 1959 533 1985 iam
552 1959 656 1985 miffinn
676 1960 749 1990 (UNI-
775 1958 930 1989 admiffum)
957 1958 1076 1984 merceri
1100 1957 1266 1991 reprimique
1283 1965 1338 1982 ¹¹0¹]
1355 1960 1387 1987 50
1402 1959 1435 1986 acl
1456 1959 1523 1986 illud
1546 1959 1668 1985 diuinum
1694 1959 1845 1985 animorum
1869 1959 2011 1986 concilium
2031 1967 2189 1996 coetumque
2213 1961 2380 1996 proficiscar,
2398 1967 2422 1986 et

288 1994 382 2029 potest.
579 1992 600 2031 q
621 2004 637 2021 2.
674 1992 832 2027 Substanuua
847 1994 964 2029 quaedam
978 1994 1063 2020 ordine
1077 1995 1245 2020 elementorum
1259 1993 1339 2028 dispo-

281 2029 350 2064 fita:
385 2029 536 2055 Animantes
559 2029 662 2055 Extima
681 2029 864 2056 membrorum
887 2031 986 2056 circum
1008 2030 1112 2055 caesura
1129 2030 1233 2054 co‘e'rcet
1259 2029 1338 2055 Lucr.

289 2074 318 2099 4,
335 2067 388 2097 631.
444 2065 554 2090 Animos
567 2067 703 2096 coercere,
724 2065 855 2091 Moderari
866 2068 972 2099 impetus
985 2068 1064 2091 animi
1080 2065 1138 2090 Sen.
1153 2064 1264 2098 Hippoi.
1280 2066 1337 2097 256.

291 2100 406 2127 Arbores
420 2102 542 2134 co‘e'rcere
562 2100 667 2134 leian.
682 2100 710 2125 in
724 2099 741 2125 l.
756 2108 765 2124 1
779 2100 810 2125 D.
826 2099 858 2125 de
873 2101 962 2126 arbor.
978 2100 1049 2125 caed.
1085 2099 1167 2125 Ouid.
1176 2100 1240 2125 Met.
1255 2106 1339 2132 1‚477

290 2137 364 2163 Vitta
388 2136 526 2162 co'e‘rcebat
544 2135 639 2169 politos
661 2135 714 2161 fine
732 2134 789 2168 lege
802 2134 921 2169 capillos.

291 2172 374 2199 Nodo
388 2173 509 2197 coercere
522 2171 616 2197 crines.
687 2171 791 2197 Lucret.
806 2172 832 2202 6,
846 2179 897 2203 954
929 2170 1054 2204 Vndique
1073 2178 1140 2204 quae
1160 2169 1260 2195 circum
1274 2169 1339 2194 Cor-

291 2217 340 2242 pus
355 2207 437 2233 lorica
452 2209 564 2233 co'e'rcet.
612 2206 776 2240 Cupiditates
797 2207 852 2232 Cic.
867 2207 898 2232 de
914 2206 989 2232 Orat.
1005 2214 1025 2238 1,
1040 2213 1096 2238 ¹94·
1151 2204 1339 2231 Defectionem

263 2241 270 2251 '
291 2245 414 2270 co'e‘rcere
431 2243 505 2269 Curt.
519 2249 546 2275 7,
562 2244 587 2274 6,
602 2249 634 2274 ις.
704 2243 836 2276 Impetum
850 2250 979 2275 aquarum
995 2243 1117 2267 coercere
1135 2240 1209 2266 Idem
1224 2245 1247 2271 8,
1263 2248 1298 2272 13,
1313 2248 1337 2272 9.

291 2278 494 2313 Improbitatem
512 2278 567 2304 Cic.
580 2279 657 2303 Verr.
672 2285 695 2310 3,
706 2286 768 2310 204.
839 2277 908 2303 Suet.
921 2276 1022 2302 Domit.
1038 2281 1051 2305 8
1079 2275 1179 2302 Incesta
1192 2275 1339 2301 Vestalium

292 2315 429 2349 virginum
443 2313 518 2340 varie
531 2322 560 2339 ac
574 2314 663 2339 seuere
675 2312 803 2339 co'e‘rcuit.
837 2311 1000 2339 Incurfiones
1014 2314 1138 2338 coercere
1157 2312 1226 2337 Suet.
1235 2312 1300 2345 Aug.
1312 2320 1338 2337 21
1351 2310 1386 2334 60
1403 2313 1478 2348 Vir-g.
1493 2314 1558 2340 Aen.
1574 2322 1601 2347 ς,
1617 2321 1664 2348 107
1684 2314 1808 2341 Finitimi
1826 2314 1895 2341 laeto
1909 2315 2071 2348 complerant
2091 2315 2172 2341 litora
2191 2319 2277 2342 coetu.
2315 2313 2355 2341 Cl
2369 2332 2371 2334 -

291 2349 522 2384 Interpellatorem
547 2349 604 2375 Cic.
625 2349 653 2374 in
672 2350 746 2375 Orat.
784 2368 790 2375 .
830 2368 836 2374 .
873 2354 951 2374 metuo
970 2354 1000 2373 vt
1014 2346 1089 2374 recle.
1164 2347 1233 2373 Iram
1252 2356 1340 2380 prorn-

292 2391 347 2413 tam
379 2386 441 2412 Stat.
457 2384 548 2411 Theb.
570 2393 603 2417 ιι,
616 2387 678 2419 667.
750 2383 806 2410 Cic.
820 2383 873 2411 Off.
888 2392 912 2415 2,
927 2392 962 2416 24
977 2392 997 2410 c.
1012 2390 1029 2418 7
1056 2382 1105 2409 Sed
1118 2382 1168 2416 iis,
1190 2383 1237 2417 qui
1251 2382 1279 2408 vi
1288 2382 1340 2416 Op-

294 2422 390 2457 press'os
403 2421 518 2455 imperio
531 2422 670 2453 coercent,
691 2420 721 2447 sit
741 2421 811 2462 san*
819 2419 970 2446 adhibenda
995 2419 1114 2445 saeuitia.
1185 2418 1340 2445 Obfidentes

294 2459 417 2484 co‘e'rcere
445 2457 540 2483 Vellei.
557 2465 583 2488 2,
598 2464 647 2489 125,
662 2465 688 2489 4.
750 2456 804 2482 Ora
822 2458 945 2482 coercere
965 2455 1047 2481 frenis
1068 2454 1150 2481 Ouid.
1164 2455 1230 2481 Met.
1245 2462 1268 2487 ς,
1282 2456 1340 2486 643.

295 2493 351 2520 Cic.
366 2492 397 2519 de
413 2493 470 2519 Fin.
485 2501 508 2524 2,
522 2501 534 2525 3
564 2493 632 2519 Cum
645 2492 717 2519 enim
730 2492 832 2525 fertur,
852 2491 923 2527 quali
939 2497 1057 2522 torrens,
1080 2490 1193 2523 Oratio,
1219 2490 1341 2524 quamuis
1358 2494 1390 2526 65

294 2528 377 2556 multa
398 2528 548 2555 cuiusmodi
567 2529 667 2563 rapiat,
686 2527 755 2554 nihil
769 2534 856 2554 tamen
870 2534 972 2558 teneas,
988 2527 1057 2553 nihil
1071 2525 1267 2561 apprehendas,
1282 2534 1342 2551 nus-

295 2573 375 2600 quam
395 2564 545 2591 orationem
565 2564 684 2599 rapidam
698 2565 826 2590 co'c'rceas.
897 2563 1029 2590 Postrema
1046 2565 1168 2589 coercent
1187 2561 1342 2594 Tyrrhidae

295 2601 405 2627 iuuenes
421 2600 496 2633 Virg.
513 2600 576 2625 Aen.
591 2608 617 2632 9,
633 2605 669 2629 28.
689 2602 707 2625 i.
722 2608 808 2636 agmen
821 2599 950 2627 claudunt.
1024 2600 1080 2625 Iam
1097 2598 1114 2624 fi
1127 2597 1230 2630 Pudor,
1249 2597 1266 2624 fi
1285 2605 1341 2623 mo-

296 2635 394 2668 destia,
415 2634 432 2661 si
446 2634 592 2669 pudicitia,
617 2634 636 2660 fi
650 2644 703 2661 vno
723 2635 808 2661 verbo
822 2635 1012 2670 temperantia,
1038 2642 1137 2669 poenae
1156 2640 1200 2660 aut
1215 2633 1342 2660 infamiae

295 2678 369 2699 metu
390 2669 600 2702 coci-cebuntur,
622 2679 676 2696 non
694 2670 828 2698 sanctitate
848 2672 892 2698 sua
906 2671 930 2698 se
945 2670 1091 2697 tuebuntur
1124 2670 1180 2697 Cic.
1201 2670 1259 2696 Fin.
1275 2678 1297 2703 2,
1311 2677 1341 2704 73
1353 2677 1389 2705 70

295 2711 317 2734 c‘.
332 2715 366 2734 22
385 2706 428 2733 ubi
440 2705 632 2732 coercebuntur
645 2704 678 2738 cst
691 2705 759 2741 quast
769 2706 905 2742 sepimento
922 2709 1099 2733 munimentoue
1116 2702 1341 2732 circumdabuntur.

295 2744 326 2770 Se
343 2744 465 2769 co'e'rcent
484 2741 589 2768 modica
610 2741 666 2768 Sen.
681 2742 789 2776 Hippol.
803 2751 851 2775 ²13·
881 2745 900 2769 i.
915 2743 1025 2769 homines
1044 2742 1162 2770 mediocri
1170 2742 1281 2777 fortuna
1293 2751 1342 2767 mo-

296 2779 382 2806 derate
402 2778 430 2814 se
450 2784 556 2814 gerunt,
582 2779 706 2812 imperant
726 2777 914 2813 cupiditatibus.
991 2779 1094 2805 Terras
1115 2780 1234 2804 coerceat
1251 2785 1342 2803 omnes

296 2815 391 2842 Caesar
423 2813 504 2840 Ouid.
518 2822 550 2840 ex
564 2813 638 2839 Pont.
660 2821 683 2845 3,
697 2821 718 2845 3,
738 2816 777 2839 61.
856 2814 1053 2840 Temeritatem
1082 2813 1138 2840 Cic.
1151 2814 1234 2840 Tusc.
1254 2822 1277 2845 2,
1296 2821 1341 2847 47.

295 2849 428 2884 Quinffil.
443 2858 470 2882 9,
484 2858 510 2881 2,
523 2851 559 2883 76
591 2849 643 2875 Hic
657 2857 723 2875 vero
736 2854 824 2882 tegere
836 2857 883 2875 nos
899 2849 977 2876 iudex
999 2858 1065 2885 quae
1079 2850 1188 2881 scimus,
1214 2854 1240 2876 et
1254 2848 1343 2875 Verba

296 2887 326 2912 vi
339 2885 452 2920 quadam
470 2884 591 2911 veritatis
611 2884 776 2918 erumpentia
789 2883 876 2910 credat
888 2886 1019 2912 co'e'rcere.
1061 2887 1122 2912 Alio
1130 2886 1207 2921 plane
1217 2883 1343 2911 intellectu

297 2921 378 2949 Ouid.
393 2930 424 2948 ex
438 2921 521 2947 Ponto
534 2929 562 2954 4,
576 2925 598 2951 8,
611 2928 642 2955 73
670 2920 742 2947 Nam
756 2919 838 2946 modo
851 2919 921 2947 bella
935 2921 1014 2954 geris,
1028 2922 1146 2948 numeris
1159 2920 1241 2947 modo
1255 2919 1344 2947 Verba

297 2960 418 2990 cocrces,
436 2960 454 2984 i.
467 2956 593 2988 includis,
614 2954 761 2993 adstringis.
831 2955 935 2982 Vestem
947 2957 1064 2983 coercuit
1076 2956 1158 2983 fibula
1181 2956 1262 2983 Ouid.
1277 2957 1341 2983 Met.

297 3001 323 3026 2,
337 3001 391 3026 413.
617 3001 629 3024 3
665 2991 797 3019 Adjicitur
809 2991 932 3018 interdum
946 2991 1008 3018 illud
1015 2999 1062 3026 per
1075 2993 1152 3027 quod,
1169 2993 1210 3018 vel
1221 3001 1276 3028 quo,
1297 2993 1344 3018 ali-

297 3029 360 3064 quid
369 3032 501 3055 coercetur.

298 3065 346 3098 qui
359 3064 449 3091 omnia
462 3063 608 3097 Complexu
623 3064 669 3090 suo
683 3065 784 3090 co'e'rcet
792 3069 817 3089 et
826 3063 952 3089 continet.
994 3062 1068 3089 Idem
1076 3064 1159 3090 Tusc.
1169 3071 1224 3096 3,ss
1243 3064 1342 3097 Appius

298 3099 386 3126 noster
399 3106 497 3126 turmas
511 3099 614 3134 aliquot
626 3099 747 3134 equitum
761 3098 869 3126 dederat
883 3098 945 3126 huic
959 3098 1077 3132 Scaptio,
1099 3108 1146 3133 per
1159 3107 1222 3133 quas
1236 3099 1343 3125 Salami-

298 3135 358 3160 nios
372 3138 512 3162 coerceret.
586 3135 672 3162 Armis
687 3134 789 3162 hostem
803 3137 926 3163 co'e'rcere
955 3134 1037 3161 Ouid.
1052 3135 1117 3161 Fast.
1131 3143 1151 3167 ι,
1167 3142 1220 3169 713.
1275 3135 1343 3161 Dex-

298 3175 340 3196 tra
354 3172 456 3197 co'ercet
466 3170 541 3197 ‘fures
571 3171 639 3198 Hor.
654 3171 736 3197 Serm.
751 3179 771 3203 1,
783 3176 806 3203 Β,
819 3179 846 3204 4.
898 3170 967 3198 Suet.
982 3170 1010 3196 in
1019 3170 1121 3197 Neron.
1131 3179 1179 3204 c.4
1199 3171 1234 3196 Vt
1247 3171 1343 3196 nccess'e

299 3205 382 3232 fucrit
403 3206 518 3240 Augusto
539 3206 606 3232 clani
626 3206 721 3233 frustra
735 3207 869 3233 monitum
891 3205 985 3233 Edicto
998 3207 1127 3233 coercere.

300 3240 330 3267 de
345 3240 497 3276 iufaustum,
513 3241 608 3274 Fame,
627 3242 751 3275 vinculis,
773 3242 855 3276 plagis
876 3241 1036 3268 coercendus
1047 3241 1092 3268 est.
1163 3241 1300 3276 surgentia
1314 3242 1343 3268 in

298 3275 382 3302 altum
402 3275 475 3302 oleae
502 3278 636 3305 cacumina
654 3279 736 3306 Ferro
760 3277 890 3305 co'e'rcebo
924 3276 1055 3312 Qinffil.
1075 3281 1099 3310 8,
1117 3284 1141 3310 3,
1163 3285 1201 3304 10.
1273 3278 1341 3305 Hor.

299 3311 382 3339 Semi.
409 3320 430 3344 ι,
450 3319 472 3344 3,
490 3319 534 3345 ¹34

678 3349 788 3376 Vellunt
807 3349 860 3376 tibi
879 3349 990 3376 barbam

496 3381 601 3422 Lasciui
615 3385 706 3418 pueri,
727 3395 794 3420 quos
813 3391 841 3412 tu
856 3384 905 3412 nifi
917 3385 986 3412 suste
998 3386 1118 3417 co'e'rces,

496 3417 604 3451 Vrgeris
619 3420 696 3447 turba
709 3421 808 3448 circum
821 3426 846 3448 te
859 3421 949 3448 stante.

300 3453 425 3481 Manibus
442 3454 628 3487 procacitatem
640 3454 751 3483 alicuius
767 3457 837 3492 Nep.
851 3465 895 3490 zo,
908 3465 929 3490 5,
942 3465 966 3483 2.

301 3491 424 3516 coercere
448 3488 550 3515 Sallust.
569 3489 646 3515 Catil.
667 3499 706 3522 30.

302 3534 370 3559 quos
387 3525 443 3552 Cic.
459 3523 512 3551 Off.
524 3533 547 3558 3,
559 3531 589 3556 23
604 3533 625 3550 c.
641 3532 661 3557 ς.

1020 3455 1110 3483 Modis
1121 3453 1245 3481 onmibm
1258 3455 1343 3481 socios

778 3493 883 3525 Morte,
909 3492 1009 3524 exilio,
1033 3490 1161 3522 vinculis,
1182 3489 1279 3516 damno
1295 3490 1341 3517 ali-

699 3526 824 3554 Nuineris
837 3530 960 3556 co'e‘rcere
973 3527 1057 3555 verba
1070 3525 1139 3552 modo
1152 3523 1261 3551 vidimus
1274 3534 1299 3552 n.
1315 3535 1340 3552 2.

301 3561 388 3587 Poena
407 3559 510 3587 metalli
530 3559 690 3586 coercendus
708 3562 760 3594 est,
784 3563 889 3597 leian.
909 3565 937 3590 in
955 3564 972 3590 l.
987 3561 1133 3597 Sacrilegii.
1153 3561 1185 3587 D.
1209 3560 1242 3586 ad
1256 3561 1340 3595 legem
1357 3569 1391 3596 95
1404 3566 1584 3594 seruauerunt,
1621 3568 1671 3594 pro
1681 3569 1749 3594 coitu
1761 3575 1861 3593 venereo
1880 3566 1981 3593 Amob,
1996 3574 2008 3599 ς
2022 3574 2046 3600 p.
2060 3569 2104 3598 187
2129 3563 2188 3590 Esto
2203 3563 2232 3589 in
2244 3560 2316 3589 louis
2338 3560 2359 3594 3:2²

301 3595 399 3622 Iuliam
413 3595 525 3631 peculat.
596 3595 652 3622 Cic.
665 3595 697 3622 de
711 3597 785 3623 Orat.
798 3606 821 3630 3,
834 3608 851 3632 4
871 3600 922 3626 Hic
936 3608 1019 3635 quum
1035 3597 1139 3625 homini
1152 3602 1178 3622 et
1190 3595 1341 3624 vehementi

303 3636 329 3656 et
343 3630 440 3658 diserto
449 3651 457 3663 ,
476 3638 502 3658 et
515 3632 543 3658 in
555 3630 649 3666 primis
662 3631 728 3658 sorti
740 3632 773 3658 ad
795 3633 964 3662 resistendum
977 3634 1113 3669 Philippo,
1132 3631 1202 3667 quali
1216 3632 1341 3666 quasdam

302 3665 447 3693 verborum
460 3667 528 3693 faces
541 3666 713 3699 admonituri,
730 3676 785 3694 non
797 3668 858 3695 tulit
872 3670 916 3697 ille
925 3690 933 3703 ,
951 3677 977 3697 et
991 3666 1226 3705 grauiter‘exarfit,
1248 3667 1340 3701 Pigno-

301 3700 430 3735 tibusque
455 3703 549 3729 ablatis
569 3703 685 3729 Crassum
705 3702 820 3730 instituit
843 3706 974 3733 coercere.
1057 3703 1203 3739 Praeceptis
1224 3702 1341 3737 aliquem

302 3738 425 3763 coercere
445 3737 535 3765 Tacit.
549 3738 616 3765 Hist.
631 3747 660 3772 4,
674 3742 697 3768 8.
766 3737 848 3765 Ouid.
862 3739 915 3767 Tr.
929 3750 951 3774 2,
967 3749 1007 3774 53¹
1031 3738 1125 3768 limida
1139 3748 1181 3766 me
1196 3739 1285 3773 Spatio
1298 3747 1341 3765 na·
1351 3748 1379 3766 ιο

300 3777 360 3798 tura
378 3773 495 3800 coercuit
514 3773 598 3800 arCto.
675 3773 731 3801 Cic.
754 3773 783 3800 in
795 3774 873 3802 Catil.
888 3783 907 3807 ι,
921 3784 933 3808 3
965 3778 1001 3803 Vt
1013 3777 1067 3804 viri
1091 3777 1175 3803 fortes
1191 3773 1341 3801 acrioribus

301 3807 440 3842 Suppliciis
452 3809 538 3835 ciuem
558 3809 754 3845 perniciosum,
768 3819 846 3844 quam
862 3810 1050 3839 acerbiffimum
1065 3812 1166 3838 hostem
1180 3811 1341 3837 coercerent.

297 3843 342 3870 Sic
354 3842 427 3869 Idem
441 3842 472 3868 de
487 3844 578 3878 Legib.
592 3854 614 3877 3,
629 3847 646 3871 6
664 3844 830 3880 Mag'istratus
843 3854 890 3872 nec
904 3845 1073 3874 obedientem
1086 3853 1112 3874 et
1124 3854 1240 3873 nocuum
1253 3845 1341 3872 ciuem

298 3878 399 3911 multa,
418 3878 547 3912 vinculis,
561 3879 938 3916 verberibusque>cocrcento.
1003 3883 1143 3918 Suppliciis
1157 3880 1253 3909 delic‘ta
1272 3882 1340 3907 Hor.

296 3914 379 3941 serm.
397 3922 417 3946 1,
437 3921 461 3947 3,
480 3921 523 3948 79.

294 3949 347 3983 pol.
362 3957 434 3985 1077.
506 3949 578 3976 Voce
597 3953 719 3979 coercere
744 3952 813 3980 Suet.
834 3953 902 3988 Aug.
914 3961 958 3986 42.

1360 719 1386 745 ¹5
1396 724 1565 760 pum'cudique
1583 725 1650 751 adeo.

1355 888 1391 907 20
1405 869 1471 902 Aug.
1486 877 1547 901 c.45
1567 868 1609 894 ubi
1621 869 1701 894 eadem
1716 872 1835 895 varietus.
1857 869 2030 895 Co'e‘rtionem
2044 869 2339 905 popinarumaedilibus
2350 889 2353 894 ·

1374 1077 1386 1093 ³

1234 1244 1339 1269 Sacrum
1355 1248 1388 1272 30

971 2135 1013 2161 Sic
1032 2135 1099 2160 Hor.
1114 2135 1201 2160 Carm.
1221 2142 1244 2165 2,
1259 2142 1297 2165 19,
1311 2142 1338 2165 ¹9
1358 2139 1387 2164 55
1401 2139 1420 2161 i.
1441 2140 1509 2163 inter
1521 2137 1636 2171 feminas
1655 2140 1744 2164 emim-t
1763 2137 1856 2164 Claud.
1878 2137 1907 2164 in
1927 2138 2006 2165 Cons.
2025 2136 2104 2165 Prob.
2123 2143 2150 2164 et
2162 2135 2242 2169 Olyb.
2263 2144 2318 2172 199.
2391 2135 2395 2136 ⁷
2415 2168 2418 2175 .

1358 2855 1391 2883 73

565 3029 599 3054 vt
611 3027 667 3054 Cic.
682 3027 714 3054 de
728 3027 791 3054 Nat.
800 3027 882 3054 Deon
894 3035 917 3059 2,
932 3032 993 3060 58c.
1009 3036 1041 3054 22
1067 3027 1147 3060 lpflus
1160 3036 1225 3054 vero
1239 3027 1342 3060 mundi,
1359 3029 1391 3055 80

1200 3205 1267 3232 Cels·
1282 3215 1304 3238 3,
1319 3212 1343 3237 ¹8
1362 3210 1391 3239 85
1405 3208 1483 3236 verbi
1503 3209 1578 3236 Co'e'o
1591 3211 1706 3237 Coetum
1728 3216 1802 3237 vocat
1821 3209 1958 3236 Lucretius
1972 3210 2148 3236 Corznexioncm
2167 3213 2192 3234 et
2210 3207 2320 3242 copulam

1353 3395 1390 3421 90
1406 3396 1465 3414 mae
1479 3387 1642 3416 consistimus
1656 3389 1745 3416 vniter
1757 3387 1820 3423 apti.

594 3915 712 3943 Verbere
730 3922 801 3944 torto
814 3921 886 3951 terga
906 3926 1038 3952 equorum
1058 3921 1181 3946 coercere
1200 3917 1257 3944 Sen.
1272 3916 1340 3951 Hip·
1349 3924 1393 3951 105
1400 3928 1462 3946 mere
1476 3922 1554 3948 ullius
1565 3924 1647 3958 operis
1659 3923 1760 3948 initium
1777 3918 1875 3954 Georg.
1890 3925 1911 3951 ι,
1925 3923 1975 3953 278

1778 121 2050 165 COE
2358 138 2430 181 988

2448 177 2449 189 l

1434 209 1611 245 coicRCENs,
1623 211 1699 239 entis.
1721 213 1787 239 Part.
1815 212 1975 243 Vt,Anirnus
1988 212 2060 238 vitae
2072 213 2178 242 claustra
2191 219 2312 244 coercens
2327 207 2426 248 Lueret.
2448 192 2461 229 ‚¹

1399 255 1423 278 3,
1436 249 1492 278 396.
1548 247 1603 273 Cic.
1619 248 1651 274 de
1665 249 1726 274 Nat.
1741 250 1822 275 Deor.
1846 257 1871 280 2,
1888 256 1927 274 101
1942 257 1964 273 c.
1979 256 2014 280 40
2045 249 2130 276 Restat
2146 252 2253 279 vltimus
2276 259 2301 279 et
2321 261 2336 279 a
2348 253 2431 283 domi.
2446 242 2468 282 ἰ

1400 281 1470 307 ciliis
1490 282 1584 308 nostris
1603 283 1753 316 ahiffimus,
1773 284 1862 310 onmia
1885 284 1990 316 cingens
2009 289 2035 310 et
2055 286 2175 312 coe'rccns
2195 288 2259 314 caeli
2277 289 2444 323 complexumr
2467 308 2474 322 5

1402 318 1429 343 Si
1442 317 1556 351 maligna
1576 319 1697 352 purgatio
1717 320 1767 351 est,
1797 320 1959 346 subiicienda
1980 319 2037 345 sunt
2055 321 2176 348 coeuntia
2194 324 2339 350 co'e‘rcentia
2365 325 2429 354 Cels.
2446 347 2447 350 ,

1402 362 1431 386 4,
1451 361 1492 384 20,
1508 360 1526 379 1.
1538 354 1577 389 sc.
1591 353 1781 386 medicamenta,
1803 359 1821 382 i.
1840 354 2038 391 atilli-ingentia,
2051 354 2075 390 s
2094 357 2272 385 contrahentia.
2307 359 2354 386 Sed
2364 361 2430 389 Mor-
2446 346 2474 402 ,i

1401 398 1479 425 gagii.
1495 390 1536 424 fp.
1552 389 1584 415 ΙΙ.
1609 396 1632 414 et
1654 390 1700 414 ΙΙΙ
1712 391 1739 414 in
1752 390 1811 425 Cels}
1824 394 1851 416 in
1866 391 1965 422 MSm,
1980 388 2035 425 post
2048 392 2159 416 lacunam
2172 393 2265 427 aliquot
2278 397 2431 429 paoinarum,
2445 389 2449 410 ⁸

1402 426 1503 460 reperit.
1542 426 1611 450 Certe
1626 424 1692 450 mihil
1703 433 1732 449 ex
1744 425 1769 450 h.
1781 427 1798 450 l.
1806 427 1910 460 probari
1918 425 2005 461 potqsl.
2311 417 2329 430 a,
2406 440 2407 443 ¹
2446 414 2458 435 k

1440 472 1456 492 C
1465 472 1483 492 Ο
1495 465 1511 491 ii
1520 472 1535 491 R
1548 471 1565 491 C
1578 464 1590 491 ἶ
1601 471 1621 491 T
1634 472 1653 490 V
1663 472 1675 491 S
1685 485 1693 498 ‚
1719 473 1743 497 a,
1769 475 1822 492 um.
1835 493 1837 496 Α
1853 469 1944 494 Partic.
1982 469 2180 503 [συνειργμένα]
2216 469 2280 496 Plin.
2295 475 2329 503 12,
2342 481 2352 499 1
2363 473 2431 501 -Proa

1402 501 1467 528 dunt
1481 501 1591 536 Alpibus
1605 502 1747 534 co'e'rcitas,
1768 508 1793 527 et
1805 508 1862 528 tum
1876 503 2257 539 inexsuperabilimunimento
2264 506 2359 533 Gallias
2372 507 2431 538 hane
2445 508 2463 540 ἐν,

1376 538 1535 572 oprimum,
1562 544 1607 563 etc.
1633 539 1651 562 i.
1673 538 1756 563 Gallos
1768 537 1875 572 Alpibus
1891 539 2008 576 disclufhs
2020 541 2050 566 ab
2067 541 2152 566 Italia.
2224 541 2307 568 Multa
2324 543 2431 572 animai.
2458 562 2464 571 t

1401 574 1476 599 versa
1490 574 1578 599 seuere
1593 578 1618 598 et
1630 574 1744 598 coercita
1766 573 1834 599 Suet.
1850 573 1951 601 Neron.
1968 585 1988 602 c.
1999 578 2034 602 16.
2072 575 2154 602 Ouid.
2168 575 2247 610 Epist.
2261 585 2301 610 14,
2313 586 2326 610 3
2344 578 2442 608 Clausa..
2458 583 2463 598 ί

1401 609 1483 635 domo
1497 615 1605 640 teneor,
1622 608 1800 643 grauibusque
1815 609 1929 636 coercita
1940 611 2043 638 vinclis.
2432 607 2436 609 ⁴

1440 659 1457 680 C
1470 661 1488 679 O
1499 653 1517 679 ι’
1526 660 1543 680 R
1556 659 1572 679 C
1584 659 1671 680 1T10
1680 673 1688 686 ,
1709 654 1727 680 s.
1738 654 1893 690 vtscriptum
1903 664 2073 691 nonnunquam
2083 659 2211 683 inuenitur
2227 662 2245 682 C
2256 663 2276 683 0
2285 654 2302 683 fi
2310 664 2379 686 RCT
2387 645 2448 694 sog,

1402 690 1443 715 vel
1462 696 1478 715 C
1489 696 1507 715 O
1520 696 1535 715 E
1543 696 1561 715 R
1570 697 1592 716 T
1601 697 1610 716 ι
1619 697 1637 716 O
1646 710 1653 721 ‚
1671 691 1738 716 bnis.
1760 691 1779 715 f.
1816 690 1961 726 [σύνσρξις]
1982 693 2112 726 Imperium
2127 700 2149 718 ct
2158 689 2297 718 anaema:
2308 695 2422 722 co'c'rcmdr'
2446 696 2447 699 ’

1723 725 1825 752 Paullus
1840 726 1897 752 inl.
1913 726 1958 752 fin.
1980 726 2011 752 D.
2026 726 2057 752 de
2071 727 2168 754 Officio
2188 727 2254 759 eius,
2267 727 2310 754 cui
2323 734 2347 754 ιἰι
2436 734 2437 737 ’

1401 760 1436 786 est
1453 761 1613 791 iurisdielim
1622 761 1743 787 Mandata
1752 761 1937 788 iurisdictione
1946 762 2061 796 priuato,
2069 764 2147 790 etiam
2157 764 2345 798 imperium,qu

1403 796 1439 822 est
1451 806 1565 827 merum,
1573 797 1680 823 videtur
1699 797 1832 824 mandari:
1852 797 1914 832 quia
1933 797 2085 824 iurisdiffio
2105 798 2156 825 line
2170 799 2274 826 modica
2293 798 2338 826 'co'e

1402 832 1473 858 nulla
1486 833 1530 858 est.
1568 834 1641 859 Liber
1659 833 1815 859 florentinus
1829 833 1871 860 hic
1880 840 1903 859 ct
1913 834 1947 859 al.
1960 834 2097 860 Co'ercitio
2110 833 2168 867 teste
2186 834 2362 862 Tor-rentiam

1404 903 1477 930 Idem
1495 904 1587 930 Claud.
1607 913 1628 930 c.
1644 910 1671 937 38
1697 912 1720 930 et
1739 906 1780 930 hit·
1800 906 1833 931 al.
1854 905 2053 932 coercitionem.
2131 906 2324 940 Interpellantis

1406 940 1536 973 Qincfiil.
1552 949 1578 973 9,
1592 949 1616 973 2,
1632 949 1656 967 2.
1677 941 1805 967 cocrcitio
1818 943 1936 967 meliores.
1992 941 2059 968 Cels.
2073 950 2103 975 3,
2118 947 2142 972 18
2169 942 2205 968 Ex
2220 941 2260 968 his
2274 947 2375 976 autem,

1404 976 1451 1010 qui
1470 977 1538 1001 intra
1558 976 1639 1002 verba
1658 976 1803 1011 dclipiunt‚
1829 983 1874 1002 aut
1888 976 1985 1003 leuiter
2004 978 2084 1003 etiam
2103 986 2182 1004 manu
2196 984 2329 1012 peccant,'

1405 1011 1582 1046 asperioribus
1596 1012 1779 1038 coertionibus
1799 1012 1991 1047 superuacuum
2011 1013 2055 1039 est.
2120 1015 2201 1040 Etiam
2222 1014 2264 1040 hic
2279 1013 2344 1040 editu

1376 1067 1386 1075 .
1404 1047 1622 1073 coercitionibus.
1674 1047 1814 1081 „At-similis
1821 1048 1882 1084 fere
1896 1046 1928 1081 est
1943 1052 2009 1075 ratio
2022 1050 2186 1084 reliquorum,
2207 1058 2268 1085 quae
2283 1051 2324 1076 lau
2379 1078 2383 1083 ‚

1404 1084 1499 1110 Liuius
1518 1092 1546 1116 4,
1566 1091 1593 1116 33
1625 1084 1919 1119 Pronuntiaueruntque
1939 1092 1970 1110 ex
1990 1085 2097 1119 collegii
2118 1085 2259 1117 sententia,
2285 1085 2316 1112 C.
2335 1085 2384 1111 V-5
2429 1097 2432 1100 ’

1404 1125 1481 1146 cos.
1506 1120 1530 1145 se
1551 1118 1690 1151 damnum,
1713 1120 1845 1154 aliamque
1864 1120 2071 1153 coercitionem,
2097 1120 2220 1147 aduersus
2241 1121 2350 1148 intexet
2371 1123 2383 1143 ι’

1404 1155 1519 1189 collegae
1538 1154 1655 1181 delectus
1675 1157 1748 1182 causa
1768 1155 1976 1182 detrectantibus
2010 1156 2136 1183 militiam
2167 1156 2318 1190 inhibenti‚
2342 1161 2388 1191 as>

1403 1192 1507 1217 futuros
1520 1191 1576 1217 effe.
1634 1191 1800 1218 Delie-iorum
1813 1192 1942 1218 co'e‘rcitio
1960 1192 1976 1218 l.
1992 1201 2028 1224 13¹
2050 1193 2110 1226 Dig.
2126 1191 2158 1218 de
2173 1193 2205 1219 V.
2222 1192 2245 1219 S.
2281 1193 2357 1224 'Eri
2373 1194 2385 1223 ιζ’
2424 1191 2444 1212 ³²

1405 1227 1533 1253 coercitio
1553 1227 1642 1253 Seuec.
1656 1227 1687 1252 de
1701 1229 1743 1253 Ira
1758 1235 1790 1259 13.
1861 1228 2056 1262 Interpellantis
2073 1227 2204 1261 Qinffll.
2218 1236 2245 1261 9,
2253 1236 2277 1260 2,
2287 1237 2308 1255 2.
2329 1228 2383 1255 ala*
2436 1222 2438 1239 ¹

1404 1264 1452 1289 tio.
1508 1263 1617 1289 Morum
1633 1263 1762 1290 coercitio
1781 1264 1798 1289 l.
1816 1271 1841 1296 ις
1853 1261 1876 1300 §.
1892 1272 1901 1290 1
1929 1264 1989 1297 Dig.
2004 1264 2034 1290 de
2048 1264 2126 1290 solut.
2139 1264 2257 1291 Matrim.
2303 1263 2353 1291 Ser*
2364 1260 2377 1287 τέ’

1404 1298 1535 1325 co'e'rcitio
1547 1298 1645 1325 §ende
1655 1299 1791 1325 hreuNit.
1801 1308 1822 1331 3.
1860 1299 1988 1334 Capitalis
2003 1300 2130 1327 co'ei‘citio
2149 1300 2167 1326 l.
2179 1309 2232 1326 200
2250 1299 2311 1334 Dig.
2326 1299 2361 1330 de⁴
2372 1305 2385 1335 ζ

1402 1334 1537 1369 significat.
1578 1335 1732 1361 Pecuniaria
1753 1334 1769 1360 l.
1784 1344 1799 1361 2
1815 1335 1876 1369 Dig.
1888 1336 1920 1362 de
1936 1335 2008 1370 publ.
2029 1335 2143 1362 iudiciis.
2356 1334 2362 1343 '

1438 1377 1455 1398 c
1465 1377 1483 1397 0
1494 1371 1510 1397 E
1521 1377 1564 1397 Rc
1575 1378 1640 1406 issro
1652 1378 1686 1401 R,
1715 1371 1779 1397 oris.
1798 1381 1834 1397 m.
1855 1372 1953 1404 Custos,
1972 1375 2015 1407 qui
2029 1372 2147 1408 obstruat.
2184 1371 2294 1406 Eutrop.
2309 1378 2336 1406 7,
2349 1367 2392 1407 ι’,
2413 1390 2417 1399 .

1402 1404 1485 1441 ligens
1499 1407 1632 1433 co'e'rcitor
1644 1407 1797 1441 disciplinae
1816 1407 1949 1434 militaris.
2396 1411 2399 1416 '

1438 1459 1483 1479 co
1493 1451 1564 1479 ι’ἰιιο
1574 1473 1582 1484 ,
1603 1456 1655 1477 are.
1697 1452 1800 1478 Vcrbum
1819 1459 1903 1483 vetus,
1918 1460 1967 1488 pro
1982 1453 2091 1480 Curare.
2126 1451 2215 1479 Verba
2238 1458 2296 1479 xu
2312 1449 2373 1485 tab„
2388 1444 2407 1480 ’ἶ
2420 1465 2427 1472 2

1402 1489 1458 1515 Cic.
1473 1488 1504 1514 de
1513 1489 1592 1522 Legg.
1610 1496 1632 1520 3,
1649 1495 1677 1514 ιο
1690 1498 1711 1514 c.
1724 1498 1742 1521 4
1761 1487 1804 1514 Ast
1818 1488 1835 1514 li
1851 1488 1916 1522 quid
1932 1489 1994 1521 erit,
2008 1488 2079 1524 quod
2093 1495 2167 1515 extra
2181 1487 2345 1523 magistratus
2362 1474 2443 1513 υῗῆι

1401 1530 1459 1551 tore
1475 1525 1534 1550 vsus
1548 1524 1592 1550 lit:
1618 1524 1664 1558 qui
1677 1526 1782 1556 coeret,
1809 1525 1920 1558 populus
1941 1531 2046 1557 creato,
2067 1525 2147 1559 eique
2168 1525 2210 1550 ius
2230 1522 2357 1550 coerandi'
2377 1514 2437 1552 ¹573.

1402 1561 1434 1586 Et
1448 1560 1517 1586 Gell.
1532 1568 1566 1592 ις.
1581 1567 1603 1585 ιι
1622 1560 1729 1586 Praetor
1742 1560 1962 1587 animaduerteret
1977 1563 2157 1595 coeraretque.
2383 1556 2388 1567 ⁸
2416 1566 2419 1569 ’

1440 1602 1457 1622 C
1469 1602 1488 1622 o
1498 1602 1514 1622 E
1524 1602 1602 1622 RAT
1611 1601 1630 1622 O
1639 1602 1657 1621 R
1667 1615 1675 1627 ,
1701 1596 1765 1622 oris.
1785 1604 1821 1622 m.
1840 1597 1909 1622 modo
1923 1596 2033 1623 dedimus
2045 1605 2074 1622 ex
2086 1596 2142 1622 Cic.
2154 1595 2186 1622 de
2198 1594 2329 1629 Legibaa,
2341 1602 2352 1622 1

1440 1638 1457 1658 C
1469 1638 1488 1658 O
1497 1630 1515 1658 E
1525 1638 1544 1657 R
1554 1638 1572 1657 R
1582 1638 1600 1657 O
1609 1651 1616 1662 ,
1642 1635 1695 1657 are.
1728 1631 1956 1667 [ἅποπλανιέομαι]
1993 1634 2042 1659 Ρι-ο
2053 1642 2104 1658 vua
2117 1631 2239 1659 oberrare.
2274 1629 2335 1658 Paul

1402 1665 1424 1703 ᾗ.
1438 1676 1450 1698 3
1471 1668 1504 1693 D.
1518 1666 1550 1692 de
1564 1666 1609 1692 off.
1623 1667 1749 1693 Praese&
1764 1667 1840 1702 vigil.
1856 1667 2060 1699 Sciendumrest,
2079 1668 2184 1702 inquit,
2203 1665 2338 1694 Praeseeh

1403 1704 1458 1729 lum
1473 1710 1518 1735 per
1532 1708 1614 1727 totam
1630 1702 1736 1728 noctem
1756 1703 1870 1737 vigilare
1888 1703 2002 1736 debere,
2021 1712 2046 1730 et
2065 1705 2188 1730 co'cirrare
2209 1702 2345 1729 calciatum
2434 1711 2435 1715 ¹

1402 1737 1487 1764 hamis
1499 1742 1524 1762 et
1538 1735 1665 1762 dolabris.
1739 1739 1860 1764 Nonnulli
1874 1746 1897 1764 et
1907 1747 1957 1773 pro
1970 1740 2100 1766 Co'e‘rrare
2108 1759 2117 1771 ‚
2135 1740 2252 1765 Coerare
2267 1736 2354 1774 legend
2395 1729 2435 1779 ff}

2353 1584 2407 1630 ὡ,

1403 1819 1418 1835 a
1431 1809 1518 1834 Poena
1531 1808 1631 1839 Punio,
1650 1817 1665 1832 α
1677 1808 1777 1833 Poenus
1791 1808 1912 1834 Punicus.

1440 1849 1458 1869 c
1471 1849 1693 1874 orRVLizvs,
1713 1843 1767 1869 vid.
1790 1849 2030 1870 CAERvmsvs.

1441 1893 1458 1927 (J
1469 1895 1488 1915 0
1497 1895 1514 1915 E
1524 1895 1545 1915 T
1553 1895 1574 1913 V
1584 1895 1596 1914 s
1604 1907 1611 1919 ‚
1631 1888 1670 1914 sis.
1691 1897 1726 1914 ιιι.
1763 1888 1852 1923 [χορδς
1863 1909 1871 1920 ,
1888 1887 1993 1924 ecicinnos]
2029 1890 2167 1916 Conuentus
2178 1896 2203 1916 et
2209 1893 2370 1927 congregatio
2380 1896 2440 1927 quq

1403 1924 1497 1950 Coitus
1511 1933 1526 1950 a
1539 1924 1622 1950 Coeo.
1666 1923 1722 1950 Cic.
1736 1923 1767 1949 dc
1783 1924 1883 1950 Sene&
1898 1930 1926 1956 85
1940 1934 1961 1950 c.
1973 1925 2023 1952 vlt.
2047 1926 2072 1952 Ο
2086 1925 2248 1960 praeclarum
2267 1926 2352 1957 diem,
2363 1933 2424 1961 quui
2438 1927 2439 1930 ’

1403 1996 1541 2022 Comitum
1560 1994 1647 2021 dulces
1663 2000 1752 2021 coetus
1767 1995 1854 2021 Catul.
1866 2003 1914 2028 44,
1928 2003 1953 2027 9.
2022 1996 2141 2022 Deorum
2158 1997 2221 2022 Stat.
2235 1996 2326 2023 Theb.
2340 2005 2372 2026 ιι,
2385 2004 2422 2027 45·

1403 2032 1500 2058 Coetus
1515 2030 1664 2057 scholarum
1683 2029 1816 2064 Qiinefil.
1832 2039 1855 2062 2,
1869 2038 1894 2063 9,
1908 2038 1930 2056 2.
1981 2030 2160 2057 Pseudo-Cic.
2174 2031 2204 2056 in
2215 2031 2315 2058 Sallust.
2330 2036 2356 2060 18
2385 2030 2425 2057 Eii

1403 2068 1475 2094 enim
1493 2068 1575 2101 partis
1592 2073 1648 2094 erat
1665 2066 1799 2101 exemplar
1811 2065 1961 2092 Sallustius:
1980 2075 2034 2101 quo
2055 2063 2180 2100 tanquam
2198 2065 2228 2091 in
2243 2066 2325 2092 imam
2343 2073 2380 2092 vo
2390 2077 2428 2112 rii

1402 2111 1479 2133 nem,
1499 2108 1588 2128 coetus
1603 2103 1724 2129 omnium
1735 2102 1872 2128 'vitiorum
1885 2102 2030 2128 excefferat.
2082 2101 2214 2128 Feniineis
2232 2100 2351 2128 coetibus
2374 2106 2419 2139 ᾖ,

1402 2170 1494 2198 Theb.
1509 2175 1532 2203 8,
1551 2179 1572 2197 11

1510 2206 1633 2233 Necdum
1650 2207 1727 2234 illum
1740 2212 1784 2234 aut
1797 2212 1890 2234 trunca
1903 2207 2059 2236 lustrauerat
2071 2207 2153 2236 obuia
2171 2212 2235 2235 taxo

1511 2243 1651 2274 Eumenis,
1672 2250 1717 2269 aut
1735 2244 1817 2269 t'uruo
1838 2244 1992 2279 Proserpina
2009 2243 2081 2278 poste
2100 2248 2205 2271 notarat
2410 2246 2418 2293 l

1511 2278 1639 2304 Coctibus
1660 2279 1808 2305 adsumtum
1828 2279 1935 2306 fimens.
1953 2283 1971 2306 i.
1990 2283 2105 2308 mortuis.

1404 2350 1509 2384 Gigant.
1522 2359 1544 2382 3.
1581 2350 1680 2377 Omnia
1700 2350 1874 2377 Monstrifero
1894 2349 2042 2385 complebat
2061 2355 2159 2377 tartara
2179 2357 2263 2377 coetu.
2293 2351 2336 2376 Al.
2364 2353 2372 2374 tv

1405 2385 1469 2421 quod
1484 2386 1599 2420 Heiulius
1608 2386 1708 2421 probat.
1765 2386 1871 2412 Sanctus
1885 2386 1978 2413 Claud.
1993 2386 2022 2412 in
2036 2395 2075 2421 pr.
2089 2387 2167 2413 Cons.
2180 2386 2237 2413 Stil.
2252 2395 2275 2419 2,
2287 2384 2369 2420 299..‘·

1406 2421 1470 2446 ciati
1489 2428 1578 2447 coetus
1597 2421 1738 2448 hominum
1755 2423 1810 2448 Cic.
1829 2422 1917 2448 Somn.
1932 2422 1998 2456 Scip.
2014 2431 2041 2455 4.
2111 2421 2251 2448 Sollemnis
2271 2421 2372 2448 Cic.V·

1407 2461 1455 2489 185.
1527 2457 1589 2483 Stat.
1603 2457 1695 2484 Theb.
1715 2466 1759 2490 10,
1774 2463 1816 2491 583
1851 2457 1978 2484 Tiresian
1996 2458 2043 2484 alii
2063 2457 2177 2484 lacrimis
2194 2462 2220 2484 et
2232 2456 2354 2491 Supplice
2376 2469 2382 2475 «-

1406 2492 1500 2519 Orant.
1571 2493 1696 2528 Virginei
1708 2494 1781 2520 Idem
1795 2493 1881 2520 Achil.
1898 2502 1917 2526 ι,
1932 2498 1986 2524 208.
2056 2493 2158 2520 Viriles
2174 2492 2253 2523 Ouid.
2266 2493 2331 2518 Met.
2344 2499 2368 2524 3,
2399 2518 2408 2530 a

1406 2527 1551 2562 Vulgares,
1571 2531 1589 2555 i.
1610 2529 1683 2555 turba
1702 2530 1773 2566 vulgi
1792 2530 1860 2556 Hor.
1874 2530 1961 2556 Carm.
1975 2537 1998 2561 3,
2011 2537 2037 2562 2,
2052 2537 2087 2561 23.
2174 2527 2308 2556 adducere
2325 2535 2352 2552 m
2412 2556 2417 2559 ³

1405 2573 1463 2590 cem
1477 2564 1504 2590 in
1518 2570 1624 2591 coetum
1637 2570 1817 2592 matronarum
1831 2566 1888 2591 Cic.
1901 2565 1933 2592 de
1952 2565 2010 2592 Fin.
2024 2573 2049 2595 2,
2062 2572 2085 2591 ιι
2098 2574 2119 2591 c.
2132 2573 2160 2598 4.
2229 2563 2405 2598 Agitareeoet
2422 2578 2423 2581 ,

1404 2599 1458 2626 vid.
1481 2606 1597 2628 AGITO.
1669 2600 1800 2627 Accedere
1818 2608 1906 2635 coetus
1928 2601 2017 2627 Valer.
2031 2601 2130 2635 Argon.
2149 2609 2173 2633 3,
2185 2604 2243 2634 413:
2305 2596 2386 2624 celeb
2394 2610 2417 2634 *2

1406 2635 1548 2662 hominum
1561 2642 1650 2663 coetus
1658 2657 1666 2669 ,
1685 2636 1738 2663 vid.
1761 2642 1911 2664 CELEBRO.
1981 2637 2099 2671 Cingunt
2106 2636 2197 2671 polum
2209 2643 2269 2662 aues
2280 2632 2398 2673 coetu-V
2409 2636 2424 2680 ζ,

1406 2674 1471 2698 Aen.
1492 2681 1512 2704 1,
1525 2677 1579 2704 398.
1652 2672 1748 2698 Colere
1768 2679 1858 2699 coetus
1878 2673 1981 2699 ciuium
2006 2672 2064 2699 Sen.
2078 2671 2187 2707 Hippol.
2207 2676 2266 2705 482.
2336 2667 2359 2696 C
2415 2694 2417 2696 .

1405 2707 1480 2734 Orat.
1493 2716 1517 2740 3,
1530 2710 1564 2735 62
1600 2707 1685 2734 Valde
1702 2714 1790 2735 autem
1812 2708 1847 2734 cst
1865 2708 2005 2735 absurdum
2025 2709 2050 2734 ei
2063 2709 2235 2739 concionem,
2254 2710 2298 2733 aut
2315 2704 2346 2732 Se
2432 2707 2436 2713 '

1405 2750 1450 2770 aut
1461 2743 1546 2769 vllum
1561 2749 1666 2771 coetum
1685 2743 1826 2771 hominum
1838 2745 2028 2776 Committcre,
2041 2744 2084 2776 mi
2103 2752 2184 2770 nemo
2201 2742 2339 2781 illorum,-

1407 2779 1471 2812 sint,
1487 2780 1578 2812 sanus,
1593 2789 1672 2806 nemo
1693 2780 1776 2813 ciuis,
1790 2789 1869 2807 nemo
1887 2780 1956 2807 liber
1976 2781 2024 2806 effe
2043 2779 2174 2806 videatur.
2245 2777 2318 2804 Idem
2330 2784 2375 2804 ιιι
2408 2783 2433 2806 :i

1408 2824 1429 2848 1,
1443 2824 1471 2841 10
1491 2816 1562 2841 Haec
1582 2824 1632 2850 ego
1645 2816 1734 2842 onmia
1743 2835 1749 2847 ,
1761 2816 1873 2842 vixdum
1892 2817 1972 2843 etiam
1989 2822 2066 2842 coetu
2080 2815 2168 2841 vestro
2180 2814 2307 2844 Dimisso,
2319 2821 2345 2839 c·
2358 2817 2372 2840 15
2384 2838 2386 2841 ,
2400 2844 2401 2847 ¹

1406 2850 1516 2877 domum
1531 2860 1617 2878 meam
1628 2851 1776 2878 maioribus
1788 2851 1924 2886 praesidiis
1937 2851 2058 2884 muniui,
2072 2858 2151 2886 atque
2162 2849 2278 2876 firmani.
2313 2848 2346 2875 Li
2360 2849 2363 2853 '
2400 2868 2401 2871 .

1407 2888 1495 2920 Qiem
1517 2886 1726 2922 (Pythagoram)
1744 2887 1774 2914 in
1790 2887 1884 2914 vltima
1896 2888 1988 2915 Italiae
2006 2896 2054 2914 ora
2071 2887 2140 2914 circa
2159 2887 2344 2920 Metapontum

1405 2931 1504 2949 venum
1517 2923 1707 2950 aemulantium
1720 2922 1803 2950 studia
1816 2929 1904 2950 coetus
1918 2923 2042 2950 Habuiffc
2055 2922 2169 2954 constat,
2189 2924 2206 2948 ι’.
2227 2921 2362 2959 scholam,
2397 2947 2403 2955 ἢ

1406 2959 1483 2984 Verr.
1499 2967 1521 2991 ς,
1538 2964 1578 2991 185
1598 2968 1620 2986 c.
1634 2959 1682 2986 vlt.
1702 2959 1801 2986 Venire
1815 2959 1842 2985 in
1853 2959 2070 2993 congregationes
2085 2964 2110 2985 et
2124 2963 2279 2984 conuentus.
2342 2959 2353 2978 ΙΥ
2410 2961 2416 2980 .·

1408 2993 1485 3020 Catil.
1500 3003 1520 3027 1,
1534 2997 1551 3021 6
1567 2995 1594 3021 Si
1606 3004 1691 3030 neque
1702 3003 1755 3022 nox
1767 2994 1883 3022 tenebris
1894 2994 2041 3022 Obscurare
2054 3000 2144 3021 coetus
2156 2993 2289 3026 nefarios,
2301 2999 2334 3018 ιι
2357 3015 2368 3021 ,,
2410 3000 2411 3003 ’

1407 3035 1433 3056 ta
1460 3029 1553 3057 domus
1574 3030 1719 3065 parietibus
1739 3031 1876 3057 continere
1897 3039 1990 3057 vocem
2008 3029 2202 3057 coniurationis
2219 3034 2280 3055 tuae
2291 3035 2326 3067 po
2344 3027 2370 3051 ἶ

1406 3066 1529 3093 Proferre
1549 3066 1651 3102 aliquid
1672 3067 1701 3093 in
1719 3072 1796 3093 coctu
1814 3066 1983 3101 concilioque
2000 3067 2056 3096 Cic.
2075 3066 2107 3093 de
2121 3066 2179 3092 Fin.
2199 3073 2230 3097 2,
2242 3071 2286 3099 77.
2347 3065 2367 3095 “,

1406 3107 1483 3128 coetu
1497 3101 1632 3129 discedunt
1647 3101 1727 3129 Ouid.
1740 3103 1805 3129 Met.
1823 3111 1855 3134 ις,
1867 3107 1923 3134 898.
1960 3102 2017 3129 Cic.
2032 3101 2064 3129 de
2072 3103 2146 3129 Orat.
2159 3110 2183 3134 2,
2195 3108 2222 3133 33
2255 3099 2331 3133 Neq
2350 3126 2369 3139 .·

1407 3137 1513 3164 dicendi
1527 3147 1601 3172 pars,
1619 3139 1747 3173 quoniam
1766 3138 1803 3164 ita
1820 3138 1958 3170 voluistis,
1976 3138 2005 3164 in
2017 3137 2069 3165 hoc
2082 3137 2130 3165 tali
2145 3142 2221 3164 coetu
2254 3140 2332 3170 atque

1404 3180 1528 3200 accurato
1540 3174 1660 3204 sermone
1676 3174 1816 3209 praeterita
1828 3174 1877 3200 effe
1889 3173 2020 3201 videatur.
2248 3170 2270 3197 '2
2301 3169 2337 3197 Ε*
2369 3173 2373 3175 “

1404 3254 1474 3276 rum,
1490 3254 1544 3271 cum
1557 3246 1714 3279 humoribus,
1733 3252 1756 3272 et
1764 3245 1916 3282 spiritibus,
1935 3245 2141 3281 omnibusque,ex
2153 3243 2240 3280 quibus
2251 3242 2322 3281 bunia
2335 3274 2342 3280 ⁴
2353 3253 2357 3270 χ

1399 3287 1451 3316 pus
1464 3280 1614 3316 compat‘lum
1630 3289 1653 3308 et
1664 3279 1822 3315 coustitutum
1839 3279 1895 3314 cstr
1923 3288 1954 3308 vt
1970 3291 1993 3314 2,
2004 3289 2064 3308 ιοοι
2098 3279 2157 3307 Nec
2177 3278 2212 3305 fic
2227 3278 2344 3317 interimi

1406 3325 1464 3349 res,
1478 3323 1507 3343 vt
1520 3317 1642 3344 materiai
1661 3318 1781 3352 Corpora
1795 3316 1932 3343 conficiat:
1953 3317 1996 3343 sed
2008 3321 2113 3344 coetum
2133 3314 2244 3349 dissupat
2257 3311 2326 3339 ollis.
2345 3331 2349 3338 .

1406 3355 1452 3384 863
1477 3352 1527 3379 Nil
1545 3359 1634 3379 tamen
1647 3352 1698 3380 hoc
1710 3352 1743 3380 ad
1754 3361 1817 3384 nos,
1828 3353 1876 3388 qui
1889 3359 1966 3379 coetu
1978 3351 2148 3386 concilioque
2160 3349 2289 3384 Corporis
2307 3366 2310 3370 ι
2322 3357 2359 3380 ·<ῑι,,,

1857 3389 1888 3415 Et
1902 3396 1925 3421 ς,
1937 3396 1991 3422 429
2010 3389 2179 3414 elementorum
2190 3392 2316 3424 quoque-c
2331 3397 2353 3422 ·,

1405 3432 1473 3454 nem,
1493 3424 1609 3451 Coetum
1622 3431 1709 3458 vocat,
1737 3424 1824 3451 Omne
1842 3432 1923 3458 genus
1937 3425 2042 3456 motus,
2054 3428 2080 3449 et
2098 3428 2187 3449 coetus
2201 3415 2359 3455 experiund

1404 3460 1446 3486 Sic
1460 3455 1785 3493 Coniunfiionesstcllarum
1793 3479 1801 3492 ,
1815 3461 1913 3486 Coetus
1926 3461 2034 3495 appellat
2051 3457 2120 3485 Gell.
2133 3465 2173 3491 14,
2189 3465 2198 3482 ι
2229 3456 2301 3483 Nam
2311 3451 2359 3495 fiis-j,-

1405 3503 1448 3529 pes
1461 3493 1603 3528 Chaldaei,
1623 3496 1670 3531 qui
1689 3496 1717 3522 in
1731 3495 1881 3530 patentibus
1895 3495 1992 3530 campis
2005 3493 2142 3525 colebant,
2163 3492 2295 3519 stellarum
2332 3525 2338 3530 .
2349 3518 2353 3526 .,

1403 3530 1477 3563 vias,
1491 3536 1516 3557 et
1534 3531 1711 3564 discessiones,
1727 3537 1753 3557 et
1773 3537 1862 3558 coetus
1881 3531 2029 3563 intuentes,
2041 3528 2113 3565 quod
2126 3536 2157 3554 ex
2176 3527 2209 3554 iis
2221 3524 2322 3553 efficere
2340 3532 2351 3544 ¹·

2404 3262 2413 3277 4.

1404 3601 1442 3628 ris
1460 3608 1537 3628 coetu
1555 3602 1680 3637 irrigatio
1700 3601 1730 3628 lit
1749 3602 1891 3637 significata
1909 3601 2019 3628 telluris.
2055 3600 2096 3627 sic
2110 3598 2170 3624 ibid.
2185 3607 2210 3633 p.
2224 3598 2276 3624 162.
2304 3615 2305 3618 ,

1403 3639 1477 3663 etiam
1492 3641 1597 3672 ponitur
1611 3645 1658 3673 pro
1671 3637 1801 3675 Congrgllu
1819 3645 1842 3664 et
1861 3640 2006 3698 coitionzpu
2042 3637 2145 3661 antium.
2179 3634 2263 3660 Plaut.
2275 3631 2335 3666 ΔΜ·

1403 3679 1432 3706 23
1453 3672 1543 3700 Prinio
1556 3680 1633 3700 coetu
1645 3674 1767 3700 vicimus.
1838 3674 1936 3703 Coetus
1972 3681 1983 3698 e
1997 3644 2115 3698 gnur'uio
2128 3669 2204 3710 Virg.
2218 3670 2306 3695 Aemi

1402 3717 1451 3735 vos
1471 3707 1489 3735 ὂ
1507 3715 1613 3736 coctum
1626 3709 1711 3742 Tyrii
1729 3708 1859 3736 celebrate
1873 3709 1999 3736 satuentes.
2015 3724 2017 3730 .
2039 3704 2088 3732 Vbi
2106 3704 2229 3736 Seruius-3
2247 3703 2287 3730 Co

1380 3743 1438 3770 odo
1450 3744 1626 3772 Conuiuium.
1697 3745 1795 3772 Coetus
1814 3743 1842 3770 de
1856 3741 1976 3778 faeliolis
1993 3748 2083 3781 congre
2101 3740 2235 3781 ationibus.

1402 3779 1538 3806 sacrificiis
1556 3780 1779 3815 conspirationem
1799 3778 1937 3805 ciuitatum
1955 3777 2054 3803 sancire
2103 3784 2140 3802 ac.
2153 3776 2176 3802 A
2195 3783 2242 3802 ric.
2254 3779 2299 3807 27,

1406 3816 1526 3842 Turrem.
1550 3816 1584 3842 ad
1607 3816 1676 3842 Suet.
1703 3814 1774 3842 caes.
1798 3821 1871 3848 c.17.
1914 3811 2018 3838 Herald.
2040 3814 2068 3838 in
2087 3811 2207 3838 Tertul.
2226 3809 2295 3836 A...

1402 3854 1405 3859 ’
1436 3856 1549 3882 COEVS,
1569 3852 1588 3878 i.
1613 3860 1648 3878 m.
1682 3850 1782 3884 [Korax]
1827 3850 1921 3875 Nomen
1929 3848 2057 3881 Giganta,
2071 3856 2139 3883 quem
2150 3846 2294 3882 parsurm

1405 3885 1546 3920 Typhoeum
1559 3889 1647 3922 quinta
1666 3887 1725 3912 luna
1745 3891 1819 3910 natos
1833 3881 1876 3916 effe
1887 3881 1951 3908 dicit
1961 3878 2110 3918 Virgilius,
2133 3890 2180 3918 quo
2197 3883 2303 3922 tempor·
2329 3919 2337 3927 .
