2474 4182
0 2904 19 3016 Q.

3 3037 19 3435 l

3 3438 19 3803 l

64 2717 133 2753 stit-e
146 2725 170 2744 et
182 2725 310 2744 exornare.

81 116 156 153 ¹233
445 98 479 139 C
566 101 603 137 O
690 97 734 136 N

81 194 108 223 6,
123 198 161 226 17,
175 192 191 216 6
208 189 254 217 Vel
267 188 284 214 si
300 193 358 214 ante
368 197 463 222 ,quam
477 194 568 214 tumor
583 185 752 215 discutiatur,
776 182 804 209 in
818 183 1037 217 Suppurationem
1060 192 1120 209 con-

82 229 209 255 vertitur,
231 225 361 258 optimum
383 224 418 250 est
432 224 460 250 in
475 232 505 249 ea
519 223 618 249 lamina
637 218 834 246 conuersionem
854 221 986 251 resecare,
1004 226 1029 245 et
1045 219 1121 253 quid-

81 261 146 297 quid
160 259 246 287 vitiosi
261 259 311 292 est,
338 260 453 286 inurere.
525 257 675 284 Verborum
695 254 831 280 connersso
850 255 985 287 Prriodus,
1017 256 1072 280 Cic.
1089 255 1121 281 de

82 299 155 324 Orat.
168 305 188 327 3,
204 300 243 325 188
257 305 278 321 c-
294 304 329 329 49
347 296 378 321 Et
391 294 558 321 efficiendum
572 291 607 317 cst
620 290 686 316 illud
699 290 780 319 modo
794 290 885 323 vobis,
900 300 932 316 ne
946 292 1010 317 sluat
1022 291 1120 322 oratio,

81 342 115 359 ne
130 338 256 365 vagetur,
277 341 310 357 ne
325 331 420 357 insistat
432 330 558 360 interius,
581 335 613 352 ne
626 332 747 351 excurrat
762 326 880 360 longius:
901 332 928 353 vt
942 325 1070 352 membris
1083 325 1121 352 di-

82 368 244 401 stinguatur,
266 374 293 393 vt
312 365 494 393 conuersiones
515 363 608 390 habeat
626 361 765 388 absolutas.
822 362 917 396 Neque
933 363 1034 395 semper
1047 368 1120 388 vten-

80 403 144 429 dum
163 401 199 428 est
222 403 396 437 perpetuitate
416 407 441 428 et
474 399 525 426 uasi
545 397 715 423 conuertioue
737 397 896 428 verborum,
918 397 960 424 sed
980 399 1053 432 saepe
1067 406 1121 424 car-

79 437 163 472 penda
177 438 305 464 membris
320 437 460 464 minutiori
483 444 510 461 us
524 433 612 459 oratio
626 433 670 459 est.
743 432 965 469 1›1Jignific.1t1'one
984 433 1121 469 theologica

79 473 226 500 Conuersio
241 474 353 500 fratrum
367 471 492 505 Exemplo
505 468 622 495 debenda
634 476 680 495 tuo
697 469 793 495 Alcim.
808 470 857 494 Au.
877 472 903 500 6,
917 476 973 502 ¹49-

115 515 132 535 c
142 517 161 536 o
171 517 191 535 N
201 517 221 536 v
231 516 247 535 13
257 516 274 535 R
285 518 297 535 s
309 517 316 535 1
327 516 345 534 v
356 516 376 535 N
385 515 402 535 (3
412 505 431 533 „v
440 514 455 533 L
464 512 485 531 A
495 525 502 536 ,
526 514 564 531 ae.
584 505 602 531 f.
639 505 753 531 Saluian.
769 504 846 539 Epist.
861 514 887 538 4.

114 543 438 573 CONVERSIBYLIS,
458 549 481 566 e.
501 542 540 566 uel

118 586 135 606 C
146 587 166 607 o
177 587 197 606 Ν
210 588 229 607 ν
239 587 255 606 E
265 587 282 606 R
291 587 328 607 T1
339 586 354 606 13
364 578 376 605 i'
385 585 400 604 1.
410 585 419 603 1
428 583 452 608 S,
465 585 488 601 e.
501 576 560 602 Adi.
576 576 699 602 Prudent.
714 575 809 610 Apoth.
818 577 869 607 296
889 574 953 601 Non
960 571 1122 599 conuertibi-

80 615 130 648 lis,
165 625 212 642 nec
231 613 397 642 demutabilis
415 621 531 646 vnquam
577 612 618 637 Est
639 612 717 638 Deus.
809 610 920 636 Materia
938 607 1122 636 conuertibilis

80 651 198 678 Tertull.
213 651 271 677 adu.
286 651 375 677 Herm.
389 657 410 673 c.
426 656 464 679 39.
521 647 589 674 Αιίιί.
604 647 641 673 Id.
654 647 686 673 dc
700 648 785 674 Carne
799 646 897 673 clu-isti
911 655 931 672 c.
947 654 968 678 3.
1040 644 1124 677 Syllo-

79 687 157 720 ginmi
171 685 358 714 conuertibiles
379 684 456 717 Apul.
471 683 502 709 de
519 683 615 717 Syllog.
629 684 718 717 Categ.
735 692 758 717 p.
774 690 831 716 379.

117 729 133 749 c
145 730 164 749 o
174 731 195 749 N
206 730 225 748 v
236 729 278 749 ER
287 726 394 747 ’1-11311,
407 718 446 745 ir
456 726 476 745 A
485 727 514 751 s,
529 719 586 745 atis.
602 719 619 746 f.
640 718 716 745 Oros.
726 727 762 748 1,1
777 716 1000 749 Conuertibilitas
1008 721 1124 742 naturae.

97 769 98 772 ¹
118 763 137 784 c
148 764 167 785 ο
177 763 279 784 NVER
289 763 362 782 81M.
400 754 469 781 Adu.
508 754 614 781 Firmic.
629 763 654 786 2,
676 762 702 786 32
732 753 921 780 Decimatertia
943 752 970 778 in
984 752 1125 778 decimam-

78 792 232 828 sepfimam,
247 791 458 825 decimaseptima
472 791 558 817 rursus
574 790 600 816 in
614 789 869 816 decimamtertiam:
887 787 1084 822 decimaquarta
1098 788 1127 812 111

79 828 305 856 decimamsextam
315 848 322 859 ,
352 827 526 853 decimasexta
549 826 636 852 rursus
662 826 689 851 in
708 824 976 858 decimamquartam:
1012 823 1125 849 decima-

79 865 170 899 quinta
185 864 213 890 in
227 862 494 897 decimamseptimam
504 882 512 894 ,
536 862 678 895 rursusque
696 860 858 886 conuertim:
878 866 904 885 et
925 859 973 885 hoc
989 858 1071 885 modo
1086 859 1124 884 fa·
1135 864 1169 882 20

77 901 141 934 cias,
155 899 238 926 donec
252 908 298 933 pcr
312 898 441 933 graduum
457 907 613 929 numerum,
633 896 795 922 numeralem
810 895 1008 929 retrogredicns
1022 894 1126 921 descen-

79 936 135 962 stim
147 934 179 962 ad
193 934 341 961 descensum
355 934 488 970 perducas.
524 933 592 960 Add.
606 933 644 959 M.
660 931 767 966 Capella
786 939 834 965 5p.
851 939 902 963 159.

116 977 134 997 C
145 977 165 997 o
177 977 198 996 N
211 977 231 995 v
241 978 256 997 Γ,
266 978 283 997 a
292 977 304 996 s
314 977 332 997 ο
342 990 349 1002 ,
369 974 420 996 ἤτε.
458 970 599 1001 Frequent.
637 967 853 1002 [οἰνακυκλέμαι]
891 965 948 994 Cic.
962 965 993 992 :le
1002 966 1124 991 Vniuers.

77 1015 107 1039 23
121 1016 143 1033 c.
158 1011 171 1037 8
202 1007 310 1041 vQuippe
325 1007 372 1041 qui
385 1015 417 1032 cx
429 1005 519 1032 eadem
533 1004 654 1036 vinc'tus,
674 1003 810 1037 alteraque
824 1010 916 1028 natura
932 1001 1056 1028 adiunc'ta
1070 1010 1124 1027 ma-

76 1043 159 1073 teria,
177 1043 369 1077 temperatione
382 1042 464 1068 trium
480 1041 595 1075 partium
607 1039 782 1074 proportione
796 1038 941 1073 compa&a‚
960 1038 985 1064 se
998 1038 1053 1072 ipse
1066 1045 1126 1063 con·
1135 1038 1163 1063 ²5

77 1079 193 1111 versans,
208 1087 291 1113 quum
306 1078 444 1104 materiam
458 1076 614 1103 mutabilem
628 1075 784 1109 arripuisset.

116 1120 133 1141 C
147 1120 166 1140 Ο
179 1121 201 1140 N
211 1122 229 1140 v
241 1121 256 1140 E
267 1121 284 1140 R
295 1121 308 1139 S
319 1120 338 1139 O
349 1121 378 1145 R,
395 1113 443 1139 firi.
473 1113 537 1147 Dep.
574 1111 780 1145 [οἷνοιςρέφομαι]
818 1110 876 1136 Cum
889 1111 972 1144 aliquo
986 1111 1069 1134 viuere
1081 1114 1126 1134 aut

76 1150 185 1186 versari.
220 1150 310 1176 Nemo
324 1149 438 1175 libenter
449 1148 518 1175 tristi
533 1148 713 1178 conum-satur,
732 1146 828 1172 nedum
844 1145 966 1171 tristitiae
979 1143 1125 1178 Sen.Epist.

77 1194 121 1219 99.
179 1185 338 1212 conuersari
358 1185 427 1211 iuter
449 1184 566 1210 luunano
585 1182 711 1217 satiguine
733 1182 865 1208 delibutos
896 1180 970 1206 Idem
985 1180 1078 1206 Contr.
1102 1188 1125 1207 1.

79 1221 191 1248 Animus
213 1230 321 1256 magnus
341 1227 366 1247 et
385 1221 456 1247 sacer
470 1220 640 1246 conuersatur
652 1218 791 1244 uobiscum
821 1217 858 1243 Id.
873 1215 951 1250 Epist.
971 1223 1011 1248 41.
1064 1216 1124 1242 Sine
1135 1224 1166 1248 30

79 1256 211 1284 discordia
224 1266 284 1283 cum
301 1257 455 1291 parentibus
469 1256 619 1282 conuersari
641 1254 773 1281 Columel.
784 1262 808 1285 9,
823 1260 883 1284 11,1.
905 1251 932 1276 de
941 1251 1036 1286 apibus.
1075 1253 1125 1279 Pro

79 1293 195 1325 Viuere,
213 1292 250 1328 vfi
257 1293 319 1328 suut
326 1292 466 1329 scriptores
479 1289 633 1325 ecclesiastici
641 1310 649 1322 ,
670 1300 694 1316 υ.
708 1299 733 1326 g.
753 1288 878 1322 cyprian.
893 1287 972 1321 Epist.
987 1294 1027 1321 75.
1063 1288 1126 1314 Pro.

79 1329 169 1356 consul
182 1329 265 1364 potest
280 1328 439 1355 comminari
455 1334 479 1354 et
492 1334 591 1354 terrere
606 1326 701 1358 filium,
711 1326 758 1360 qui
770 1333 834 1356 non,
848 1330 877 1350 vt
888 1329 1004 1357 oportet,
1014 1331 1126 1350 conuer-

79 1365 130 1392 sari
143 1364 247 1392 dicatur
267 1364 326 1399 le.
345 1364 362 1390 1.
376 1373 391 1397 9
407 1362 430 1401 §.
447 1372 459 1395 3
479 1364 510 1390 D.
526 1363 557 1389 de
572 1362 623 1389 Off.
638 1363 711 1387 Proc.
786 1366 791 1371 ·
993 1394 998 1398 ῃ

115 1407 131 1428 C
140 1407 159 1428 O
169 1408 191 1427 N
200 1408 220 1427 v
229 1407 246 1427 Ε
256 1408 275 1427 R
284 1408 296 1427 S
305 1407 326 1427 A
337 1408 358 1427 Ν
367 1407 379 1427 s
389 1420 396 1432 ,
426 1399 502 1426 antis.
532 1400 598 1425 Part.
634 1397 779 1423 Sumuntur
797 1403 811 1420 a
833 1394 1052 1421 conuersantibus
1070 1404 1123 1421 mo-
1138 1403 1165 1429 35

80 1444 131 1469 res,
148 1442 173 1463 et
186 1437 288 1464 animus
299 1436 369 1463 mala
385 1437 428 1462 sua
445 1434 574 1470 proximis
588 1431 668 1459 tradit
683 1432 740 1457 Sen.
753 1430 784 1456 de
798 1431 838 1455 Ira
858 1438 879 1462 3,
894 1437 919 1464 7.
984 1431 1055 1456 Socii
1070 1431 1129 1458 tali-

79 1477 120 1499 ter
132 1472 346 1499 conuersantium
384 1471 488 1505 Vulgat.
504 1469 588 1496 Hebr.
603 1476 639 1499 10,
652 1475 688 1499 33.
741 1464 970 1492 Conuersanubus
983 1466 1020 1492 eis
1034 1466 1063 1492 in
1077 1467 1128 1492 Ga-

77 1506 157 1534 lilaea
177 1507 216 1535 Ib.
229 1508 323 1535 Matth.
344 1515 381 1542 17,
400 1515 440 1533 22.

116 1549 134 1569 c
146 1551 165 1570 o
174 1551 196 1570 Ν
206 1551 250 1571 νε
261 1550 279 1570 R
289 1551 302 1570 s
310 1551 332 1570 Α
341 1550 362 1569 Τ
373 1549 413 1568 vs
421 1561 430 1573 ,
450 1549 474 1573 a,
492 1547 547 1565 um.
566 1539 596 1564 In
605 1546 697 1565 errore
707 1537 857 1564 conuersari
879 1536 958 1572 Vulg.
967 1545 983 1563 2
997 1537 1051 1563 Pet.
1061 1545 1085 1569 2,
1094 1542 1128 1568 18.

1146 328 1160 355 υἱ

118 1584 136 1606 C
148 1586 167 1606 O
177 1585 198 1604 N
210 1586 229 1605 V
238 1586 281 1606 ER
290 1586 303 1605 s
312 1585 333 1604 Α
343 1584 364 1603 Τ
374 1584 381 1602 1
391 1583 409 1603 O
422 1595 430 1607 ,
465 1574 534 1601 onis.
564 1574 584 1600 f.
621 1574 634 1606 [
646 1575 742 1599 mmlx
756 1574 768 1608 ]
807 1572 967 1608 Consuetudo.
998 1572 1128 1608 οἶναςροφῆ,
1140 1582 1176 1607 40

77 1610 198 1646 διαγωγή,
215 1615 264 1645 βίος
282 1614 339 1639 Vet.
352 1611 432 1638 Gloff.
471 1610 539 1637 Plin.
554 1618 591 1641 10,
605 1618 630 1641 33
658 1609 736 1635 Neue
750 1609 794 1635 cui
807 1609 976 1643 frequentior
990 1610 1128 1636 conuersa·

75 1649 117 1675 tio
133 1649 165 1675 sit
177 1648 301 1683 finspedta.
373 1647 479 1674 Tutior
493 1645 657 1672 conuersatio
672 1645 742 1672 inter
755 1646 844 1672 seruos
863 1645 947 1671 malos
960 1653 1039 1679 quam
1055 1646 1127 1680 inge-

75 1692 142 1710 nuos
162 1693 256 1719 parum
274 1683 406 1710 modestos
444 1681 576 1715 Quinem.
601 1689 620 1713 1,
643 1689 668 1713 2,
691 1690 717 1714 4.
790 1681 964 1707 Conuersatio
985 1680 1128 1707 do&orum

72 1719 149 1749 Idem
158 1722 184 1753 6,
197 1728 220 1752 3,
236 1727 274 1754 17.
328 1719 359 1746 Τ
361 1718 446 1745 ollcre
460 1717 689 1744 conuersationem
704 1725 811 1743 omnem
833 1716 891 1742 Sen.
906 1715 937 1742 de
951 1716 1097 1751 Tranquil.
1106 1725 1128 1749 3.

70 1755 167 1785 Donec
179 1755 251 1781 idem
267 1754 385 1782 sacerdos
399 1754 516 1781 satiatam
531 1753 733 1779 conuersatione
752 1752 908 1779 mortalium
927 1752 1011 1778 Deam
1025 1753 1126 1787 templo
1136 1757 1170 1785 4⁴5

74 1791 169 1818 reddat
190 1791 282 1819 Tacit.
297 1790 328 1817 de
343 1791 433 1817 Germ.
448 1799 493 1823 40,
509 1797 534 1823 7.
607 1789 700 1823 Aegris
720 1788 830 1814 inimica
851 1787 887 1814 est
900 1788 1049 1814 multorum
1065 1797 1127 1815 con-

76 1827 192 1854 versatio
207 1827 264 1854 Sen.
280 1828 324 1861 Ep.
337 1834 363 1862 7.
433 1825 501 1854 Add.
515 1824 552 1852 Id.
567 1824 600 1851 ad
613 1824 693 1851 Helu.
708 1833 729 1850 c.
746 1831 780 1857 15.
852 1824 936 1850 Cuius
956 1825 1126 1851 conuersatio

75 1863 204 1894 continua
219 1863 299 1892 etiam
314 1862 415 1889 inuitos
427 1861 458 1889 ad
473 1862 498 1888 se
512 1860 604 1887 oculos
619 1866 723 1895 poterat
734 1859 874 1887 deflectere
904 1859 1036 1894 Qinffil.
1052 1860 1126 1887 Decl.

76 1907 132 1931 291.
197 1899 227 1926 In
252 1897 307 1927 iltis
319 1914 321 1916 -
333 1907 388 1925 non
415 1897 583 1924 conuersatio
604 1906 665 1923 cum
691 1896 758 1922 viris
783 1895 947 1922 licentiosior
981 1896 1040 1922 Sen.
1066 1897 1126 1923 Exc.

77 1935 168 1962 Contr.
186 1937 212 1967 6,
226 1939 248 1965 8.
295 1934 352 1962 Nec
367 1933 454 1962 defuit
468 1932 635 1960 conuersatio
649 1931 791 1958 hominum
812 1931 907 1958 Vellei.
921 1941 944 1964 2,
957 1941 1011 1959 102.
1056 1933 1126 1959 Con·
1137 1938 1169 1964 50

75 1970 207 2003 versatio,
223 1977 273 2006 pro
286 1969 444 2003 Conuersione
457 1968 576 1995 laudatur
588 1967 734 2002 Sen.Epist.
749 1975 782 2003 75
801 1967 922 2003 Sciatque
934 1968 981 1994 illa
994 1969 1058 2003 ipsa,
1067 1969 1127 2004 qui-

75 2005 125 2033 bus
144 2006 215 2033 laedi
234 2005 358 2038 videtur,
381 2004 414 2031 ad
435 2004 665 2031 conuersationem
684 2003 802 2031 Vniuersi
841 2005 971 2031 ertinere:
999 2011 1025 2031 et
1045 2014 1076 2031 ex
1093 2005 1126 2031 iis

78 2042 141 2072 esse,
160 2050 227 2076 quae
241 2042 346 2067 cursum
358 2040 452 2067 mundi
464 2041 654 2067 consummant.
710 2040 757 2067 Sed
774 2049 801 2066 re
830 2049 841 2066 e
857 2041 932 2068 Gron.
945 2041 1127 2068 conseruatio-

77 2085 147 2104 nem.
185 2077 377 2109 Conuersatio,
396 2083 445 2111 pro
465 2076 627 2104 Habitatione
657 2075 762 2111 leian.
781 2075 799 2102 1.
813 2085 838 2102 12
852 2074 875 2113 §.
891 2076 947 2104 1D.
965 2076 998 2103 de
1010 2076 1088 2112 relig.
1100 2083 1126 2104 et

74 2113 174 2147 sumpt.
187 2112 273 2146 furter.
310 2112 540 2141 Senatusconsulto
554 2118 678 2144 cauetur,
703 2120 736 2138 ne
748 2112 808 2138 vsus
828 2111 1007 2146 sepulcrorum
1021 2121 1126 2148 permu-
1137 2120 1165 2146 55

75 2147 224 2176 tationibus
241 2148 391 2184 polluatur,
409 2148 435 2175 id
449 2148 500 2181 est,
514 2157 547 2174 ne
566 2147 715 2181 sepulcrum
733 2147 800 2173 aliae
819 2149 1030 2174 conuersationis
1050 2146 1126 2173 vsuin

75 2184 203 2219 accipiat,
221 2184 252 2212 h..
260 2194 280 2212 e.
293 2194 324 2211 ne
335 2187 391 2220 quis
402 2185 478 2210 aliam
490 2184 518 2210 ob
528 2182 634 2216 cauſjizm
646 2192 718 2217 quam
724 2181 837 2217 sepulcri
853 2188 878 2207 et
891 2183 1022 2218 religionis
1034 2182 1071 2208 ibi
1085 2183 1127 2208 ha-

75 2221 154 2252 bitet,
177 2226 222 2246 aut
239 2219 364 2254 versetur,
385 2226 415 2245 vt
435 2228 465 2244 ex
483 2217 562 2244 edi&
574 2216 656 2244 verbis
668 2218 837 2254 intelligitur,
858 2226 919 2253 quae
940 2217 1005 2244 idem
1018 2217 1126 2252 leian.

73 2249 157 2290 Jqfert
169 2255 198 2280 in
215 2254 234 2280 l.
244 2263 261 2287 3
274 2255 308 2281 D.
329 2254 362 2280 de
379 2253 474 2288 sepulc.
492 2252 586 2280 violat.
607 2254 708 2279 Hotom.
778 2253 956 2280 Conuersatio
969 2260 1019 2289 pro
1039 2254 1129 2290 vitas.

72 2288 177 2323 putendi
195 2292 300 2318 ratione.
322 2313 324 2316 .

72 2325 202 2360 Spartian.
257 2326 381 2352 Humana
408 2325 478 2358 Sulp.
498 2325 587 2351 Seuer.
607 2323 640 2350 de
662 2323 732 2350 Virt.
750 2324 876 2351 Monach.
896 2325 944 2352 Or.
967 2325 1037 2352 Dial.
1059 2335 1079 2358 1,
1096 2334 1127 2351 11.

74 2360 233 2392 Monasterii
252 2359 292 2387 lb.
307 2369 329 2387 c.
343 2368 368 2393 9.
441 2360 488 2386 Ille
501 2358 629 2386 fundator
640 2364 666 2385 et
681 2358 804 2386 eruditor
816 2359 896 2386 huius
915 2360 1128 2388 conuersationis

72 2402 101 2429 et
113 2396 195 2423 studii
210 2396 238 2422 in
250 2395 298 2422 hac
310 2395 450 2430 prouincia
462 2396 514 2423 fuit
533 2395 646 2422 Hieron.
666 2395 694 2420 iu
709 2395 772 2421 Vita
785 2395 921 2422 Hilarion.
977 2396 1128 2428 Antequam

74 2433 209 2460 formetur
223 2431 344 2459 Christus
358 2432 386 2458 in
400 2431 478 2458 nobis
491 2432 518 2457 in
531 2431 589 2465 ipso
602 2431 662 2464 piae
675 2431 885 2457 conuersationis
904 2429 987 2455 initio
1001 2430 1126 2464 Cyprian.

73 2462 157 2502 Serui.
177 2467 210 2495 de
229 2467 302 2495 stella
320 2472 346 2494 et
365 2476 432 2501 mag.
503 2466 578 2502 Conf.
600 2466 705 2493 Herald.
726 2469 753 2492 in
772 2466 851 2499 Apol.
872 2464 992 2492 Tertull.
1016 2464 1169 2502 Digreſj.6;

74 2513 90 2533 2
117 2512 128 2520 ⁶
147 2511 212 2530 extr.

89 2521 128 2567 ’d
139 2546 159 2566 ο
169 2545 191 2566 Ν
200 2545 222 2565 v
231 2545 247 2565 E
256 2545 275 2565 R
283 2545 296 2565 s
305 2538 329 2565 Ᾱ
337 2545 359 2565 T
369 2545 388 2565 o
396 2545 416 2565 R
424 2557 434 2570 ,
466 2537 532 2564 oris.
557 2545 596 2563 m.
631 2535 711 2562 Gloff.
725 2535 817 2562 Graec.
837 2535 894 2562 Lat.
915 2533 1049 2569 ὅμοὸίκιτος
1066 2546 1128 2564 con-

70 2575 226 2607 tubernalis.
836 2582 840 2585 ι

75 2631 77 2635 .
108 2617 127 2638 c
138 2617 157 2638 0
168 2617 190 2636 N
201 2618 223 2637 v
231 2617 249 2637 E
257 2617 270 2637 s
278 2616 295 2636 c
307 2615 326 2635 o
337 2615 368 2640 R,
388 2607 433 2634 sci.
454 2607 557 2633 Nouat.
572 2605 605 2632 de
617 2605 693 2633 Cibis
707 2616 728 2633 c.
738 2614 758 2640 ς.
794 2606 959 2642 Συμαλίζεται
974 2608 1054 2637 Gloss'.
1068 2609 1126 2636 Lat.

71 2647 121 2674 Gr.
157 2645 325 2673 Conuescens
343 2643 424 2678 Vulg.
439 2641 496 2669 A&
512 2651 532 2674 1,
545 2650 573 2676 4.
981 2665 983 2667 ¹

112 2688 130 2710 c
143 2689 163 2710 o
172 2689 195 2709 N
204 2688 225 2706 v
233 2688 250 2708 E
258 2688 271 2708 s
281 2687 303 2707 'r
311 2687 322 2707 1
331 2687 350 2707 0
358 2699 367 2712 ,
391 2678 441 2711 iiii,
468 2682 548 2711 itum,
568 2681 616 2705 ire.
655 2676 879 2712 [κατακαλύπτω]
919 2678 986 2705 Idem
999 2679 1065 2715 quod
1081 2681 1126 2707 Ve-

366 2716 472 2742 Lucret.
487 2723 513 2746 2,
528 2721 577 2748 147
614 2715 702 2747 Quam
716 2713 807 2741 subito
820 2715 902 2741 soleat
916 2715 959 2741 Sol
974 2721 1049 2742 ortus
1062 2721 1128 2742 tem-

72 2763 138 2790 pore
150 2753 199 2780 tali
237 2751 394 2780 Conuestire
407 2751 451 2777 sua
463 2749 626 2785 perfundens
639 2750 731 2777 omnia
743 2750 816 2783 luce,
834 2750 888 2776 h.e.
903 2751 986 2777 radiis
999 2761 1126 2779 exornare.

73 2789 285 2819 Conuestiuntur
298 2786 388 2815 herbis
410 2792 485 2822 prata
515 2786 571 2813 Cic.
585 2786 667 2813 Ture.
688 2795 707 2817 1,
722 2789 756 2819 69
769 2796 791 2812 c.
803 2791 844 2816 28.
863 2801 864 2804 =
916 2786 990 2813 Idem
1007 2788 1044 2822 Q
1055 2789 1125 2815 Frat.

72 2835 95 2860 3,
110 2835 130 2859 1,
143 2835 156 2852 2
178 2825 346 2860 Topiarium
358 2823 474 2854 laudaui,
489 2822 526 2849 ita
539 2821 630 2849 onmia
643 2822 802 2850 conuestiuit
816 2821 929 2855 hedera,
949 2830 995 2849 etc.
1032 2825 1064 2850 Et
1077 2833 1125 2859 pro
1135 2824 1167 2853 73

71 2863 161 2890 Domo
181 2869 221 2888 101
236 2865 299 2893 4228
334 2860 403 2895 Ergo
415 2859 472 2886 eius
486 2857 595 2887 domum
610 2859 728 2885 euersam
744 2857 849 2885 duobus
867 2858 934 2885 lueis
954 2860 1127 2887 conuestitam

71 2897 185 2930 videtis,
205 2897 234 2924 de
247 2897 362 2928 Manlio,
388 2898 416 2922 in
430 2898 500 2922 cuius
513 2904 571 2921 area
584 2900 635 2921 tum
647 2895 698 2921 luci
708 2901 790 2921 erant.

107 2941 125 2962 C
134 2940 154 2962 0
163 2941 185 2960 Ν
195 2939 216 2960 V
224 2940 242 2960 E
250 2940 272 2960 T
281 2939 298 2960 Ε
306 2939 326 2959 R
334 2932 356 2959 Ᾱ
363 2937 385 2957 Ν
394 2939 416 2958 V
425 2938 438 2959 S
447 2951 456 2964 ‚
482 2930 501 2956 i.
529 2938 566 2956 m.
601 2929 803 2966 [σωζετερανᾶς]
846 2930 984 2957 Vetercwus
999 2933 1070 2958 miles
1088 2941 1127 2958 re·

67 2966 156 3007 J'pefl'u
175 2969 362 2996 commilitonis.
374 2969 488 2994 veterani
500 2964 542 3000 fic
561 2973 666 2993 vocatur
684 2976 700 2993 a
718 2965 859 2993 Gordiano
878 2967 1043 3001 Imperatore
1063 2968 1093 2994 in
1106 2967 1125 2995 1.

73 3005 156 3040 01]οά
168 3004 267 3040 placuit
284 3005 314 3031 C.
329 3003 361 3031 de
375 3004 487 3030 excusat.
499 3007 617 3029 veteran.
917 3023 920 3026 ,
1135 3006 1167 3031 80

92 3048 95 3049 ’
109 3047 128 3068 c
138 3046 158 3067 Ο
169 3047 245 3068 NVE
254 3046 317 3072 xo,
344 3044 398 3066 are.
440 3037 553 3074 Vndique
570 3045 615 3065 aut
627 3038 780 3065 vehementer
798 3039 901 3065 ls‘exare.
936 3039 1021 3074 Appia
1034 3040 1126 3067 Caesa-

75 3075 113 3104 ris
133 3075 190 3103 filia
207 3074 276 3110 apud
295 3075 412 3102 Gellium
428 3083 467 3107 10,
479 3076 497 3101 6
523 3074 572 3102 Sed
590 3074 694 3101 vtinam
711 3074 854 3101 reuiuiscat
866 3075 966 3108 frater,
990 3075 1124 3111 aliamque

75 3112 178 3143 classem
195 3111 226 3137 in
244 3110 360 3138 Siciliam
379 3109 456 3138 ducat
471 3128 480 3142 ,
501 3116 580 3145 atque
599 3110 675 3137 istam
697 3110 899 3138 multitudinem
918 3110 1053 3146 perditum
1067 3118 1125 3146 eat,

75 3156 144 3184 quae
155 3155 198 3175 me
211 3146 363 3174 male‘nunc
375 3146 500 3174 miseram
511 3152 703 3174 conuexarunt.

114 3189 132 3210 C
143 3190 164 3211 0
172 3190 194 3210 N
203 3189 224 3209 V
234 3189 251 3210 B
260 3190 278 3210 x
288 3189 308 3208 v
318 3188 342 3214 S,
350 3190 373 3213 a,
381 3191 434 3209 um.
450 3181 512 3208 Adi.
527 3182 682 3217 [nefins-qumis,
697 3182 837 3217 συγκλινῆς]
852 3182 928 3210 Reate
941 3185 1126 3219 interpretatur
1136 3184 1166 3213 82·

75 3219 178 3250 Festus,
198 3226 232 3245 ex
248 3217 324 3244 omni
342 3223 415 3252 parte
436 3216 612 3251 declinatum,
631 3218 717 3253 qualis
732 3218 768 3245 est
785 3219 980 3252 naturacaeli,
1003 3228 1035 3246 ex
1049 3219 1126 3246 omni

76 3262 150 3291 parte
164 3254 197 3282 ad
210 3259 309 3281 terram
322 3253 412 3280 versus
419 3252 645 3287 declinatumest,
666 3256 725 3281 Vet.
739 3254 782 3281 Gl.
803 3255 962 3282 Conuexum
979 3258 1125 3291 κατωφερὲς,

75 3292 206 3327 περιφερές.
242 3290 379 3325 Cognatum
398 3289 519 3322 deuexo,
540 3289 613 3325 quod*
626 3297 650 3317 et
669 3290 748 3325 ipsum
765 3293 903 3326 κατωφερὲς
923 3294 951 3318 in
963 3292 1024 3318 Vet.
1044 3291 1127 3318 Gloff.

75 3327 200 3358 redditur.
258 3327 317 3352 Non
331 3327 413 3362 igitur
425 3332 455 3360 op
473 3328 563 3352 onitur
570 3326 695 3354 Concauo
703 3346 713 3359 ,
739 3332 768 3353 vt
780 3329 929 3354 recentiores
937 3327 998 3364 sere
1009 3333 1125 3359 utuntur,

69 3363 118 3400 sed
123 3361 275 3398 simpliciter
288 3367 415 3389 nutantem
427 3364 438 3388 i
457 3370 497 3387 am
509 3360 596 3397 versus
609 3371 684 3389 vnum
693 3357 842 3397 puuc'iunr,v
855 3369 900 3389 aut
919 3365 987 3389 axim
999 3362 1069 3396 adeo,
1085 3372 1125 3389 ro·
1135 3368 1171 3393 90

75 3399 224 3426 tunditatcm
238 3403 319 3423 notat.
390 3397 434 3424 Sic
443 3395 523 3424 Ouid.
536 3397 601 3424 Met.
623 3400 650 3431 6,
664 3400 718 3432 697
748 3397 821 3424 Idem
833 3407 882 3433 ego
896 3407 957 3425 cum
972 3398 1043 3425 subii
1064 3407 1125 3425 con-

76 3443 144 3466 vexa
156 3433 291 3462 foramina
305 3439 405 3464 terrae,
422 3432 604 3467 Suppes-iique
617 3434 695 3461 ferox
708 3433 770 3460 imis
785 3442 844 3460 mea
858 3440 932 3469 terga
944 3434 1065 3462 cauernis
1078 3441 1124 3462 etc.

77 3472 172 3506 Aperte
184 3477 326 3499 concauam
340 3474 439 3503 partem
458 3475 538 3495 notat.
574 3470 605 3495 Et
622 3469 684 3505 quid
691 3468 865 3505 frequentius,
883 3479 956 3506 quam
971 3471 1072 3497 caelum
1086 3480 1124 3497 re-

73 3503 247 3543 spekh‘nqliri
255 3506 413 3531 Conuexum
427 3503 516 3531 dicere.
551 3503 610 3531 md.
624 3513 648 3538 3,
663 3510 692 3537 38
715 3505 841 3532 Conuexa
854 3505 921 3533 caefi
934 3511 1051 3533 extrema
1064 3506 1122 3532 eius

78 3542 186 3572 suntsi
198 3541 328 3571 euruitatc
345 3539 431 3573 dieta,
451 3545 479 3566 vt
492 3539 528 3566 est
541 3539 625 3573 illud,
649 3540 785 3567 Conuexum
802 3544 898 3577 quoties
911 3542 1006 3569 claudit
1018 3551 1068 3568 nox
1081 3542 1121 3568 hu·
1134 3548 1166 3575 95

77 3577 145 3604 mida
156 3577 254 3606 caelum.
290 3577 447 3603 Conucxum
462 3575 534 3602 enim
544 3584 656 3610 curuum
664 3576 789 3611 est‚quasi
803 3577 950 3614 conuersum·
956 3579 1000 3604 seu
1013 3577 1124 3605 inclina-

78 3618 152 3644 tum,
172 3617 199 3639 et
218 3611 254 3640 ad
267 3612 378 3640 modum
397 3611 489 3639 circuli
508 3612 616 3638 flexum.
668 3612 770 3644 Caetera
788 3611 870 3639 refte:
887 3613 953 3649 quod
963 3612 998 3640 ad
1016 3620 1123 3649 etymon,

77 3650 141 3682 alii,
158 3654 188 3674 vt
213 3643 323 3682 γραῖαι,
341 3650 437 3675 malunt
457 3658 472 3674 a
491 3646 613 3674 conueho
632 3646 763 3680 deriuare,
779 3654 810 3674 vt
826 3648 957 3676 deuexum
976 3659 993 3675 a
1009 3648 1123 3676 deueho.

77 3682 126 3713 Sed
140 3683 268 3715 videamus
280 3682 313 3714 ae
327 3685 401 3711 caelo.
422 3683 504 3711 Ouid.
519 3683 585 3710 Met.
595 3691 621 3715 1,
632 3685 667 3710 26
687 3684 765 3717 Ignea
775 3684 888 3710 connexi
901 3684 940 3711 vis
953 3690 979 3719 et
993 3684 1046 3712 sine
1059 3692 1127 3720 pons

78 3719 142 3749 dere
154 3719 223 3746 caeli
236 3717 366 3754 Emicuit,
379 3720 534 3755 stimmaque
546 3718 636 3745 locum
649 3718 698 3745 sibi
710 3718 774 3753 legit
788 3718 817 3745 in
829 3728 897 3746 arce.
932 3718 1060 3758 Describit
1076 3730 1126 3747 mo-

77 3757 131 3785 tum
143 3765 158 3782 a
168 3761 253 3782 centro
266 3753 301 3780 ad
307 3760 341 3789 pe
352 3757 354 3761 “
381 3756 478 3784 berian.
549 3754 625 3789 Virg.
633 3754 686 3781 Ecl.
699 3763 727 3788 4,
741 3762 773 3787 50
790 3754 900 3791 Adspice
911 3761 1049 3783 nutantem
1062 3765 1124 3783 con-

77 3800 148 3820 vexo
163 3789 281 3826 pondere
293 3798 358 3817 mun
377 3793 430 3825 itm.
467 3792 540 3819 Seru.
558 3791 667 3824 Curuo,
685 3790 822 3817 inclinato.
869 3791 943 3818 Idem
956 3793 1022 3818 Aen.
1037 3801 1065 3825 4,
1079 3800 1125 3827 451

79 3826 188 3855 Taedet
199 3825 265 3853 caeli
283 3834 404 3854 connexa
414 3828 486 3856 tueri
494 3848 503 3861 ,
528 3830 547 3854 i.
561 3828 651 3853 caelum
663 3836 804 3853 connexum.
875 3827 961 3861 Qieis
974 3827 1050 3854 lunae
1063 3837 1126 3856 con.

77 3863 178 3890 vexum
189 3860 464 3897 oculiseontingimue
477 3863 572 3891 orbem
606 3862 664 3889 Cic.
678 3862 708 3889 in
718 3863 790 3889 Arat.
805 3871 831 3888 ν.
845 3871 898 3897 314.
954 3863 1085 3900 Qudquid
1087 3863 1128 3898 fit

77 3898 108 3926 de
119 3895 240 3931 temone,
258 3895 323 3936 qgao'd
340 3898 426 3926 oculis
438 3899 633 3935 coptingimus‚
659 3898 723 3926 illud
729 3895 850 3935 profluo
863 3906 1013 3930 ,conc-auum
1031 3899 1125 3928 iude'ea-
1136 3905 1180 3932 105
1191 3910 1212 3928 c.
1228 3903 1246 3928 6
1274 3900 1302 3927 Si
1323 3908 1386 3926 vere
1407 3900 1551 3934 obiicitur,
1576 3897 1740 3927 vehementi·
1758 3892 1927 3925 accusatoris:
1949 3891 1987 3919 fin
2006 3890 2086 3922 f³ls02

235 3939 324 3962 voi..
358 3934 382 3962 1.

86 3958 95 3971 ,ε
117 3961 120 3964 .

367 2290 508 2317 Humanae
525 2288 598 2315 vitae
617 2288 786 2315 conuersatio
804 2290 897 2322 Veget.
917 2295 956 2324 ap.
979 2290 1080 2326 Salmas
1101 2293 1128 2316 in
1139 2287 1175 2312 60

1137 2648 1173 2676 70

1587 97 1621 136 C
1711 97 1746 136 Ο
1836 101 1877 140 N
2143 119 2224 158 1234

1186 192 1247 224 mus.
1302 183 1342 208 Sic
1355 183 1429 217 Virg.
1445 185 1509 211 Aen.
1525 194 1543 217 1,
1557 188 1602 212 612
1629 188 1754 213 Conuexa
1768 187 1843 222 polus
1858 187 1919 214 dum
1933 190 2013 216 sidera
2027 194 2116 226 pascet.
2178 196 2226 221 Vbi

1186 220 1259 244 beru.
1274 218 1467 260 Alnssonuexa
1482 220 1561 247 sidera
1576 222 1678 248 volunt.
1699 227 1716 248 i.
1732 223 1886 249 Pendentia:
1918 230 1945 249 vt
1958 233 1979 250 ct
1993 230 2224 264 c‹1flsc0nm=.x·.zpn·

1187 262 1270 279 auras.
1292 257 1310 279 i.
1325 256 1447 288 Suspensa
1473 256 1640 294 Phlhanetasque
1658 259 1823 292 intelligunt,
1844 258 1891 293 qui
1910 267 1962 283 non
1983 261 2037 286 suut
2058 262 2120 292 fixi,
2142 265 2182 291 sed
2198 267 2225 291 in

1187 297 1247 314 aere
1266 288 1395 330 feruntur.
1450 290 1594 323 Alnjnlera
1614 303 1720 320 connexa
1734 294 1812 320 nobis
1827 294 2008 325 imminentia,
2038 298 2077 322 vel
2097 293 2162 332 quae
2181 310 2225 334 per

1186 325 1471 365 couuexumhdis'posita
1489 333 1533 351 erc.
1590 328 1636 354 Sed
1650 330 1714 355 nihil
1726 330 1824 355 videtur
1839 331 1939 362 melius,
1968 339 2038 364 quam
2058 336 2093 356 ita
2114 337 2212 367 iungeri-

1187 359 1250 385 dum
1265 361 1400 387 montibus
1416 360 1526 387 vmbrae
1541 361 1685 390 lustrabunt
1700 374 1815 391 couuexa
1825 386 1832 397 ,
1851 368 1868 391 i.
1884 365 1968 391 valles.
2006 366 2119 392 Vmbrae
2134 364 2229 396 monti-

1186 394 1236 421 bus
1245 416 1251 427 ,
1272 406 1331 430 quos
1343 398 1410 423 velut
1419 403 1544 432 pingunt,
1563 405 1627 423 certe
1641 399 1779 434 disci-ibunt
1789 421 1796 432 ‚
1816 401 1923 427 lustrant
1932 421 1939 432 ‚
1958 400 2062 426 dimidio
2075 405 2164 428 ciri-«ln
2175 413 2230 439 pes.

1186 439 1292 456 currwzt
1304 432 1396 464 ualles,
1416 442 1477 468 quas
1491 431 1548 457 dum
1564 441 1681 460 conuexa
1694 435 1746 460 dici
1759 435 1889 468 refugiunt
1904 437 2080 467 GrammaticI,
2100 436 2148 467 litte
2160 441 2231 466 causa

1187 466 1310 492 laborant.
1367 467 1414 494 Sed
1432 467 1557 494 redeamus
1575 468 1609 493 nd
1625 471 1724 496 caelum.
1780 466 1785 471 ”
1796 467 1870 504 ν’ἰης.
1887 473 1950 497 Aen.
1965 473 1990 503 6,
2005 480 2051 504 241
2087 465 2167 498 Talis
2181 459 2230 501 sei'e

1150 510 1178 528 10
1190 501 1287 528 halitus
1307 502 1370 528 atris
1407 503 1538 529 Faucibus
1556 503 1690 530 effimdens
1714 506 1805 539 supera
1827 507 1857 532 ad
1878 516 1995 533 connexa
2013 507 2125 534 ferebat.
2160 512 2176 534 i.
2192 510 2230 535 Ad

1189 537 1252 563 caeli
1275 538 1448 570 curuitatem,
1464 539 1580 565 Seruius.
1638 540 1693 566 Siue
1711 541 1780 567 (lubio
1796 549 1817 567 et
1832 543 1872 567 hic
1887 550 1963 568 motus
1973 543 2119 579 distrilatur
2132 548 2232 578 eparti·

1186 573 1230 598 bus
1244 574 1409 599 vicinioribus
1430 581 1513 600 centro
1533 574 1618 610 versia
1636 577 1802 610 peripsam-iam
1817 587 1955 603 concauam.
2012 579 2052 606 sie
2073 579 2146 609 Viro..
2170 580 2232 606 Aen.

1191 617 1269 648 1,.3114Γ
1298 607 1406 634 Clan'em
1423 609 1450 635 in
1464 619 1585 636 conuexo
1598 619 1737 637 nemorum
1759 611 1804 637 sub
1819 622 1883 646 rupe
1896 619 1993 640 cauata.
2065 606 2131 640 Plinss
2148 624 2183 647 12,
2202 624 2233 642 22

1189 642 1350 670 Disceffimus
1369 653 1383 669 a
1396 644 1474 670 terris
1488 646 1623 672 Oceanum
1642 646 1817 681 speetantibus
1837 648 1870 674 ad
1890 658 2018 675 conuexas
2038 650 2066 675 iu
2080 650 2167 677 nostra
2182 660 2234 677 ma-

1154 684 1180 710 15
1190 680 1246 712 ria,
1267 682 1285 705 i.
1305 678 1426 711 declines,
1452 682 1597 708 inclinatas.

1180 734 1181 737 =
1226 724 1242 744 C
1252 724 1271 743 O
1280 723 1333 743 NV
1343 724 1358 743 E
1367 725 1385 744 x
1395 715 1438 743 fT
1447 724 1467 742 Α
1478 725 1490 743 S
1500 737 1508 749 ,
1527 719 1584 744 atis.
1605 719 1625 744 f.
1664 719 1829 752 [συγκλινίω]
1865 720 1931 746 Plin.
1947 726 1981 752 18,
1996 729 2022 753 25
2051 722 2131 756 Super
2144 724 2235 749 omnia

1193 753 1229 779 est
1254 752 1347 779 mundi
1365 752 1556 785 connexitatiS,
1581 760 1766 788 terrarumque
1791 754 1864 788 globi
1885 755 2042 782 differentia.
2114 761 2236 791 (Quicun-

1190 797 1242 823 que
1256 789 1322 815 caeli
1337 789 1489 815 conuexitas
1505 789 1591 822 vergit
1625 789 1689 815 Plin.
1705 797 1744 823 37,
1758 799 1791 822 13.
1849 792 1913 825 Qus
1927 801 1974 817 non
1988 793 2055 818 videt
2069 796 2237 828 caelipartem

1190 832 1271 850 terrae
1286 824 1425 860 obuerfizm‚
1444 833 1574 859 canamque
1589 823 1665 855 adeo,
1687 825 1727 850 hic
1741 829 1815 852 ctiam
1829 827 1957 862 intelligi?

1226 871 1447 904 C9NVEXIO,
1467 863 1535 890 onis.
1559 864 1579 889 f.
1617 864 1691 890 Idem.
1740 866 1806 893 Gell.
1825 875 1862 899 14,
1878 876 1886 893 1
1920 868 1989 894 Nam
2006 875 2118 902 quanta,
2140 870 2238 905 inquit,

1192 906 1307 935 partium
1327 899 1542 934 circulorumque
1563 899 1628 925 caeli
1641 908 1673 925 ex
1687 898 1857 934 deucrgentia
1876 909 1901 928 et
1916 904 2125 930 conuexionibus
2146 907 2239 933 mundi

1190 936 1305 962 varietas
1320 935 1364 967 sit,
1373 936 1432 970 quis
1446 945 1500 961 non
1513 934 1603 967 videt,
1621 937 1639 961 i.
1649 940 1726 969 prout
1742 945 1804 961 nunc
1814 937 1882 969 haec,
1895 941 2018 965 rimu-alia
2025 947 2088 974 pars
2096 942 2239 977 circumfusi

1191 973 1253 998 caeli
1267 974 1385 996 imminet.
1429 971 1488 997 Vid.
1510 971 1660 997 Declinatio
1681 969 1792 1003 mundi,
1817 973 1844 996 in
1865 979 1908 998 DE
1919 980 1935 999 (3
1950 982 1964 999 L
1974 983 1983 1000 1
1994 982 2014 999 N
2025 982 2053 1000 o.
2127 977 2240 1003 Conclu-

1192 1008 1248 1033 sum
1266 1006 1437 1033 rotunditatis
1451 1007 1618 1033 connexione
1650 1005 1751 1033 Arnob.
1772 1015 1791 1039 4
1804 1015 1829 1041 p.
1845 1014 1899 1039 129.
1969 1010 2044 1035 Caeli
2064 1013 2240 1039 connexiones

1192 1042 1294 1069 Arnob.
1317 1051 1326 1068 1
1341 1052 1365 1077 p.
1380 1051 1416 1074 33.
1468 1067 1470 1069 ,

1227 1086 1243 1105 C
1254 1084 1272 1104 0
1282 1085 1304 1104 N
1315 1085 1334 1103 v
1347 1085 1363 1104 Ε
1373 1086 1390 1105 x
1400 1085 1421 1103 V
1430 1084 1458 1110 S,
1480 1077 1520 1109 sis,
1540 1086 1576 1104 m.
1614 1077 1691 1104 Idem.
1728 1078 1869 1113 Περιφὲρσοι
1883 1078 1945 1103 Vet.
1960 1077 2040 1103 Gloss.

1229 1123 1246 1143 C
1258 1124 1277 1144 ο
1288 1124 1309 1143 N
1319 1124 1340 1143 V
1351 1119 1388 1143 1'13
1399 1124 1417 1143 R
1429 1123 1465 1148 O,
1501 1121 1555 1143 are.
1593 1117 1671 1151 Apul.
1687 1117 1758 1143 Flor.
1771 1125 1787 1143 2
1802 1126 1826 1151 p.
1839 1121 1896 1150 348.
1921 1123 1945 1142 et
1958 1117 2090 1143 Ammian.
2106 1127 2143 1153 17,
2156 1128 2180 1155 7,
2201 1131 2241 1147 ast.

1190 1160 1232 1190 get
1246 1156 1297 1179 vim
1305 1152 1440 1189 simplicis.

1227 1197 1243 1217 C
1254 1199 1273 1218 Ο
1282 1199 1304 1218 Ν
1315 1198 1334 1217 V
1344 1199 1353 1218 1
1364 1197 1381 1218 C
1393 1199 1401 1217 1
1412 1199 1432 1216 v
1443 1197 1467 1216 M
1479 1209 1487 1222 ,
1519 1190 1537 1216 i.
1566 1199 1593 1216 n.
1636 1189 1742 1217 Videtur
1763 1200 1782 1223 e,
1795 1201 1806 1216 ι’
1831 1191 1924 1216 clamor
1950 1191 2080 1225 plurium,
2105 1199 2149 1218 aut
2172 1197 2246 1219 unius

1191 1231 1311 1262 repetitus
1325 1248 1333 1260 ,
1360 1226 1427 1263 quast
1447 1225 1502 1260 effiw
1521 1226 1700 1253 Conuocium.
1725 1235 1750 1252 υ,
1776 1235 1801 1262 g.
1839 1226 1992 1253 Clamorem
2015 1235 2094 1253 ranae
2119 1227 2247 1254 sustulere

1192 1264 1225 1290 ad
1257 1263 1339 1290 sidera
1352 1283 1360 1295 ,
1385 1262 1518 1289 Conuicio
1545 1269 1679 1296 permotus
1705 1262 1810 1296 quaerit
1835 1262 1938 1297 Iupiter
1969 1263 2073 1289 causam
2096 1263 2198 1298 ¹Phacd.
2227 1272 2247 1296 1,

1194 1302 1221 1332 6,
1235 1308 1262 1333 4.
1334 1298 1469 1332 Qzerulae
1499 1299 1602 1332 semper
1621 1298 1745 1324 conuicia
1771 1307 1848 1324 ranae
1876 1305 1994 1324 memorat
2020 1301 2095 1324 etiam
2127 1299 2187 1326 Col.
2208 1308 2248 1332 10,

1196 1344 1231 1361 12.
1305 1335 1346 1363 Sic
1366 1333 1461 1361 Phaed.
1480 1343 1502 1366 3,
1523 1336 1562 1366 16,
1583 1342 1594 1366 3
1635 1333 1733 1360 Cicada
1755 1333 1878 1360 acerbum
1899 1333 2012 1360 novstuae
2031 1334 2183 1362 conuicium
2202 1335 2249 1361 Fa-

1194 1370 1281 1398 ciebat
1317 1386 1362 1390 —
1399 1371 1500 1405 Rogata
1514 1370 1565 1402 est,
1577 1375 1605 1395 vt
1621 1375 1727 1396 taceret.
1806 1369 1895 1396 Multo
1919 1370 2034 1396 validius
2057 1370 2170 1398 clamare
2189 1371 2264 1397 eoe-'

1194 1407 1232 1440 pit
1247 1413 1293 1432 etc.
1368 1407 1466 1432 Lucan.
1479 1405 1511 1432 ad
1526 1406 1612 1432 Pisou.
1626 1410 1671 1438 258
1697 1404 1813 1431 Stridula
1826 1405 1974 1431 cicadarum
1989 1406 2119 1432 conuicia.
2190 1407 2248 1434 Cic.

1194 1450 1243 1476 pro
1269 1441 1348 1467 Arch.
1376 1451 1404 1468 12.
1424 1451 1445 1467 c.
1467 1443 1483 1468 6
1520 1443 1638 1474 Qiaeres
1663 1450 1677 1467 a
1710 1441 1805 1473 uobis,
1834 1450 1882 1467 cur
1906 1447 2043 1476 tantopere
2066 1441 2117 1468 hoc
2138 1442 2249 1469 homine

1195 1476 1360 1503 deleciemur
1374 1478 1383 1502 ἓ
1439 1477 1511 1510 Quia
1526 1478 1671 1512 suppeditat
1683 1476 1778 1509 nobis,
1802 1476 1852 1503 vbi
1870 1483 1895 1502 et
1910 1477 2013 1503 animus
2033 1485 2065 1503 ex
2086 1477 2137 1504 hoc
2151 1478 2249 1505 sorensi

1196 1513 1306 1547 strepitu
1325 1511 1476 1544 reficiatur,
1505 1519 1531 1538 et
1552 1522 1627 1539 aures
1642 1512 1768 1538 conuicio
1783 1511 1892 1537 defessae
1909 1513 2103 1546 conquiescant.
2175 1514 2250 1541 Idem

1196 1550 1267 1576 Fam.
1284 1557 1322 1581 10,
1338 1550 1367 1574 16
1380 1548 1441 1573 med.
1469 1548 1600 1582 Flagitare
1614 1549 1722 1574 Senatus
1738 1547 1833 1573 institit
1848 1547 2014 1579 Cornutum,
2035 1554 2064 1574 vt
2076 1548 2189 1575 referret
2203 1550 2251 1576 sta»¹

1195 1586 1245 1612 tim
1260 1584 1293 1610 de
1305 1584 1358 1610 tuis
1372 1583 1466 1610 literis.
1502 1583 1551 1610 Ille
1561 1603 1568 1615 ,
1589 1585 1613 1610 se
1629 1583 1793 1610 considerare
1814 1583 1893 1609 veile.
1930 1584 2000 1611 Cum
2013 1583 2041 1610 ei·
2052 1593 2177 1618 magnum
2190 1594 2252 1611 con-

1194 1621 1295 1648 vicium
1309 1619 1385 1646 fieret
1399 1619 1525 1646 cun&o'a
1533 1620 1628 1646 Senatu
1642 1627 1688 1646 etc.
1734 1621 1791 1645 Non
1805 1619 1846 1645 hic
1859 1619 1887 1644 de
1898 1618 2076 1653 contumeliosis
2089 1620 2172 1646 verbis
2186 1625 2252 1658 cogi-

1194 1656 1313 1689 tandum,
1343 1665 1417 1691 neque
1431 1655 1463 1682 ad
1477 1656 1567 1689 QFr.
1584 1665 1609 1688 2,
1624 1664 1645 1681 11
1654 1662 1697 1690 pr.
1733 1654 1877 1689 Epistulam
1896 1654 1962 1681 hanc
1981 1656 2107 1682 conuicio
2127 1657 2251 1691 efflagita-

1194 1699 1257 1720 runt
1272 1692 1392 1719 codicilli
1405 1692 1454 1718 tui.
1491 1691 1565 1726 Qffld
1575 1694 1692 1717 imitatur
1724 1690 1855 1724 Quinctil.
1869 1690 1947 1725 Epist.
1961 1691 1994 1717 ad
2007 1691 2114 1726 Tryph.
2149 1693 2253 1728 Efflagi-

1195 1729 1255 1756 tasti
1269 1728 1429 1764 quotidiano
1444 1727 1570 1753 conuicio
1583 1733 1630 1753 etc.
1703 1726 1759 1753 Cic.
1775 1735 1824 1761 pro
1837 1726 1906 1753 Sext.
1924 1736 1946 1753 c.
1959 1734 1986 1760 55
2007 1728 2031 1753 Is
2043 1728 2090 1762 qui
2104 1734 2179 1754 antea
2192 1738 2250 1755 can-

1195 1772 1286 1792 torum
1305 1763 1430 1790 conuicio
1449 1763 1590 1790 conciones
1611 1761 1744 1791 celebrare
1763 1763 1821 1788 suas
1837 1761 1952 1795 solebat,
1974 1769 2113 1790 cantorum
2132 1764 2251 1799 ipsorum

1194 1800 1308 1827 vocibus
1322 1799 1489 1826 eiiciebatur.
1560 1798 1637 1825 Idem
1652 1799 1730 1825 Verr.
1746 1806 1757 1830 3
1773 1807 1794 1824 c.
1811 1807 1833 1824 11
1864 1799 1944 1825 Erant
1955 1805 2045 1825 autem
2059 1800 2185 1826 conuiuia
2195 1810 2251 1828 non

1194 1836 1243 1862 illo
1258 1836 1363 1863 silentio
1379 1841 1534 1870 praetorum
1554 1841 1633 1870 atque
1654 1834 1864 1869 imperatorum,
1883 1843 1972 1870 neque
1985 1844 2019 1861 eo
2032 1836 2145 1870 pudore,
2159 1837 2207 1871 qui
2222 1837 2250 1863 in

1194 1872 1395 1907 magistratuum
1411 1871 1547 1898 conuiuiis
1562 1870 1662 1897 versari
1676 1870 1757 1902 solet,
1776 1870 1819 1896 sed
1833 1879 1893 1897 cum
1909 1871 2027 1898 maximo
2041 1872 2155 1898 clamore
2171 1878 2251 1908 atque

1194 1908 1329 1935 conuicio.
1390 1909 1452 1934 Tale
1467 1905 1499 1941 ²st
1513 1906 1591 1933 illud:
1611 1906 1659 1933 Sex
1673 1906 1746 1932 enim
1763 1906 1923 1933 conuiuium
1935 1907 2004 1933 Cum
2019 1916 2080 1942 rege
2097 1908 2211 1941 iustum,
2232 1909 2250 1935 si

1195 1945 1289 1979 super,
1309 1943 1465 1970 conuicium
1478 1942 1515 1969 est
1535 1943 1634 1969 Auson.
1649 1941 1818 1977 Ephemerid.
1838 1942 1870 1968 de
1887 1942 1947 1969 loco
1960 1952 1986 1970 v.
1999 1951 2012 1976 5
2025 1953 2048 1978 p.
2063 1952 2120 1978 104.
2177 1945 2252 1981 Conf.

1195 1980 1340 2016 Capitolin.
1360 1979 1390 2006 in
1410 1980 1485 2006 Vero
1504 1988 1525 2005 c.
1547 1986 1569 2012 5.
1641 1979 1710 2005 Haec
1729 1980 1810 2004 omnia
1824 1978 1893 2014 stitis
1911 1976 2058 2012 ostendunt,
2087 1980 2252 2007 Conuicium

1194 2016 1237 2051 este
1251 2017 1292 2043 vel
1300 2017 1414 2051 plurium
1428 2024 1513 2047 voces,
1531 2016 1573 2041 vel
1589 2017 1720 2050 repetitam
1732 2016 1808 2040 vuius
1819 2023 1916 2040 vocem:
1941 2014 2066 2051 quidquid
2068 2014 2107 2048 fir
2121 2016 2149 2041 de
2162 2018 2253 2050 etymoss

1186 2052 1276 2089 segia,
1301 2051 1329 2078 de
1341 2060 1392 2087 qua
1404 2051 1438 2077 ad
1449 2050 1561 2085 leiani
1582 2050 1657 2076 verba
1678 2049 1695 2076 Ι.
1711 2057 1736 2082 15
1750 2047 1799 2086 §.3
1812 2056 1835 2076 et
1843 2050 1884 2085 sq.
1899 2050 1931 2076 D.
1952 2050 1984 2075 de
2004 2050 2115 2076 Iniuriis
2128 2051 2253 2077 vehemen-

1193 2095 1232 2115 ter
1246 2088 1408 2123 disputatum.
1451 2086 1509 2114 Vid.
1525 2089 1623 2112 omnino
1633 2085 1756 2120 Opust-ula
1770 2085 1798 2110 de
1807 2086 1917 2111 Latinit.
1930 2091 2010 2111 veter.
2019 2086 2103 2112 ICtor.
2116 2086 2252 2114 aDuckero

1195 2124 1262 2150 edita'
1279 2128 1308 2156 p.
1318 2128 1362 2157 187
1369 2123 1428 2158 [φφ.
1478 2124 1602 2148 Ponamus
1620 2119 1689 2145 modo
1710 2118 1786 2145 verba
1805 2118 1923 2154 quaedam
1938 2120 2062 2154 leiani,
2087 2122 2251 2152 Conuicium

1194 2158 1238 2184 vel
1253 2158 1383 2184 iniuriam
1398 2157 1446 2181 effe
1460 2155 1550 2181 Labeo
1565 2154 1609 2180 ait.
1646 2154 1810 2181 Conuicium
1825 2161 1912 2181 autem
1925 2155 2024 2182 dicitur
2043 2156 2086 2183 vel
2100 2166 2114 2184 a
2129 2159 2252 2185 Concita-

1195 2193 1285 2225 tione,
1301 2192 1343 2219 vel
1358 2192 1539 2223 neomenia,
1558 2190 1610 2217 hoc
1629 2190 1665 2216 est
1684 2199 1699 2216 a
1712 2189 1856 2216 collatione
1869 2199 1975 2217 vocum.
2033 2193 2124 2226 Qmm
2137 2194 2251 2221 enimin

1195 2238 1278 2256 vnum
1291 2227 1378 2264 plures
1395 2236 1473 2253 voces
1487 2226 1678 2264 conferuntur,
1698 2225 1861 2252 Conuicium
1874 2226 2035 2260 appellatur,
2054 2228 2126 2263 quasi
2142 2230 2251 2257 Conuo-

1196 2266 1277 2291 cium.
1333 2263 1437 2290 Festus:
1459 2263 1638 2292 Comucium,
1662 2268 1677 2287 a
1691 2260 1782 2293 Vicis,
1802 2260 1831 2287 in
1845 2260 1944 2296 quibus
1965 2263 2086 2297 primum
2099 2264 2250 2293 habitatum

1195 2300 1249 2332 est,
1268 2299 1377 2325 videtur
1389 2297 1504 2323 dioium:
1529 2296 1572 2323 vel
1587 2296 1727 2322 immutata
1742 2296 1833 2328 litera,
1853 2297 1923 2331 quasi
1938 2299 2116 2327 Conuocium.
2192 2302 2250 2329 No-

1194 2335 1254 2360 nius
1269 2343 1290 2365 1,
1304 2341 1349 2366 323
1381 2333 1544 2360 Conuicium
1560 2331 1662 2359 1116111111
1675 2332 1712 2358 est
1724 2332 1795 2367 quasi
1811 2342 1825 2359 e
1839 2333 1913 2360 Vicis
1927 2334 2028 2368 iocum,
2045 2336 2092 2371 qui
2106 2337 2250 2365 secundum

1195 2369 1393 2405 ignobilitatem
1415 2369 1485 2402 loci,
1505 2368 1668 2400 melediffis,
1687 2374 1714 2395 et
1731 2368 1810 2395 dietis
1830 2369 1952 2405 turpibus
1969 2371 2118 2399 cauilletur.
2176 2374 2250 2401 Valla

1195 2408 1222 2438 6,
1237 2414 1267 2439 52
1294 2416 1308 2431 a
1321 2405 1397 2431 Vitio
1416 2406 1456 2432 uel
1474 2415 1489 2431 a
1506 2404 1624 2431 Vitando
1642 2404 1756 2431 deriuari
1774 2406 1868 2432 mauult
1880 2426 1889 2439 ,
1913 2413 1942 2432 vt
1962 2406 2102 2442 Vitupero.
2156 2412 2250 2446 Nempe

1194 2439 1215 2477 Ἴ
1236 2450 1252 2468 2.
1288 2441 1452 2468 Conuicium
1465 2444 1539 2468 ctiam
1569 2450 1627 2467 enus
1639 2443 1748 2467 iniuriae
1761 2439 1804 2474 effi:
1816 2441 1873 2468 ICti
1886 2441 2015 2478 dxsputant
2028 2444 2063 2470 ad
2073 2446 2091 2471 l.
2105 2455 2127 2471 c.
2138 2454 2163 2479 15
2177 2446 2208 2472 D.
2217 2447 2250 2473 de

1194 2477 1317 2504 iniuriis:
1356 2487 1404 2513 qua
1422 2477 1451 2504 de
1468 2486 1495 2504 re
1514 2450 1569 2503 ’ω’ἔ.
1586 2479 1608 2504 Ι.
1630 2478 1656 2503 F.
1675 2475 1800 2509 Chrzstim
1815 2477 1892 2504 Νοέἶ.
1906 2478 1988 2505 Acad.
2005 2480 2062 2515 Obs
2080 2491 2097 2516 5
2109 2488 2138 2516 p.
2159 2486 2192 2516 69
2206 2482 2249 2519 sq.

1194 2514 1251 2541 Cic.
1265 2522 1314 2548 pro
1330 2513 1423 2540 Caelio
1441 2515 1459 2540 6
1483 2512 1642 2539 Maledifitio
1656 2512 1727 2539 nihil
1740 2512 1819 2539 habet
1839 2513 1982 2549 propositi,
1994 2520 2099 2550 praeter
2112 2524 2250 2545 contume-

1194 2550 1275 2581 liam;
1298 2558 1366 2584 quae
1382 2549 1400 2575 fi
1419 2549 1581 2584 petulantius
1602 2548 1732 2581 iaetatur,
1752 2549 1922 2581 conuicium;
1943 2550 1980 2577 sin
1993 2552 2120 2585 facetius,
2141 2554 2248 2581 vrbani-

1193 2593 1231 2613 tas
1245 2586 1411 2612 nominatur.
1483 2584 1626 2612 Anteae'me
1645 2585 1716 2611 vitae
1731 2585 1885 2612 conuicium
1914 2587 2045 2620 Quinetil.
2058 2595 2085 2623 7,
2098 2597 2121 2621 3.
2195 2591 2248 2616 Au.

1192 2622 1265 2650 rium
1280 2622 1406 2648 conuicio
1419 2627 1521 2648 extorta
1534 2620 1603 2648 mihi
1617 2621 1715 2647 veritas
1735 2620 1791 2648 Cic.
1805 2621 1833 2647 in
1846 2622 1921 2648 Orat.
1937 2624 1993 2649 160.
2019 2627 2037 2650 i.
2059 2634 2131 2651 aum
2139 2625 2249 2662 flagita-

1192 2658 1253 2684 bam
1270 2657 1370 2694 aliquid
1386 2657 1484 2683 mollius
1501 2667 1561 2684 vera
1579 2656 1622 2683 illa
1640 2657 1756 2693 etfi'uera
1772 2660 1869 2684 ratione
1879 2659 2073 2693 pronunciandi.
2135 2662 2204 2688 Suet.
2218 2663 2249 2688 in

1193 2692 1303 2728 August‘.
1314 2703 1335 2720 c.
1344 2702 1368 2726 13
1394 2694 1474 2719 Hune
1491 2692 1641 2720 foediffimo
1654 2693 1778 2720 conuicio
1792 2701 1881 2719 coram
1898 2694 2091 2728 prosciderunt.
2128 2696 2248 2731 Linguae

1188 2729 1304 2765 ,stolidae
1320 2729 1444 2756 conuicia
1461 2729 1544 2756 Ouid.
1559 2729 1623 2756 Met.
1638 2737 1672 2761 13,
1684 2731 1742 2761 306.
1815 2729 1921 2756 Rustica
1957 2730 2038 2757 Ouid.
2053 2732 2118 2757 Met.
2134 2739 2174 2765 14,
2189 2740 2245 2765 522.

1195 2765 1328 2799 Qi‘mffil.
1341 2773 1367 2800 7,
1379 2774 1398 2798 3Ὶ
1421 2765 1513 2800 quue
1525 2765 1604 2792 ffitius
1618 2764 1655 2791 est
1668 2765 1744 2791 omni
1761 2765 1787 2791 se
1800 2765 1934 2791 anteae'tae
1946 2766 2017 2798 vitae
2029 2766 2168 2793 Abstinere
2183 2777 2245 2794 con-

1193 2802 1267 2829 vicio
1276 2822 1284 2834 ,
1305 2810 1386 2837 quam
1400 2801 1516 2834 leuibus,
1530 2807 1574 2828 aut
1588 2800 1706 2834 friuolis,
1720 2806 1765 2828 aut
1777 2801 1915 2827 manifeste
1932 2800 2002 2827 falsis
2022 2810 2097 2828 reum
2112 2802 2244 2830 incessere.

1194 2837 1298 2864 Addere
1311 2837 1436 2868 conuicia
1451 2836 1537 2864 Ouid.
1553 2838 1618 2864 Met.
1633 2845 1673 2872 14,
1686 2844 1743 2870 522.
1780 2836 1902 2863 Adiicere
1913 2837 2035 2863 conuicia
2045 2838 2127 2870 faeie,
2140 2841 2159 2865 i.
2175 2841 2246 2866 vltra

1189 2873 1273 2910 illud,
1293 2873 1360 2909 quod
1369 2875 1431 2900 male
1453 2874 1557 2909 aliquem
1575 2871 1747 2905 trutinum-is,
1763 2875 1837 2898 etiam
1859 2875 1980 2898 conuiciis
1995 2879 2019 2899 et
2037 2876 2194 2901 contumeliis
2207 2878 2244 2901 in-

1193 2909 1279 2943 ceffi’re
1291 2909 1359 2936 illum
1378 2908 1453 2936 Idem
1465 2910 1533 2936 Met.
1547 2911 1574 2942 6,
1589 2917 1636 2936 211.
1700 2907 1853 2935 Consee'mi
1867 2908 1983 2942 aliquem
1999 2909 2129 2935 conuiciis
2141 2916 2168 2936 et
2183 2910 2245 2938 fibi-

1192 2946 1225 2972 115
1244 2946 1300 2972 Cic.
1315 2946 1368 2972 Att.
1384 2953 1409 2978 2,
1419 2950 1454 2976 18.
1508 2945 1592 2972 Plaut.
1605 2945 1675 2971 Asin.
1692 2952 1716 2977 5,
1728 2952 1754 2976 2,
1767 2951 1803 2977 49
1828 2945 1899 2970 Faxo
1913 2948 1942 2969 vt
1961 2944 2038 2975 scias,
2052 2945 2116 2979 quid
2130 2947 2243 2980 periculi

1193 2982 1336 3009 sitdotatac
1349 2981 1430 3008 vxori
1443 2981 1596 3008 conuicium
1603 2981 1707 3008 Dicere.
1763 2979 1832 3005 Ter.
1840 2978 1952 3013 Adelph.
1962 2988 1984 3011 2,
1995 2988 2014 3012 1,
2022 2983 2053 3006 26
2074 2982 2142 3008 Ante
2154 2983 2243 3009 aedeis

1192 3027 1246 3045 non
1256 3018 1352 3044 Fecisse
1371 3017 1422 3044 erit
1439 3017 1537 3044 melius
1558 3016 1601 3043 hic
1619 3015 1778 3042 conuicium.
1850 3014 1918 3041 Add.
1933 3015 1999 3042 Plin.
2014 3016 2092 3051 Epist.
2111 3019 2136 3047 6,
2157 3027 2183 3045 12
2190 3018 2242 3054 fin.

1191 3055 1291 3082 Facere
1303 3063 1331 3080 ac
1344 3053 1442 3081 mereri
1456 3053 1589 3080 deformia
1601 3051 1723 3078 conuicia
1757 3049 1888 3084 Qinetil.
1908 3053 1934 3083 6,
1952 3061 1980 3085 4.
2052 3053 2149 3080 Facere
2162 3054 2244 3082 alicui

1193 3090 1350 3117 conuicium
1362 3099 1442 3124 graue
1469 3090 1524 3116 Cic.
1540 3089 1593 3114 Att.
1607 3089 1643 3119 16,
1658 3092 1679 3117 8.
1749 3086 1850 3113 Peffimi
1864 3086 1994 3113 debitoris
2008 3087 2044 3113 est
2057 3089 2186 3117 creditori
2195 3092 2243 3118 Fa-

1191 3135 1250 3154 cere
1264 3126 1417 3153 conuicium
1450 3126 1507 3152 Sen.
1522 3123 1555 3151 ad
1566 3124 1648 3150 Marc.
1668 3132 1689 3149 c.
1712 3131 1750 3149 10.
1823 3123 1886 3149 Fert
1902 3121 2024 3149 honestus
2045 3124 2089 3151 vir
2102 3126 2242 3153 inferioris

1191 3163 1346 3190 conuicium
1367 3161 1497 3196 Qinffil.
1511 3162 1537 3193 6,
1555 3167 1580 3186 2.
1653 3158 1775 3186 Fundere
1790 3158 1818 3184 in
1832 3157 1948 3193 aliquem
1969 3159 2052 3186 Ouid.
2062 3161 2127 3188 Met.
2141 3170 2176 3195 13,
2183 3165 2241 3195 306.

1191 3199 1288 3226 Iamsi
1307 3198 1422 3225 clamore
1442 3195 1620 3231 conuicioque
1651 3195 1708 3221 Cic.
1722 3194 1794 3221 Fam.
1815 3202 1849 3229 15,
1870 3202 1891 3228 5.
1974 3195 2100 3223 Incess‘ere
2124 3198 2241 3232 aliquem

1189 3235 1323 3265 ‚conuiciis
1343 3235 1412 3262 Suet.
1427 3232 1525 3260 Tiber.
1541 3241 1562 3258 c.
1577 3240 1610 3258 11.
1629 3237 1654 3257 et
1674 3230 1739 3257 Ner.
1755 3239 1776 3256 c.
1791 3237 1828 3263 35.
1919 3231 2043 3266 ingerere
2055 3232 2138 3259 alicui
2172 3235 2239 3260 Hor.

1188 3271 1275 3304 ,Serm-
1291 3281 1311 3304 1,
1324 3278 1348 3304 5,
1361 3279 1392 3297 11.
1461 3268 1517 3295 Pati
1530 3267 1563 3294 ab
1576 3266 1668 3301 aliquo
1689 3265 1816 3300 leianus
1828 3265 1857 3291 in
1872 3266 1890 3292 1.
1905 3274 1914 3292 1
1928 3264 2051 3304 §.Cum
2066 3275 2192 3303 patronus
2206 3269 2238 3294 D.

1193 3306 1225 3333 de
1237 3305 1327 3334 officio
1341 3303 1468 3341 praefefiii
1484 3303 1555 3331 vrbi.
1625 3301 1794 3328 Proscindere
1809 3301 1926 3337 aliquem
1941 3304 2073 3330 conuiciis
2093 3304 2156 3330 Plin.
2170 3311 2238 3336 33,1.

1190 3342 1359 3378 Respondere
1377 3336 1502 3367 conuicio
1531 3338 1588 3366 Cic.
1606 3347 1655 3373 pro
1675 3338 1765 3364 Domo
1784 3346 1806 3370 3.
1897 3338 2030 3366 Sustinere
2050 3339 2237 3375 quotidianum

1191 3379 1344 3405 conuicium
1368 3376 1441 3404 Idem
1455 3385 1504 3411 pro
1518 3374 1611 3408 Quint.
1626 3376 1668 3400 62.
1713 3403 1714 3406 Ἰ
1741 3374 1772 3400 h
1783 3374 1813 3400 in
1827 3373 1914 3400 Pison.
1929 3377 1959 3407 63
1981 3375 2008 3402 Si
2022 3384 2051 3401 os
2068 3381 2141 3401 tuum
2153 3375 2237 3400 fen-e-

1189 3412 1237 3442 sum
1252 3415 1359 3442 Senatus
1371 3411 1496 3438 conuicio
1509 3409 1653 3438 Vei-berari
1666 3409 1784 3436 noluisti.
1840 3410 1957 3437 Auienus
1971 3411 2000 3437 in
2014 3410 2139 3445 Virgine,
2172 3410 2236 3436 Non

1190 3456 1219 3477 vt
1233 3451 1295 3477 fessa.
1307 3450 1396 3476 virum
1410 3452 1548 3483 repararet
1567 3444 1662 3480 gaudia
1680 3444 1775 3478 vultu,
1816 3445 1864 3472 Sed
1883 3447 1990 3481 crepula
2003 3452 2032 3472 vt
2050 3446 2102 3472 late
2114 3450 2235 3472 vomeret

1190 3487 1312 3515 conuicia
1325 3493 1400 3512 voce.
1472 3483 1568 3518 Vrgeri
1582 3481 1706 3508 conuicio
1719 3481 1832 3508 alicuius
1855 3482 1912 3509 Cic.
1925 3482 2004 3509 Acad.
2018 3491 2046 3515 4,
2059 3488 2110 3514 125.

1226 3531 1244 3553 c
1256 3520 1451 3553 ONV1C10⁰L
1461 3528 1515 3548 VM
1526 3542 1535 3554 ‚
1555 3521 1574 3548 i.
1601 3530 1627 3547 n.
1665 3520 1800 3555 Lamprid.
1817 3520 1846 3547 in
1860 3521 1934 3547 Alex.
1947 3530 1969 3547 c.
1982 3525 2022 3550 28.

1223 3575 1299 3597 (3οΝ
1309 3575 1348 3595 vl
1359 3572 1376 3593 c
1388 3573 1425 3593 10
1435 3573 1471 3598 R,
1492 3565 1540 3592 ari.
1559 3566 1662 3600 Depon.
1697 3562 1844 3602 [λριδορέω]
1879 3565 2019 3591 Conuicium
2032 3561 2121 3588 dicere.
2148 3561 2234 3595 Qin·

1191 3604 1248 3632 ἃ11.
1258 3614 1282 3638 3,
1295 3609 1309 3634 8
1336 3603 1436 3629 Contra
1449 3601 1622 3628 sentientibus
1637 3600 1782 3630 inhumane
1797 3599 2022 3628 conuiciabantur.
2094 3597 2233 3625 Accusato-

1190 3640 1264 3669 ribus
1284 3638 1432 3666 conuiciari
1448 3637 1593 3672 aliquando
1612 3637 1755 3672 patrocinii
1773 3636 1836 3664 fides
1851 3636 1922 3670 cogit
1942 3634 2014 3661 Idem
2027 3640 2048 3666 5,
2064 3640 2096 3664 13·
2110 3667 2116 3672 .
2166 3633 2232 3659 Cor-

1189 3685 1239 3704 vus
1262 3682 1287 3702 et
1305 3674 1425 3710 psittacus
1443 3673 1510 3700 nihil
1525 3673 1608 3706 aliud,
1623 3682 1702 3709 quam
1723 3673 1794 3708 quod
1814 3672 1975 3700 didicerunt,
1991 3674 2175 3703 pronuntiant:
2212 3667 2231 3694 fi

1134 3729 1182 3748 100
1188 3712 1309 3739 conuicia
1321 3706 1466 3742 ‘dot-ueris,
1479 3709 1693 3743 conuiciabitur,
1705 3709 1799 3736 diebus
1814 3717 1843 3735 ac
1855 3704 1980 3733 noffibus
1998 3703 2159 3756 perstrepens
2177 3712 2232 3731 ma-

1187 3747 1292 3775 ledie’tis
1306 3745 1382 3780 Apul.
1397 3745 1468 3772 Flor.
1483 3754 1508 3773 2.
1842 3766 1844 3769 ,
2003 3763 2006 3765 i

1228 3800 1246 3821 C
1258 3800 1276 3821 O
1286 3798 1308 3818 N
1320 3799 1341 3818 V
1350 3799 1359 3818 1
1369 3797 1402 3818 CI
1411 3793 1432 3817 Ᾰ
1439 3799 1460 3819 Τ
1467 3799 1490 3821 ,o
1499 3799 1518 3819 R
1527 3813 1535 3825 ,
1556 3791 1621 3819 oris.
1648 3788 1686 3818 111.
1721 3786 1857 3825 [λοίδορος]
1893 3786 1945 3820 Qi
1961 3786 2098 3824 conuicium
2110 3783 2175 3823 dicit
2191 3781 2232 3808 vel

1184 3829 1265 3866 facie.
1302 3826 1480 3854 Pseudo-cic.
1492 3828 1521 3855 111
1531 3827 1633 3855 Sallust.
1660 3827 1687 3855 Si
1701 3826 1735 3853 de
1748 3833 1807 3851 mea
1818 3823 1873 3849 vita
1888 3829 1966 3855 atque
1980 3819 2083 3846 afflbus
2095 3818 2158 3845 huic
2169 3826 2229 3843 ton-

1189 3864 1316 3893 viciatori
1338 3863 1506 3898 respondero.
1547 3863 1692 3891 Maledicus
1711 3859 1883 3890 conuiciator.
1918 3856 1974 3883 Cic.
1994 3865 2043 3890 pro
2061 3856 2229 3913 Μιινῡαῗὲῗῢὲῖ

2106 3898 2131 3915 111

2099 3923 2229 3950 conuicia-

1339 3936 1403 3972 JR
