2474 4182
36 562 37 565 .
75 549 155 574 agro,
172 541 246 567 velut
258 541 457 567 instrumentum
472 535 544 570 agri,
561 542 643 561 erant.

74 146 172 186 ¹3¹7
471 129 506 171 C
596 127 642 173 ,V
719 126 748 167 P

77 222 161 255 dicat,
182 230 247 256 cupa
269 219 391 255 magistra
413 225 505 255 potare
519 216 562 252 effi
582 223 633 244 tam
654 214 698 241 diu
711 213 799 246 bibere,
812 212 1036 255 donecfitppeditet
1047 222 1120 252 cupa.

79 259 203 286 13.·›1tleius
215 259 313 290 cupam
327 259 345 282 i.
359 258 460 291 Copam
475 256 515 282 vel
525 262 542 281 c
550 260 600 280 Av
608 258 624 279 ι’
633 257 654 277 ο
664 257 687 276 Ν
695 257 717 276 Α
726 256 751 275 Μ
765 249 899 286 inninga,
917 260 941 276 υ.
951 261 975 277 υ,
1012 251 1120 278 sedeon-

72 292 156 328 jhicra
168 295 256 324 etiam,
272 301 332 327 quae
344 292 450 318 dic-imus
461 294 488 317 in
504 295 565 316 CVL
571 293 620 315 ΡΑ.
670 287 723 326 Ιαθζι
732 291 869 321 pergamus
883 284 1004 318 cstcndere
1018 289 1119 322 Cupam

79 327 122 362 ‘ff'
135 336 180 354 vas
191 330 271 354 maius
286 329 345 354 Vct.
359 327 437 353 Gloff.
453 328 475 353 C
478 334 526 360 upa
535 325 560 361 s
574 323 664 355 V³8¹¹2¹
683 321 771 361 ervjtf
784 320 885 361 μεγάλη
895 341 906 361 ,ι
920 321 944 350 {fr
957 333 1014 347 τινες
1027 322 1119 355 γαυλὲν

78 363 187 389 nazian.
230 363 286 389 Ve‘d.
301 364 329 389 de
341 363 387 389 hac
402 361 478 399 gloffiz
492 357 590 392 Salmas:
601 356 635 382 ad
647 356 781 396 Lamprid.
794 358 957 383 Maximinos
972 366 1011 383 22.
1058 359 1117 393 le.
1142 360 1157 387 5

78 399 95 425 l.
110 405 136 431 ις
150 396 173 434 §.
189 399 207 424 6
217 399 249 425 D.
263 399 295 425 de
308 398 397 425 Vsufr.
411 404 435 424 et
467 392 594 431 ueniadm..
627 391 721 423 Doha,
741 401 852 427 cuppas,
871 393 962 424 cados,
978 393 1119 427 amphoras

75 436 215 469 coniungit.
287 435 318 460 Et
331 433 347 459 l.
363 443 374 466 3
389 432 437 471 §.1
473 441 487 458 c
498 429 551 456 trit.
569 436 633 453 vlno
646 428 687 453 vcl
701 428 763 454 oleo
776 428 826 463 leg.
851 429 881 454 In
896 428 970 454 dolio
985 438 1038 455 non
1053 436 1117 463 puto

76 477 179 501 verum,
193 475 222 496 vt
235 469 300 496 vino
314 470 398 503 legato
410 475 436 495 et
448 465 517 494 dolia
530 462 674 490 debeantur
709 478 746 485 -
779 464 809 489 in
824 464 914 497 cuppis
928 470 1013 490 autem
1023 464 1047 499 J}
1058 475 1119 499 cup-

75 504 146 538 pulis
159 511 224 539 puto
234 505 444 535 admittendum,
465 505 490 526 et
504 508 534 525 ca
548 498 653 531 deberi,
670 498 718 525 nisi
739 498 797 533 pari
814 499 896 523 inodo
916 499 1068 526 immobiles
1087 503 1115 527 in

691 536 723 562 Et
737 535 754 560 l.
768 539 781 564 8
796 533 827 560 de
842 533 969 559 instructo
984 539 1025 560 vel
1040 535 1114 562 inlir.
1134 545 1165 563 ιο

80 576 130 610 leg.
154 579 221 603 inter
238 574 409 603 confer-nandi
427 571 529 597 fruetus
547 570 718 598 instrumenta
733 572 822 606 ponit,
842 568 920 595 Dolia
938 568 999 594 licet
1018 569 1116 598 defossa

77 620 131 637 non
151 611 216 643 sint,
237 618 262 638 et
279 620 363 645 cupas.
431 606 554 633 Scaeuola
575 606 591 633 l.
611 615 641 639 93
663 604 685 643 §.
700 614 719 638 4
739 606 769 631 D.
785 604 816 631 de
829 605 918 639 Legat.
932 610 957 631 et
970 604 1054 631 fideic.
1068 607 1116 633 ΙΙΙ.

78 647 144 672 Vasa
158 647 277 679 vinaria,
301 647 327 672 id
342 644 376 670 est
388 652 487 678 cuppae
499 648 525 669 ct
537 642 623 674 dolia,
644 650 711 676 quae
725 641 753 667 in
766 641 830 667 cella
843 640 1001 668 defixasunt.
1045 641 1117 668 Alfe-

76 690 124 707 nus
138 681 154 707 Ι.
169 690 193 714 3¹
207 683 238 708 Ι).
252 680 357 711 Locati,
378 679 459 712 Qiod
473 679 490 705 si
506 679 650 712 separatum
665 677 761 703 tabulis
774 682 818 703 aut
831 676 989 709 aeronibus,
1009 683 1053 703 aut
1067 677 1117 704 alia

76 725 141 752 cupa
159 718 273 744 clausum
290 715 494 749 vniuscuiusque
514 714 633 740 triticum
655 713 757 745 fuiss'et,
776 712 813 738 ita
832 718 860 738 vt
880 713 1023 739 internosci
1036 714 1117 748 posset
1136 722 1163 749 ις

194 750 327 787 Augustin.
342 751 420 777 Conf.
434 760 460 783 9,
475 755 488 780 8
508 750 577 776 Nam
592 758 651 775 cum
664 748 695 774 de
708 757 782 775 more
795 747 882 783 puella
895 748 1033 776 iuberetur
1047 758 1062 775 a
1075 758 1117 784 pa-

75 759 110 778 cta
115 772 121 778 .
926 786 957 809 Li
956 794 1033 820 gncas
1038 784 1118 821 fuiffi

75 788 195 815 rentibus
207 789 238 814 de
249 795 330 820 cuppa
343 787 434 812 vinum
448 786 605 820 depromere
621 784 743 811 submiss'o
756 784 861 818 poculo.

31 816 33 821 Δ
75 832 185 858 cuppas,
203 831 253 851 cum
269 822 370 848 Plinius
390 823 458 848 docet
480 824 516 853 16,
533 830 561 847 10
575 822 591 847 s.
608 825 633 850 ¹8
660 820 751 847 Piceae
765 819 796 846 ad
810 819 893 845 sissiles
906 820 1053 853 scandulas,
1074 830 1116 847 cu-

30 864 32 867 '
75 868 171 894 pasque
183 869 190 890 3
224 863 275 883 tum
281 858 350 893 satit
363 856 468 891 ostendit
480 857 537 893 vfizs
550 858 677 883 militaris.

73 894 202 929 colligatis
225 893 349 920 inanibus
370 894 460 928 cuppis
482 892 631 927 additisque
659 889 795 923 trabibus,
815 891 951 917 tramitum
982 892 1116 926 praebent.
1136 894 1172 914 20

31 950 32 953 .
71 931 164 957 Lucan.
175 938 204 963 4,
217 938 270 962 420

733 855 800 889 Veg.
815 862 838 887 3,
850 862 866 889 7
884 855 1015 890 Nanigeri
1029 865 1118 883 amnes

225 966 348 1000 Namque
363 970 444 991 ratem
458 972 554 990 vacuae
569 962 707 989 sustentant
721 961 839 996 vndique
858 969 946 996 cupae.

225 1003 345 1035 Qiarum
358 999 486 1036 pora-&is
499 1000 577 1026 series
590 998 731 1025 constricta
750 997 847 1024 catenis

224 1037 371 1064 Ordinibus
384 1036 495 1070 geminis
510 1034 619 1069 obliqua
634 1034 731 1068 excipit
749 1034 833 1060 alnos.

69 1072 216 1107 Capitolin.
232 1073 427 1099 Maximiniszz
445 1072 525 1098 Ponte
538 1070 627 1105 cuppis
639 1070 711 1096 facito
722 1069 886 1096 Maximinus
899 1068 1012 1095 fluuium
1025 1069 1114 1097 transi-
1132 1072 1164 1099 25

69 1109 119 1135 vit.
192 1110 276 1135 Multa
290 1109 331 1135 hic
343 1118 354 1134 ι’
367 1109 469 1134 Graecis
482 1107 583 1148 Casaub.
599 1113 622 1132 et
634 1105 745 1146 Salmasi-
757 1106 874 1141 Ingenter
886 1114 1058 1140 nonnunquam
1067 1105 1114 1141 fu-

27 1158 29 1177 J
67 1143 125 1177 iffi,
138 1144 207 1180 satir
220 1144 287 1170 docet
300 1143 366 1170 Plin.
380 1151 444 1175 23,2
458 1143 508 1174 1231
526 1143 594 1176 ιιι-ΕΟ
607 1141 665 1168 vini
679 1141 746 1168 faeci
761 1146 832 1167 tanta
847 1140 887 1166 vis
901 1140 952 1173 est,
973 1140 1112 1167 vtdescen-

27 1197 28 1205 ι
68 1181 158 1206 dentes
170 1181 198 1206 in
213 1188 289 1215 cupas
303 1186 400 1205 enecet.
438 1178 652 1212 Experimentum
669 1177 773 1204 demiffa
786 1176 893 1212 praebet
906 1176 1021 1209 lucerna,
1031 1186 1110 1211 quam

69 1216 116 1242 diu
140 1216 318 1250 exstinguatur
337 1214 483 1249 periculum
503 1214 669 1240 denuncians.
740 1214 812 1240 Caes.
833 1212 861 1238 B.
883 1212 912 1238 C.
932 1221 962 1244 2,
978 1221 1000 1239 ιι
1023 1213 1110 1247 Cupas

26 1248 27 1270 l
69 1252 143 1278 taeda
156 1261 184 1278 ac
199 1252 256 1286 pice
269 1251 376 1278 rct'ertas
389 1249 547 1282 incendunt,
568 1257 663 1284 casque
676 1248 708 1275 de
722 1258 800 1275 muro
813 1248 842 1274 in
857 1248 1003 1274 musculum
1019 1248 1110 1275 deuol-
1124 1254 1158 1279 3ο

66 1439 108 1458 ινα
127 1437 171 1457 eto.

23 1451 24 1477 l
66 1438 146 1493 hatpeo
159 1439 294 1498 ἠπείχθη,
301 1474 368 1501 quem
382 1464 518 1496 tradimus,
537 1468 555 1490 i.
570 1466 669 1499 antiquo
683 1473 691 1488 .-

21 1547 23 1574 l

12 2266 14 2269 ·
61 2251 133 2277 festa.

69 1293 143 1314 vunt.
215 1286 333 1314 Frontin.
349 1295 378 1319 3,
394 1295 440 1319 ι4,
454 1295 466 1318 3
491 1286 596 1312 Hirtius
616 1284 807 1311 Mutinensibus
818 1283 921 1310 obsessis
934 1283 967 1310 ab
981 1285 1112 1319 Antonio,

70 1323 166 1355 salem,
185 1332 238 1358 quo
256 1323 370 1349 maxime
390 1320 559 1356 indigebant,
580 1321 652 1355 cupis
672 1321 806 1347 conditum
819 1328 866 1355 per
879 1328 983 1347 amnem
997 1321 1112 1348 Sculten-

68 1368 127 1386 nam
142 1358 290 1386 intromiiit.
505 1355 525 1394 ff
548 1366 563 1383 2.
599 1358 673 1392 Cupa
688 1356 797 1385 Catonis
809 1356 841 1382 de
854 1356 885 1381 R.
899 1357 929 1382 R.
943 1365 976 1382 20
992 1360 1022 1382 it.
1037 1365 1066 1383 21
1088 1363 1111 1384 et

69 1404 101 1422 22
119 1396 170 1421 alia
182 1404 221 1422 res
234 1392 282 1428 ‘st’
302 1400 383 1430 nempe
400 1393 564 1426 miliarium,
579 1396 674 1428 pyxis,
688 1393 714 1428 s.
731 1392 907 1427 receptaculum
928 1392 1064 1419 columellae
1082 1396 1111 1419 in

367 1427 388 1466 ff
408 1438 420 1461 3
458 1429 558 1464 Salmas.
572 1429 606 1454 ad
621 1427 764 1461 Capitolin.
777 1429 795 1453 l.
809 1435 830 1453 c.
854 1427 956 1461 Cupam
969 1431 1041 1454 unice
1050 1436 1112 1464 pro·
1128 1429 1157 1455 35

728 1463 848 1497 Cuppam
864 1464 948 1497 poculi
969 1473 1052 1489 nomen
1071 1473 1110 1490 re-

67 1505 162 1528 centius
175 1500 232 1535 iffi,
250 1510 321 1538 quam
337 1502 404 1528 Galli
416 1509 466 1527 vne
479 1509 561 1534 coupe
573 1505 665 1524 vocent.
710 1500 795 1524 Placet
804 1497 924 1532 οἴκρῖβεια.
980 1499 1028 1526 Sed
1041 1500 1111 1532 libri,

64 1545 94 1564 vt
122 1540 198 1564 initio
222 1537 350 1569 diximus,
368 1535 532 1571 conftmdunt.
568 1535 660 1569 Cuppa
687 1540 737 1569 pro
766 1538 858 1569 poculo
884 1536 961 1570 plane
985 1535 1059 1562 huius
1078 1537 1113 1563 lo-

62 1583 86 1599 a
101 1571 271 1640 goxsxtssA,
291 1616 329 1634 ae.
349 1606 369 1633 f.
406 1605 509 1632 Dimin.
546 1604 623 1632 Modo
637 1605 748 1632 dedimus
761 1614 791 1632 εκ
802 1605 908 1641 leian.
921 1605 938 1632 l.
952 1615 965 1638 3
980 1603 1022 1643 §.i
1038 1606 1069 1632 D.
1076 1605 1109 1632 de
1117 1612 1155 1637 40

63 1644 154 1671 tritico
166 1645 230 1671 vino
243 1642 285 1669 vel
308 1643 370 1669 olco
389 1641 440 1676 leg.

101 1684 118 1705 C
130 1685 224 1706 VPEL
236 1685 251 1705 1.
264 1686 301 1711 A,
320 1687 360 1704 ae.
381 1677 401 1704 f.
421 1676 501 1704 Aliud
513 1677 613 1703 Dimin.
652 1677 726 1712 Apic.
741 1686 761 1710 1,
775 1686 791 1704 2
811 1678 843 1704 In
850 1677 978 1712 cupellam
992 1677 1105 1702 mittere.

100 1720 118 1741 c
128 1722 149 1741 v
159 1721 199 1741 1²13
208 1720 250 1740 LI.
259 1721 281 1741 v
291 1721 316 1740 M
325 1734 334 1746 ,
354 1714 372 1740 i.
398 1722 424 1739 n.
462 1713 537 1740 Idem.
574 1713 672 1741 Pallad.
685 1713 761 1740 Febr.
775 1720 804 1746 25
824 1714 872 1740 Vel
885 1714 913 1739 in
925 1712 1042 1747 cupellis,
1061 1711 1105 1738 vel

64 1750 93 1777 in
106 1750 218 1777 vasculis
234 1749 361 1776 fictilibus
373 1748 543 1776 condiuntur.
579 1748 700 1775 κύπελλον
705 1766 715 1780 ,
734 1749 835 1775 Polluci
848 1751 879 1781 6,
895 1750 930 1774 16.

100 1792 287 1817 CVPEDIA,
310 1791 441 1812 CVPED
454 1791 493 1816 0,
516 1790 838 1817 ενΡι-ῐθιΝΑκινε,
864 1784 916 1811 vid.
938 1788 954 1809 c
967 1789 1069 1810 VPES.

99 1829 116 1849 C
126 1829 146 1849 v
156 1829 172 1849 P
181 1828 227 1849 EN
237 1826 255 1848 C
268 1828 288 1848 v
297 1829 310 1849 s
319 1841 327 1854 ,
347 1822 366 1848 i.
386 1830 421 1848 m.
458 1821 560 1855 Lingua
579 1820 736 1847 Sabinorum
750 1820 871 1846 Sacerdos
879 1818 1033 1851 vocabatur,
1040 1819 1107 1855 quod

63 1864 134 1884 notat
155 1858 269 1885 Seruius.
306 1858 375 1883 Hinc
395 1856 472 1891 Virg.
494 1857 558 1883 Aen.
580 1865 617 1889 12,
640 1865 684 1890 539
710 1856 817 1883 videtur
839 1864 936 1883 nomen
960 1855 1105 1889 deduxilse,

63 1903 145 1929 quum
158 1894 210 1926 ait,
228 1893 285 1920 Nec
299 1892 326 1919 di
340 1900 427 1920 texere
448 1893 609 1927 Cupencum.

101 1935 119 1956 c
129 1936 150 1954 v
160 1935 176 1955 1>
186 1937 202 1956 r.
211 1936 223 1956 s
232 1949 241 1962 ‚
264 1936 288 1955 ct
306 1935 322 1956 c
331 1936 352 1955 v
364 1935 379 1955 r
391 1935 407 1955 E
416 1935 434 1955 D
443 1935 492 1955 ιΑ.
518 1926 680 1962 Dilmun,
701 1927 845 1961 πέμματα]
881 1927 993 1962 Antiqui
1007 1927 1105 1955 lautio-

61 1973 103 1992 res
115 1965 189 1992 cibos
201 1964 375 1992 nominabant
389 1975 394 1990 :
431 1963 493 1990 inde
505 1964 647 1991 Macellum
663 1965 753 1990 forum
770 1962 905 1997 cupedinis
926 1963 1104 1998 appellabant.
1115 1975 1146 2002 50

62 2000 180 2036 Cupedia
194 2006 282 2028 autem
295 2009 309 2027 a
323 2000 473 2036 Cupiditate
488 2001 546 2026 sunt
559 1999 636 2027 dicia.
691 1999 738 2026 Vel
758 1998 821 2025 sicut
836 2000 920 2026 Varro
935 2000 1008 2032 vult,
1030 2000 1104 2035 quod

61 2036 104 2063 ibi
117 2037 200 2063 fuerit
212 2037 356 2071 Cupedinis
375 2036 418 2073 (f.
433 2036 563 2071 Cupedii)
577 2035 671 2070 equitis
686 2034 794 2067 domus,
813 2035 861 2070 qui
870 2035 958 2062 fuerat
972 2036 1008 2062 ob
1022 2036 1104 2063 latro-

63 2073 164 2099 cinium
194 2072 338 2099 damnatus.
410 2073 477 2098 Haec
507 2072 602 2098 Festus.
655 2072 740 2098 Varro
753 2071 786 2097 de
800 2071 831 2098 L.
846 2071 876 2097 L.
892 2081 920 2105 4,
930 2081 963 2105 32
975 2082 1000 2106 p.
1018 2080 1055 2105 33,
1070 2081 1104 2105 34

64 2108 105 2135 Ad
117 2115 224 2135 corneta
236 2110 325 2135 forum
338 2107 488 2143 cupedinis,
505 2116 520 2134 a
534 2106 670 2142 Cupedio,
690 2107 762 2142 quod
783 2107 864 2133 multi
882 2109 974 2134 forum
993 2108 1104 2143 Cupidi-

63 2144 122 2177 nis,
142 2153 157 2171 a
170 2144 320 2180 cupiditate.
356 2145 432 2179 Quem
446 2144 488 2171 hi.-
500 2144 647 2178 Cupedium
660 2150 730 2169 vocat
742 2143 770 2169 dc
786 2143 828 2170 illo
848 2143 967 2170 Donatus
987 2144 1019 2170 ad
1034 2145 1104 2171 Ter.
1121 2153 1151 2180 55

63 2181 128 2207 Eun.
143 2189 168 2212 2,
182 2189 205 2213 2,
219 2189 248 2213 25
266 2190 294 2206 ex
311 2180 438 2206 Varronis
451 2179 623 2206 humanarum
638 2188 742 2210 rerum,
763 2178 910 2205 Numerius
918 2179 1041 2214 Equitius
1049 2180 1103 2205 Cu-

62 2225 107 2250 pes
121 2217 298 2242 etRomanius
310 2215 434 2242 Macellus
447 2215 570 2249 singulari
583 2214 724 2241 latrocinio
738 2215 823 2242 inulta
834 2215 892 2241 loca
900 2214 1052 2248 habuerunt
1064 2215 1107 2241 in-

170 2252 220 2278 His
232 2252 260 2277 in
275 2251 386 2277 exilium
399 2249 463 2276 ae‘tis
476 2250 607 2285 publicata
618 2251 759 2285 suntrbona
769 2270 776 2282 ,
798 2256 824 2277 et
836 2250 913 2277 aedes
933 2250 982 2277 vbi
999 2250 1103 2278 habita-

61 2285 125 2312 bant
137 2286 257 2320 dirutae,
277 2295 344 2322 eque
358 2295 389 2312 ea
403 2287 514 2321 pecunia
527 2286 614 2312 Scalae
627 2287 705 2312 deum
718 2286 854 2320 penatium
872 2286 1021 2313 aedificatae
1034 2287 1103 2314 sunt.

62 2321 117 2348 Vbi
130 2321 297 2354 habitabant,
317 2323 389 2348 locus
403 2322 452 2347 vbi
463 2322 587 2348 venirent
598 2330 627 2346 ea
636 2341 643 2352 ,
661 2330 729 2355 quae
742 2321 868 2348 vescendi
876 2323 949 2348 causa
963 2323 991 2348 in
1005 2322 1101 2349 vrbem
1110 2328 1147 2354 60

58 2363 132 2384 crant
145 2357 230 2383 allata.
275 2359 368 2391 Itaque
381 2356 413 2383 ab
425 2356 509 2383 altero
523 2356 661 2382 macellum
670 2377 678 2388 ‚
698 2356 731 2383 ab
744 2356 827 2384 altero
845 2357 934 2384 forum
957 2358 1103 2392 Cupedinis

58 2392 217 2428 appellatum
229 2392 273 2419 est.
311 2392 358 2420 Sed
369 2392 427 2419 hacc
439 2391 534 2428 quidem
539 2392 660 2428 fabellam
672 2392 786 2427 stipium.
840 2394 934 2419 Melius
948 2395 1058 2431 Scaliger
1073 2397 1102 2420 in

59 2427 202 2456 Coniet‘lan.
214 2427 248 2454 ad
259 2429 276 2454 I.
289 2438 310 2455 c.
324 2436 347 2454 ct
365 2427 459 2463 Voffius
469 2430 497 2453 in
509 2429 602 2462 etymol.
616 2437 631 2453 a
642 2428 767 2462 Caupone
774 2447 784 2460 ,
805 2428 893 2462 Copa,
906 2427 932 2463 s.
949 2428 1023 2463 Cupa
1036 2429 1114 2464 deri-¹

58 2471 120 2491 van!
127 2463 316 2501 ficundumhos
335 2473 391 2500 ergo
400 2463 487 2499 fuerit

96 2506 114 2527 c
125 2507 145 2525 v
155 2506 171 2526 Ρ
180 2507 217 2527 1-:s
225 2520 234 2531 ‚
267 2501 280 2532 [
294 2501 390 2532 λίχνος,
414 2499 551 2531 λαίμαργυς
563 2498 575 2531 ]
611 2500 654 2532 qui
673 2496 822 2523 lautioribus
840 2497 904 2524 cibis
915 2499 1011 2532 inhiat,
1025 2508 1102 2537 cupa,
1114 2503 1146 2536 65

51 2533 166 2572 fit‘iatur
177 2541 201 2561 et
211 2541 341 2569 cauponas.
377 2533 461 2560 Plaut.
475 2533 559 2558 Trin.
573 2541 595 2557 2.
611 2541 630 2564 1,
644 2540 667 2564 13
684 2532 957 2568 Blandiloquentulus,
973 2534 1100 2573 harpago,

57 2570 184 2602 mendax,
209 2579 301 2607 rupes,
320 2570 421 2604 (Gron.
434 2569 556 2602 Cuppcs)
571 2576 673 2594 auarus.
743 2570 802 2595 Vet.
823 2569 903 2596 Gloff.
923 2570 1042 2605 Cuppes,
1062 2574 1101 2600 fa-

55 2605 185 2638 stidiosus,
193 2605 329 2640 superbus,
336 2603 455 2638 cupidus.
473 2606 565 2639 Nempe
571 2603 705 2631 fastidium
712 2605 852 2642 gulosorum
859 2604 902 2639 cst,
910 2607 1023 2641 superbo
1030 2608 1101 2636 dente

1114 1794 1151 1821 45

10 2646 11 2650 ’
57 2642 124 2668 cibos
136 2641 238 2668 delicati
250 2647 371 2677 tangunt,
390 2647 420 2666 vt
431 2640 471 2666 ille
482 2649 535 2666 mus
547 2640 655 2666 urbanus
669 2641 763 2667 Horat.
778 2641 827 2668 Sat.
842 2650 869 2674 2,
882 2644 909 2672 6,
920 2647 960 2677 87.

18 2961 22 2967 '
53 2973 108 2991 non
140 2964 260 2999 cupedias
283 2963 423 2996 ciborum,
443 2963 488 2990 sed
506 2964 620 2998 argutias
639 2964 851 2999 quaestionum.⁰

89 2684 107 2704 C
116 2684 159 2704 vr
168 2683 185 2704 E
195 2683 213 2704 D
223 2683 278 2708 1A,
298 2685 384 2703 orum.
402 2685 427 2702 n.
443 2675 479 2711 pl.
515 2675 685 2711 [neoaffiu'yaffi
705 2676 862 2712 ἐρτύματκ]
907 2678 962 2705 Cibi
974 2678 1101 2706 delicatio-
1109 2689 1145 2718 70

56 2723 104 2740 res.
140 2713 222 2740 Plaut.
235 2712 315 2739 Stich.
330 2720 353 2745 5,
368 2721 396 2745 4,
411 2720 441 2743 32
460 2711 555 2738 Melius
569 2711 647 2744 dicis,
664 2711 733 2739 nihil
748 2722 840 2740 moror
854 2714 973 2748 cupedia.

92 2755 184 2776 CVPE
194 2756 212 2776 D
222 2756 231 2775 1
241 2755 278 2780 A,
298 2757 336 2774 ae.
356 2748 375 2774 f.
413 2747 574 2782 [ὀψοφαγιίκ,
594 2747 708 2783 λιχνεία]
750 2748 857 2776 Videtur
870 2749 914 2783 alls
931 2752 1003 2787 gulae
1016 2749 1101 2784 studi-

56 2790 96 2812 u'm
108 2794 161 2811 cum
189 2782 279 2818 astidio
293 2791 316 2810 ct
329 2783 434 2810 deliciis.
482 2783 537 2810 Cic.
551 2783 632 2810 Tusc.
645 2794 673 2817 4,
686 2786 717 2811 26
730 2793 751 2810 c.
766 2794 788 2811 11
806 2786 993 2820 Aegrotationi
1012 2793 1101 2814 autem

54 2821 118 2847 talia
131 2820 258 2856 quaedam
277 2819 394 2846 subieffta
410 2820 492 2852 sune,
505 2819 632 2852 auaritia,
650 2820 780 2854 ambitio,
800 2822 989 2855 mulierositas,
999 2824 1099 2858 ·perui-

54 2856 140 2889 cacia,
166 2856 304 2892 liguritio,
322 2855 485 2888 vinolentia,
505 2856 628 2889 cupedia,
644 2862 670 2883 et
682 2855 700 2882 fi
715 2865 766 2892 qua
780 2856 883 2885 similia.

759 2893 827 2919 Gell.
842 2896 869 2926 6,
883 2903 907 2927 13
931 2895 975 2922 Ne
988 2895 1101 2922 omnino

93 2898 111 2920 c
126 2900 147 2918 v
156 2900 171 2919 Ρ
179 2899 195 2919 E
203 2899 221 2919 n
230 2900 240 2919 1
248 2900 271 2919 A
280 2899 296 2918 E
305 2911 314 2924 ,
332 2896 416 2918 arum.
437 2892 458 2918 f.
494 2891 557 2918 Cibi
570 2891 704 2919 lautiores.
1112 2869 1144 2898 7³

56 2928 186 2955 immunes
197 2934 224 2955 et
257 2942 302 2948 —
337 2927 467 2960 asymboli
485 2925 652 2960 veniremus,
676 2928 887 2957 coniectabamus
905 2931 938 2958 ad
959 2932 1100 2958 coenulam

902 2967 940 2993 ld.
956 2975 983 3002 7,
997 2971 1025 2994 16
1043 2969 1098 2995 Has

4 3003 7 3020 ῑ
54 2999 171 3034 vndique
182 3001 290 3028 vorsum
304 2999 440 3034 indagines
454 2999 622 3034 cupediarum
637 3000 738 3026 maiore
751 3000 922 3029 detestatione
935 3003 1026 3039 dignas
1040 3013 1099 3031 cen-

55 3033 177 3062 sebimus.
246 3036 379 3062 Ammian.
393 3037 438 3068 26,
451 3041 477 3065 18
501 3035 679 3071 Cupediarum
698 3042 864 3064 mercatores.

91 3075 109 3096 C
117 3076 138 3096 v
147 3076 163 3097 P
171 3077 188 3097 E
196 3077 215 3098 D
225 3076 245 3097 0
254 3091 264 3103 ,
283 3070 343 3099 inis.
366 3071 386 3098 f.
424 3070 511 3102 Eadem
523 3072 633 3105 videtur,
642 3081 712 3108 quam
726 3073 873 3108 Cupediam
886 3073 937 3101 dici
951 3085 966 3102 a
974 3075 1096 3108 Cicerone,

54 3105 123 3132 modo
141 3105 290 3142 obstr-uatum
307 3104 356 3140 est,
366 3105 479 3141 studium
490 3107 569 3144 Cupae
576 3108 601 3144 s.
621 3109 748 3143 Cauponae
762 3119 770 3133 .·
806 3117 851 3136 aut
869 3109 903 3143 est
914 3110 988 3147 sorte
999 3111 1097 3148 fimpli-

53 3144 118 3168 citer
138 3141 257 3176 Cupido,
280 3151 352 3178 quam
372 3141 553 3177 Cuppedinem
576 3142 619 3177 effe
639 3144 771 3177 Lucretio,
796 3155 852 3172 mox
871 3143 1022 3179 ostendamus
1037 3147 1095 3184 post

56 3182 183 3204 cvrino.
216 3177 314 3204 Forum
328 3177 473 3213 Cupedinis
487 3179 551 3214 quod
562 3182 611 3206 iam
625 3188 654 3205 ex
667 3179 742 3206 Festo
755 3186 779 3206 et
791 3182 911 3209 Varrone
924 3182 1043 3216 dedimus,
1052 3185 1096 3211 ha-

53 3212 93 3239 bet
106 3215 180 3239 etiam
192 3213 268 3248 Apul.
280 3214 344 3240 Met.
358 3223 367 3240 1
380 3223 404 3249 p.
420 3222 467 3246 113,
483 3222 513 3248 14
527 3215 561 3242 Vt
574 3215 648 3251 prius
659 3215 763 3251 aliquid
772 3216 852 3243 nobis
872 3217 974 3245 cibatui
993 3220 1094 3255 prospi.
1110 3226 1140 3256 85

53 3257 150 3281 cerem,
163 3248 253 3275 forum
264 3249 399 3284 cupedinis
415 3255 486 3285 peto.

88 3290 400 3318 CVPEDINARIVS,
418 3286 436 3312 i.
453 3294 489 3312 m.
525 3284 691 3321 [ξωμοποιδς]
728 3287 911 3324 Esculenearum
932 3298 1013 3316 rerum
1025 3297 1095 3326 cupe-

2 3319 5 3347 Ῑ
50 3319 160 3351 diarum,
177 3319 334 3352 venditor-,in
341 3320 404 3362 f⁰.¹.'⁰
417 3320 552 3356 cupedim's.
586 3323 654 3350 Ter.
662 3323 726 3349 Eun.
735 3332 759 3354 2,
768 3331 828 3357 2,25
845 3325 1016 3352 Concurrunt
1028 3326 1093 3354 laeti

49 3354 88 3382 mi
101 3355 211 3382 obuiam
223 3355 388 3390 cupedinaru
399 3365 497 3384 omnes.

48 3391 238 3427 cupiditatibus
251 3391 343 3426 populi
356 3392 480 3419 seruiunt.

49 3427 179 3454 esculenta
189 3433 215 3454 et
229 3427 367 3462 poculenta
381 3427 498 3455 vendunt
510 3437 516 3453 τ
552 3438 567 3456 a
579 3429 658 3457 rebus
672 3430 804 3465 cupidinis
816 3431 852 3458 ob
865 3432 1031 3466 alimentum,
1047 3443 1091 3460 cu-

51 3462 182 3504 pedinarii
193 3463 366 3498 appellantur.
435 3464 518 3504 ¹Apul.
532 3464 609 3500 Apol.
622 3475 646 3500 p.
662 3474 716 3499 293,
729 3476 748 3501 4
773 3468 812 3493 Eo
823 3467 901 3502 patilo
913 3469 1092 3503 cupedinariis

52 3498 178 3526 omnibus
209 3499 306 3526 famem
335 3498 464 3526 decernit.
499 3500 565 3533 Qus
593 3502 666 3528 enim
690 3502 724 3528 ab
747 3502 801 3529 illis
820 3502 950 3531 obsonare
968 3505 1092 3532 audebit?

49 3533 184 3569 Lamprid.
198 3533 341 3570 Heliogab.
355 3543 395 3567 30.
443 3535 531 3563 Pinxit
543 3536 569 3563 se
580 3542 609 3563 vt
621 3537 831 3572 cupedinarium.
888 3541 936 3566 Per
949 3540 1038 3576 duplex
1057 3551 1091 3577 pp

41 3569 126 3641 scr-§ki
137 3569 246 3632 gillique,
263 3577 287 3597 et
307 3580 323 3597 a
345 3570 500 3606 Cuppedine
517 3574 536 3598 i.
562 3572 681 3607 Cupidine
698 3575 810 3601 lucretii
824 3574 952 3609 deriuari,
971 3578 1028 3603 vult
1040 3578 1094 3605 Sal·
1103 3588 1137 3615 95

46 3615 86 3632 ma
101 3626 106 3631 .
120 3615 135 3631 a
175 3613 212 3632 oc.

83 3646 101 3667 c
112 3646 133 3666 V
144 3647 159 3667 Ρ
169 3640 183 3667 ι’
191 3647 210 3667 D
218 3647 239 3668 0
247 3660 257 3674 ,
272 3641 331 3669 inis.
351 3651 387 3669 m.
406 3640 513 3678 [Ἔρως]
550 3643 616 3669 Deus
629 3647 722 3671 amoris
733 3646 836 3674 Venerei
843 3646 960 3683 praesis,
976 3646 1094 3683 quifilius

53 3673 289 3712 Venerisfuiffl’fin
314 3681 361 3705 'eur
374 3687 390 3704 a
404 3679 498 3705 Poetis.
544 3678 626 3705 Plaut.
640 3679 722 3707 Merc.
737 3688 761 3714 5,
774 3689 801 3714 2,
811 3690 835 3716 13
857 3680 964 3718 Cupido
977 3690 1092 3719 quantus

49 3720 89 3753 es..
155 3713 212 3739 Cic.
226 3711 261 3752 de
281 3748 286 3753 .
299 3719 332 3740 at.
345 3714 426 3741 Deor.
441 3722 470 3746 3,
483 3721 515 3747 59
550 3713 656 3749 Cupido
678 3716 779 3750 primus
801 3718 938 3745 Mercurio
959 3726 985 3745 et
1007 3719 1093 3747 Diana

49 3755 134 3782 prima
146 3755 223 3774 natus
234 3747 341 3776 dicitur.

45 3783 100 3810 tius
113 3783 223 3822 quidem
237 3782 274 3809 est
286 3783 398 3812 Anteros
412 3786 498 3812 Marte
513 3791 539 3812 et
554 3786 660 3812 Venere
673 3787 765 3814 tertia.
830 3790 914 3822 Puer,
932 3799 960 3816 ae
980 3790 1091 3818 volucer

46 3821 135 3853 curJn
148 3818 253 3859 Cupido
261 3838 268 3848 .
287 3825 314 3845 et
327 3819 430 3854 Sagittis
443 3830 473 3848 ac
485 3822 542 3848 face
555 3827 686 3856 armatus,
705 3826 820 3857 materia,
837 3827 865 3851 in
878 3834 926 3860 qua
929 3825 1008 3858 stilus
1021 3835 1090 3854 exer-

46 3861 116 3881 cetur
142 3854 274 3889 Qineul.
286 3863 312 3887 2,
327 3863 354 3887 4,
368 3857 408 3882 26.
501 3856 581 3884 Ouid.
603 3858 694 3884 Amor.
716 3867 742 3891 ι,
759 3868 791 3891 ιι,
804 3867 827 3886 ιι
862 3860 1000 3887 Credibile
1010 3862 1047 3888 est
1062 3868 1089 3890 et

45 3895 72 3916 te
85 3890 181 3918 sentisse
193 3890 334 3925 Cupidinis
349 3899 432 3919 arcus.
500 3894 581 3919 Arma
595 3893 712 3920 violenta
731 3895 872 3929 Cupidinis
891 3897 973 3923 Ouid.
986 3897 1050 3924 Met.
1057 3906 1085 3932 9,

43 3933 105 3960 542-

571 3358 620 3385 Vbi
633 3358 815 3394 Eugraphius,
830 3360 1004 3401 Cupedinarii
1012 3381 1022 3394 ,
1043 3363 1092 3397 qui

1118 3049 1151 3075 80

551 3394 582 3420 Et
589 3394 722 3427 Donatus,
741 3395 916 3430 Cupedinarii
928 3406 1031 3430 omnes,
1044 3399 1091 3433 qui
1105 3406 1148 3431 90.
1159 3409 1182 3428 c,
1195 3410 1237 3429 22.

1157 3437 1303 3465 Ablatiuum
1337 3437 1438 3464 videtur
1461 3447 1546 3478 regere
1571 3441 1599 3464 in
1623 3438 1666 3464 illo
1701 3437 1783 3469 Plaut.
1799 3437 1889 3464 Pseud.
1903 3447 1922 3469 ι,
1937 3447 1963 3470 2,
1977 3447 2008 3471 50
2045 3438 2114 3463 Vino
2127 3438 2209 3464 modo

410 3749 540 3776 Secundus
553 3750 692 3778 Mercurio
707 3757 733 3778 et
748 3753 851 3780 Venere
863 3754 984 3781 secunda.
1020 3755 1146 3790 Ter-100
1157 3760 1217 3786 Am.
1234 3766 1254 3791 1,
1271 3759 1321 3785 116.

1154 3798 1198 3831 qui
1209 3796 1285 3820 nimio
1291 3796 1405 3829 partium
1409 3793 1496 3828 studio
1507 3796 1643 3832 abripitur.
1679 3796 1736 3822 Cic.
1750 3796 1827 3822 Verr.
1841 3802 1867 3826 4,
1881 3801 1929 3825 124
1941 3802 1962 3818 c.
1971 3795 2003 3825 56
2019 3793 2108 3820 Nemo
2123 3795 2202 3830 suspi-

1154 3830 1210 3857 cari
1225 3829 1303 3856 debet
1316 3839 1359 3856 me
1377 3832 1427 3857 effe
1447 3837 1500 3858 tam
1513 3832 1637 3866 cupidum
1645 3838 1716 3871 ,leta

1563 122 1598 163 C
1688 121 1728 163 V
1806 123 1837 163 P
2144 139 2244 183 13¹8

1188 212 1233 238 est.
1254 215 1273 239 i.
1286 212 1386 240 Amore.
1459 212 1518 238 Sen.
1532 211 1642 248 Hippoi.
1651 220 1701 248 273
1721 213 1810 247 Qiam
1824 219 1902 241 vocat
1913 222 2023 245 matrem
2032 239 2041 252 ,
2061 221 2183 255 geminus
2190 222 2243 249 Cu—

1188 247 1268 282 pido,
1289 256 1372 283 nempe
1379 247 1410 273 ’Έ
1425 258 1453 272 ως
1465 249 1616 283 ειἌπέρως.
1688 250 1756 275 Add.
1771 248 1836 276 Oed.
1848 257 1898 281 300
1918 252 2043 280 Concutit
2058 256 2145 283 taedas
2158 258 2243 291 gemi-

1187 291 1236 309 nus
1248 284 1369 318 Cupido,
1386 292 1402 309 v
1419 286 1430 308 i
1442 289 1524 308 tamen
1532 287 1619 319 potius
1632 291 1730 310 nnetuus
1740 285 1849 311 videtur.
1905 286 1987 314 Ouid.
2002 290 2067 316 Fast.
2081 300 2110 324 4,
2124 301 2133 318 1
2159 295 2244 320 Venus-

1189 316 1223 350 est
1248 319 1426 345 Geminorum
1451 323 1535 344 mater
1556 321 1694 347 Amorum.
1791 320 1916 346 Lasciuus
1934 331 2000 355 puer
2019 325 2076 351 Sen.
2092 328 2203 362 Hippol.
2217 339 2243 362 3„

1188 354 1302 380 Lentum
1322 354 1476 389 cupidinem
1496 353 1639 380 sollicitare
1663 356 1731 381 Hor.
1744 357 1832 382 Carm.
1847 365 1875 389 4,
1891 365 1926 389 13,
1940 364 1961 390 ς.
2067 361 2140 388 Idem
2156 365 2241 398 ljpod.

1188 398 1226 423 17,
1241 398 1272 425 57
1293 391 1401 417 Sacrum
1416 388 1496 414 liberi
1510 389 1667 423 Cupidinis,
1684 391 1802 417 libidines
1815 391 1930 424 effrenes.
2034 393 2132 423 Paruus
2156 400 2241 427 Ouid,

1186 425 1266 459 Epist.
1282 428 1319 456 16,
1334 433 1381 457 113.
1452 423 1618 451 Pharctratus
1637 426 1711 452 Idem
1725 427 1817 453 Amor.
1831 435 1857 459 2,
1873 435 1896 460 ς,
1910 436 1929 453 ι.
1999 428 2057 454 Cic.
2071 430 2102 456 de
2117 433 2179 460 Nat.
2187 436 2237 462 De-

1185 469 1225 486 or.
1241 469 1263 492 3,
1276 466 1303 494 33
1324 462 1426 487 Dianae
1437 460 1502 486 item
1515 460 1603 494 plures
1617 472 1622 486 z
1659 461 1747 487 Prima
1759 463 1832 488 Iouis
1846 468 1872 488 et
1893 463 2079 498 Proserpinae,
2100 475 2168 500 quae
2181 471 2239 497 Pin.

1186 501 1279 522 natum
1293 496 1453 531 Cupidinem
1469 497 1584 529 genuisse
1597 496 1704 522 dicitur.
1765 497 1889 524 Sedatum
1903 499 2066 533 Cupidinem
2087 501 2239 532 Plaut.Am-

1186 530 1267 566 phitr.
1280 539 1306 563 2,
1319 540 1345 564 2,
1358 540 1405 558 210
1425 533 1544 557 Alcmena
1548 531 1600 565 fibi
1610 531 1710 563 tribuit,
1724 535 1742 558 i.
1756 537 1946 567 temperantiam
1958 541 1981 560 et
1998 535 2193 564 mediocritatem
2211 546 2239 567 ιή

1185 567 1324 600 voluptatis
1353 567 1433 593 rebus.
1470 566 1519 593 Sed
1543 566 1611 602 conf.
1637 567 1744 601 Cupido
1767 577 1793 594 n.
1807 577 1825 601 4
1830 569 1879 603 sub
1897 576 2003 597 cvrlo.
2122 574 2240 602 Volucer

1185 602 1266 628 Ouid.
1281 602 1345 627 Met.
1362 611 1388 635 9,
1404 608 1459 636 481.
1534 604 1565 628 Ec
1578 602 1712 635 Qunctil.
1725 611 1750 635 2,
1766 614 1794 638 4,
1809 606 1849 629 26.
1941 607 1973 631 In
1989 607 2090 634 Plurali
2099 609 2171 636 habet
2190 611 2239 637 Ca.

1183 637 1244 663 tull.
1258 645 1271 668 3
1278 643 1323 671 pr.
1344 637 1444 671 Lugete
1457 636 1475 664 ὂ
1494 639 1610 665 Veneres
1630 638 1838 673 Cupidinesque.
1881 639 1941 667 Vici.
1966 644 2042 668 ctiam
2065 644 2108 671 hic
2131 647 2242 674 alterum

1182 671 1290 706 Cupido
1298 672 1346 707 ,βψ
1364 678 1472 699 ΕνΡιΟ.

1221 714 1239 735 C
1249 715 1269 734 v
1279 715 1294 734 P
1304 715 1313 733 1
1322 714 1341 734 D
1350 714 1359 733 1
1369 714 1389 733 N
1399 706 1416 732 ΙΞ·
1425 715 1444 733 ν
1454 716 1467 735 s
1476 728 1484 740 ,
1505 717 1519 734 a
1528 728 1536 741 ,
1554 718 1608 735 um.
1643 709 1705 735 Adi.
1741 709 1904 745 [Ἐρωτικός]
1938 712 2103 745 Amatorius,
2119 721 2158 749 vt,
2166 718 2241 744 Mar-

1184 744 1242 771 tial.
1254 751 1281 779 7,
1297 745 1329 773 86
1352 741 1450 769 Blanda
1473 744 1617 777 Cupidinei
1637 754 1685 772 cur
1703 753 1758 771 non
1777 751 1848 772 amet
1861 755 1909 773 ora
1922 746 2058 780 Labycae.
2095 752 2151 785 Qi
2164 754 2239 780 videt

1185 779 1248 842 ipraec
1273 778 1397 841 geminis
1426 778 1543 805 monstra
1563 781 1665 814 placere
1691 780 1744 807 suis
1757 782 1766 808 Ξ
1838 781 1952 816 Sagittae
1975 785 2140 819 Cupidineae
2156 789 2239 816 Ouid.

1210 824 1260 842 em.
1297 824 1366 841 mor.
1387 821 1412 847 15
1433 833 1440 840 .

1221 857 1292 878 CVP
1302 858 1339 878 1D
1349 857 1386 883 0,
1398 821 1448 890 pico
1462 847 1604 883 Desiderio,
1631 857 1655 876 et
1671 857 1688 877 c
1699 858 1790 879 VPID
1800 857 1820 878 V
1831 859 1861 886 S,
1883 852 1937 880 vid.
1951 854 2064 890 moxfitb
2081 863 2185 886 CVP10.

1224 893 1243 914 c
1256 893 1278 913 v
1292 892 1373 920 1⁸10,
1390 889 1447 918 ῑιιι,
1474 888 1559 917 itum,
1585 887 1639 912 cre.
1674 887 1832 923 [ἰιτιθυμέω,
1851 890 1972 923 ἐφίεμαι]
2015 892 2096 925 Velle,
2135 896 2239 930 Optare,

1184 921 1338 956 Dcfiderare.
1412 921 1494 948 Plaut.
1507 922 1585 947 Cure.
1600 928 1628 953 4,
1642 929 1670 953 4,
1683 928 1716 955 34
1747 924 1835 957 Cupio
1848 924 1912 951 dare
1926 927 2090 960 mercedem,
2112 931 2159 964 qui
2173 931 2239 958 illuc

1184 958 1232 985 vbi
1245 958 1275 984 lit
1286 957 1476 984 commonstret
1489 956 1566 983 mihi.
1623 956 1762 992 Cupiipro
1776 962 1860 992 cupiui
1880 961 1942 987 Stat.
1955 962 2019 989 Silu.
2034 971 2057 995 ς,
2069 969 2141 996 ς,8ο.
2178 967 2236 994 Cic.

1184 993 1217 1020 de
1229 994 1305 1020 Orat.
1319 1002 1339 1026 1,
1351 1002 1367 1020 2
1386 993 1484 1027 Neque
1503 1001 1569 1019 vero
1587 992 1667 1018 nobis
1687 992 1855 1027 cupientibus
1874 1003 1953 1030 atque
1966 1000 2119 1032 optantibus
2133 1001 2238 1029 fruetus

1182 1029 1235 1056 otii
1250 1029 1323 1056 datus
1337 1029 1388 1060 cst,
1408 1035 1453 1055 etc.
1543 1027 1643 1054 Animo
1657 1028 1803 1063 quidquam
1817 1038 1915 1064 cupere
1942 1033 2028 1060 Catul.
2041 1038 2080 1068 16,
2094 1044 2116 1068 3.
2187 1039 2239 1066 Ar.

1183 1066 1276 1093 denter
1288 1073 1384 1100 cupere
1397 1063 1502 1099 aliquid
1519 1064 1576 1090 Cic.
1591 1063 1676 1090 Tusc.
1691 1073 1720 1096 4,
1734 1073 1765 1097 39
1783 1073 1804 1091 c.
1814 1071 1851 1099 17.
1925 1067 2028 1101 Cupide
2041 1080 2137 1106 cupere
2151 1073 2239 1101 plaut⁶

1511 1098 1716 1133 Flagrantissime
1741 1100 1847 1135 aliquid
1869 1110 1965 1136 cupere
1992 1103 2080 1132 Tacit.
2093 1109 2163 1135 Ann.
2179 1119 2188 1136 1
2214 1119 2239 1142 3.

1180 1136 1346 1164 Mirabiliter
1357 1136 1437 1171 cupio
1458 1135 1514 1162 Cic.
1530 1135 1584 1161 Att.
1602 1143 1636 1168 15,
1650 1143 1672 1167 3.
1745 1135 1835 1162 Nimis
1851 1146 1931 1172 quam
1946 1138 2041 1173 cupio,
2061 1143 2114 1168 vid.
2126 1150 2147 1170 N
2157 1130 2240 1173 uiis.

1180 1173 1263 1200 Ouid.
1284 1173 1349 1200 Arte
1364 1173 1423 1199 Am.
1438 1179 1460 1204 1,
1476 1173 1529 1206 276
1548 1171 1599 1198 Vir
1612 1171 1681 1197 male
1695 1170 1851 1204 dissimulat‚
1870 1173 1966 1200 teetius
1979 1174 2027 1201 illa
2042 1177 2123 1211 cupit.
2185 1182 2238 1207 Cu-

1179 1209 1227 1244 pio
1239 1209 1341 1241 omnia,
1357 1217 1426 1244 quae
1439 1213 1468 1234 tu
1482 1207 1524 1234 vis
1543 1206 1625 1234 Plaut.
1640 1207 1708 1233 Pers.
1718 1214 1740 1240 5,
1751 1215 1771 1240 1,
1786 1215 1825 1241 14.
1942 1211 2112 1239 Conuentnm
2125 1219 2152 1240 te
2165 1217 2240 1249 cupit

1179 1245 1266 1273 Plaut.
1284 1246 1363 1272 Curc.
1382 1253 1408 1277 z,
1420 1252 1444 1276 3,
1464 1251 1504 1276 25.
1578 1242 1688 1270 Fadium
1700 1251 1797 1278 cupere
1828 1242 1912 1271 Plaut.
1926 1246 1983 1272 Cas.
1998 1256 2024 1278 2,
2038 1256 2066 1281 4,
2081 1257 2106 1283 7.
2179 1251 2238 1278 Nu.

1178 1282 1246 1316 ptias
1258 1290 1354 1317 cupere
1374 1281 1445 1308 Ter.
1459 1280 1555 1306 Heaut.
1571 1287 1594 1312 5,
1609 1288 1628 1310 1,
1643 1287 1680 1306 ια..
1752 1279 1871 1306 Martial.
1888 1288 1926 1313 12,
1941 1289 1973 1316 37
1992 1283 2108 1311 Nasutus
2121 1286 2240 1314 nimium

1180 1318 1254 1353 cupis
1268 1316 1370 1349 videri,
1390 1324 1435 1343 etc.
1507 1316 1589 1349 Cupit
1602 1321 1627 1341 te
1640 1314 1732 1342 videre
1752 1314 1835 1342 Plaut.
1849 1315 1934 1342 Truc.
1941 1326 1969 1350 4,
1977 1328 2006 1352 4,
2012 1324 2049 1351 38.
2120 1324 2239 1355 Sic‚Cic‚

1178 1355 1258 1381 Verr.
1270 1362 1300 1387 4,
1316 1361 1350 1386 29
1370 1351 1474 1386 Cupisse
1488 1356 1513 1377 te
1528 1351 1612 1377 celare
1626 1350 1659 1376 de
1672 1351 1796 1386 phaleris.
1868 1351 1974 1387 Cupere
1994 1355 2091 1388 alicui,
2107 1364 2157 1392 pro
2173 1360 2240 1385 Bene

1178 1389 1248 1416 velle.
1316 1388 1366 1423 Ipsi
1380 1387 1460 1422 cupio
1476 1386 1602 1418 Glycerio
1615 1387 1684 1413 Ter.
1694 1387 1776 1415 Andr.
1786 1394 1810 1420 5,
1823 1393 1893 1422 4pr.
1949 1390 2022 1417 Caes.
2032 1391 2094 1418 Bell.
2104 1394 2171 1420 Gall.
2181 1403 2201 1427 1,
2210 1400 2238 1425 ιε

1180 1426 1281 1452 Fauere
1293 1430 1319 1450 et
1330 1432 1426 1457 cupere
1443 1422 1576 1449 Heluetiis
1590 1429 1701 1458 propter
1713 1433 1772 1452 eam
1789 1422 1953 1451 affinitatem.
2026 1428 2082 1454 Cic.
2097 1430 2136 1463 Q
2151 1431 2237 1457 fratr.

1182 1469 1202 1492 1,
1217 1469 1230 1485 2
1247 1458 1321 1493 Qud
1336 1460 1345 1485 3
1365 1467 1415 1493 ego
1429 1458 1569 1485 Fundanio
1583 1468 1638 1485 non
1651 1459 1731 1495 cupio
1746 1461 1755 1486 3
1791 1468 1846 1486 non
1855 1461 1959 1496 ¹amicus
1974 1463 2030 1489 sum
2047 1465 2056 1490 3
2091 1474 2147 1492 non
2159 1467 2239 1493 mise-

1178 1495 1297 1523 ricordia
1310 1503 1426 1522 moueor
1441 1496 1449 1521 3
1485 1504 1565 1522 nemo
1579 1495 1672 1530 magis.
1768 1495 1858 1528 Tibi,
1878 1498 1922 1523 cui
1935 1500 2051 1526 maxime
2065 1501 2155 1535 cupio,
2163 1502 2236 1529 satis-

1178 1530 1274 1558 faciam
1298 1530 1338 1557 Id.
1362 1532 1435 1558 Fam.
1457 1539 1502 1564 10,
1522 1540 1549 1565 4.
1623 1532 1730 1559 Caesari
1750 1531 1927 1559 honestissime
1947 1535 2027 1568 cupio
2053 1537 2092 1563 Id.
2105 1537 2143 1564 ib.
2165 1547 2188 1570 2,
2202 1546 2238 1572 ις,

1176 1567 1280 1593 Plenius
1293 1566 1405 1600 dicitur,
1422 1568 1528 1601 Cupcre
1542 1567 1635 1594 omnia
1648 1568 1759 1594 alicuius
1773 1569 1857 1595 causa.
1894 1569 1952 1595 Cic.
1966 1571 2042 1598 Verr.
2056 1580 2084 1604 2,
2097 1581 2126 1598 10
2146 1574 2238 1607 Qiem

1177 1602 1263 1637 igitur
1276 1602 1310 1629 ab
1324 1603 1358 1629 iis
1372 1604 1515 1638 Equitibus
1529 1603 1675 1637 Romanis,
1690 1603 1739 1638 qui
1751 1603 1827 1630 istius
1841 1605 1915 1631 causa
1928 1606 2040 1640 cupiunt
2059 1609 2166 1642 omnia,
2187 1610 2239 1644 qui

1174 1639 1208 1665 ab
1224 1648 1257 1665 eo
1272 1638 1456 1674 benignissime
1470 1639 1576 1666 tractati
1589 1640 1665 1672 sunt,
1685 1639 1856 1667 condemnari
1870 1642 1968 1668 necesse
1982 1643 2057 1675 esset,
2073 1651 2120 1671 etc.
2177 1647 2236 1672 Cic.

1177 1676 1249 1702 Fam.
1266 1684 1301 1708 13,
1317 1678 1348 1709 65·
1369 1675 1549 1702 Vehementer
1562 1675 1619 1702 eius
1632 1677 1708 1702 causa
1721 1685 1815 1711 cupere
1829 1685 1889 1703 eum
1904 1677 2036 1705 intellexi.
2131 1681 2240 1716 Cupere

1175 1711 1204 1737 de
1216 1721 1297 1738 amore
1316 1713 1432 1740 Venerw.
1476 1711 1594 1739 Martial.
1607 1719 1634 1747 7,
1648 1719 1679 1746 73
1701 1712 1735 1738 ad
1746 1713 1918 1745 Mercurium,
1939 1713 1980 1739 Sic
1993 1714 2045 1741 tibi
2066 1715 2159 1744 lasciui
2180 1727 2239 1745 non

1175 1747 1240 1774 desit
1254 1748 1331 1783 copia
1343 1748 1426 1779 furti,
1463 1748 1526 1775 Siue
1538 1748 1612 1782 cupis
1625 1747 1757 1782 Paphien,
1778 1748 1823 1774 seu
1837 1749 1990 1781 Ganymede
2002 1750 2081 1778 'cales
2153 1754 2238 1789 Cupi-

1175 1792 1221 1816 re,
1240 1786 1267 1810 in
1287 1791 1380 1820 quarta
1399 1784 1594 1821 Coniugatione‚
1613 1783 1681 1819 apud
1699 1787 1824 1820 antiquos.
1862 1785 1966 1811 Lucret.
1983 1795 2000 1818 1,
2014 1795 2048 1822 72
2067 1788 2241 1824 Pei-fungere

1172 1826 1203 1846 vt
1214 1819 1287 1846 arfta
1323 1819 1442 1848 Naturae
1454 1822 1557 1855 primus
1571 1826 1709 1855 portarum
1724 1819 1834 1847 claustra
1849 1821 1961 1855 cupiret.
2071 1825 2167 1851 Partic.
2184 1827 2243 1852 Re-

1173 1864 1225 1919 {na
1234 1855 1382 1918 cupiendad
1398 1856 1480 1918 Οὲιίἀ.
1496 1855 1581 1883 Trist.
1596 1866 1625 1890 4,
1638 1866 1667 1890 4,
1682 1858 1725 1882 66.
1797 1858 1830 1883 In
1863 1858 1950 1884 MStis
1982 1858 2148 1895 confunditur
2179 1871 2240 1888 cum.-

1198 1900 1261 1927 apio
1273 1902 1281 1916 :
1335 1902 1362 1919 uo
1387 1901 1454 1919 vrc.

1208 1934 1280 1955 CVP
1290 1935 1299 1954 1
1309 1901 1332 1955 ἕ
1337 1936 1358 1954 Ν
1369 1935 1381 1955 S
1391 1948 1399 1961 ,
1419 1927 1497 1955 entis.
1533 1927 1627 1954 Partic.
1665 1927 1766 1954 Animo
1786 1927 1907 1962 cupienti
1925 1928 1995 1956 nihil
2018 1930 2078 1957 satis
2093 1931 2240 1961 festinatur·

1173 1963 1234 1991 Sall.
1249 1965 1307 1998 Iug.
1325 1973 1346 1991 c.
1361 1966 1398 1996 64
1412 1971 1477 1991 extr.
1549 1963 1632 1990 Plaut.
1647 1963 1740 1990 Bacch.
1754 1972 1777 1996 2,
1792 1972 1814 1996 5,
1829 1973 1866 1997 44
1886 1965 2026 2001 Postquam
2038 1976 2134 1994 aurum
2147 1969 2242 1996 abstu--

1173 2000 1270 2033 limus,
1289 2000 1319 2027 in
1332 2000 1424 2027 nanim
1436 1999 1653 2033 conscendimus,
1670 2000 1782 2026 domum
1797 2001 1942 2034 cupientes.
2050 2003 2124 2030 Idem
2135 2005 2195 2031 Mil.
2203 2014 2244 2039 4,,

1173 2045 1199 2069 2,
1212 2044 1231 2071 7
1254 2036 1344 2063 Huius
1365 2037 1475 2071 cupiens
1495 2036 1615 2070 corporis
1633 2035 1678 2063 est.
1752 2037 1810 2069 Sic,
1829 2037 1946 2071 Cupiens
1961 2037 2112 2065 liberorum
2141 2041 2241 2068 Tacit-

1173 2073 1242 2099 Ann.
1258 2074 1298 2105 16,
1311 2074 1336 2099 6.
1408 2073 1522 2099 Terent.
1537 2073 1635 2104 Hecyr.
1651 2081 1671 2104 1,
1683 2081 1709 2104 2,
1722 2074 1758 2107 67
1784 2071 1845 2099 Nifi
1866 2073 1973 2108 cupiens
1992 2075 2042 2100 tui.
2117 2076 2240 2111 Nuptia-

1173 2117 1234 2135 rum
1247 2109 1356 2142 cupiens
1374 2108 1457 2136 Plaut.
1470 2108 1531 2136 Mil.
1546 2117 1575 2141 4,
1589 2117 1616 2141 4,
1632 2116 1671 2141 29.
1745 2108 1922 2142 Voluptatum
1933 2108 2029 2144 vulgus
2042 2111 2149 2144 cupiens
2174 2113 2234 2140 Ta-

1173 2145 1218 2171 cit.
1233 2145 1301 2171 Ann.
1315 2152 1356 2178 14,
1371 2153 1409 2179 ¹4·
1508 2144 1627 2170 Maxime
1647 2143 1772 2177 cupiens,
1791 2143 1844 2170 vid.
1862 2150 1978 2171 MAGis.
2049 2147 2142 2174 Tacit.
2162 2149 2242 2175 Anu—¹

1173 2186 1195 2212 1,
1207 2187 1239 2213 59
1258 2181 1296 2207 Vt
1309 2180 1463 2214 quibusque
1477 2178 1578 2205 bellum
1592 2179 1688 2216 inuitis
1699 2199 1707 2210 ‚
1727 2185 1772 2206 aut
1785 2179 1953 2219 cupientibus
1962 2186 2026 2208 erat.
2063 2184 2137 2218 ‚Quod
2147 2184 2234 2211 aul-io-

1170 2224 1212 2242 res
1224 2216 1317 2241 Graeci
1330 2214 1419 2241 dicunt
1431 2214 1580 2247 α’χθομένοις
1592 2217 1617 2245 ἠν
1627 2235 1635 2247 ,
1655 2222 1679 2241 et
1692 2212 1808 2248 ἡδομένοις
1821 2219 1854 2245 ἣν.
1889 2216 1934 2242 hoc
1948 2220 2012 2242 enim
2018 2217 2144 2252 fhrmonis
2154 2230 2234 2256 genus·

1170 2249 1205 2283 est
1217 2250 1270 2277 illis
1277 2256 1399 2285 perquam
1405 2250 1549 2287 familiare.
1587 2252 1644 2277 Hac
1656 2250 1685 2276 de
1698 2260 1724 2278 rc
1731 2250 1819 2287 fustus
1830 2251 1965 2278 Rhenanus
1977 2256 2004 2278 in
2016 2253 2109 2281 Tacit.
2120 2257 2187 2282 Ann.
2196 2265 2234 2289 15,

1170 2288 1212 2318 36.
1321 2287 1435 2322 Compar.
1466 2292 1511 2318 vt,
1532 2287 1698 2313 Dominandi
1712 2287 1782 2319 suis,
1802 2296 1881 2322 quam
1894 2287 2036 2323 subigendi
2051 2297 2173 2319 externos
2188 2302 2237 2318 cu-

1170 2321 1318 2357 pientiores
1336 2323 1400 2348 Aur.
1415 2322 1487 2349 Vici.
1501 2323 1574 2349 Caes.
1588 2331 1630 2356 24,
1646 2332 1671 2355 9.
1769 2324 1865 2359 Superl.
1887 2324 2117 2360 Sallust.111gurth.
2128 2333 2161 2360 84
2173 2329 2236 2355 Ma-

1167 2357 1224 2385 rius
1255 2358 1446 2392 cupientissima
1476 2357 1553 2393 plebe
1588 2359 1680 2385 consul
1709 2358 1794 2385 faetus
1815 2359 1860 2385 est.
1933 2360 2011 2395 Legis
2024 2362 2232 2397 cupientissimus

1167 2395 1271 2428 Fragm.
1286 2394 1387 2421 Sallust.
1402 2393 1473 2429 apud
1492 2394 1616 2421 Diomed.
2104 2416 2109 2426 s

1204 2435 1221 2456 C
1232 2437 1252 2457 v
1262 2437 1277 2456 P
1286 2437 1295 2456 1
1305 2437 1321 2456 E
1332 2436 1354 2456 N
1366 2437 1449 2458 TER.
1488 2430 1556 2457 Adu.
1591 2430 1676 2457 Plaut.
1691 2430 1782 2457 Pseud.
1796 2439 1824 2464 2,
1837 2440 1859 2464 3,
1872 2439 1902 2466 17
1937 2431 2015 2459 Stulti
2034 2432 2105 2461 haud
2124 2435 2237 2468 scimus,

1167 2465 1265 2492 frustra
1278 2472 1308 2493 vt
1319 2465 1415 2499 fimus,
1437 2475 1520 2502 quum
1535 2466 1609 2502 quod
1624 2467 1761 2501 cupienter
1774 2467 1834 2493 dari
1846 2468 1960 2502 petimus
1974 2469 2069 2503 nobis,
2083 2471 2154 2505 quali
2163 2472 2233 2506 quid

1168 2502 1198 2528 in
1210 2511 1268 2528 rem
1283 2502 1331 2534 fit,
1350 2502 1473 2537 pellimus
1486 2503 1604 2529 noscere.
1676 2504 1708 2529 Et
1722 2503 1822 2530 Ennius
1837 2504 1970 2531 Phoenice
1981 2506 2050 2542 apud
2065 2506 2188 2534 Nonium
2200 2516 2230 2540 2,

1170 2545 1214 2574 173
1237 2538 1336 2565 Stultus
1350 2539 1402 2570 est,
1422 2539 1470 2574 qui
1483 2538 1578 2574 cupida
1592 2538 1700 2573 cupiens
1713 2540 1850 2573 cupienter
1863 2540 1945 2574 cupit.

1204 2579 1221 2600 c
1231 2580 1253 2600 v
1260 2581 1275 2601 Ρ
1283 2582 1294 2601 1
1303 2581 1319 2601 F.
1328 2582 1351 2602 N
1358 2581 1380 2601 T
1391 2582 1431 2602 1A
1439 2595 1448 2608 ,
1463 2575 1585 2608 ἐπιθυμία
1600 2575 1679 2602 Gloss.
1688 2575 1746 2601 Lat.
1760 2576 1807 2602 Gr.

1203 2616 1276 2637 CVP
1286 2612 1300 2638 ι’
1308 2617 1329 2636 Τ
1339 2618 1361 2638 ν
1370 2616 1399 2643 s,
1420 2619 1451 2643 a,
1471 2620 1525 2637 um.
1561 2610 1656 2638 Partic.
1693 2611 1792 2638 Ennius
1804 2611 1872 2647 apud
1881 2612 1939 2639 Cic.
1951 2611 1984 2640 de
1998 2612 2117 2639 Diuinae.
2131 2622 2190 2648 1,41
2204 2623 2228 2641 c.

1169 2654 1205 2673 20
1224 2646 1283 2673 Nec
1295 2647 1349 2673 sese
1366 2646 1440 2674 dedit
1460 2647 1488 2673 in
1503 2646 1673 2681 conspeoum
1686 2647 1767 2674 corde
1779 2648 1892 2683 cupitus.
1989 2648 2071 2675 Ouid.
2084 2649 2150 2676 Fast.
2162 2659 2185 2684 3,
2198 2659 2230 2678 21

1166 2682 1239 2709 Mars
1253 2682 1329 2711 videt
1342 2682 1425 2716 hanc,
1445 2684 1583 2718 visamque
1596 2682 1684 2717 cupit,
1704 2683 1860 2718 potiturque
1872 2684 1971 2718 cupita.
2062 2685 2176 2719 Cupitus
2189 2692 2229 2712 at-

1168 2725 1220 2753 que
1233 2719 1396 2754 exspeti'tatus
1415 2719 1497 2746 Plaut.
1513 2720 1591 2746 Poen.
1606 2727 1630 2752 5,
1642 2728 1671 2752 4,
1684 2724 1722 2749 88.
1802 2720 1867 2747 Non
1880 2720 2058 2755 Agrippinae,
2078 2721 2122 2747 sed
2136 2722 2227 2749 Nero-

1167 2753 1198 2780 ni
1210 2755 1330 2790 cupitum
1344 2755 1373 2782 id
1386 2762 1518 2782 memorat
1539 2755 1607 2782 Tac.
1623 2756 1691 2782 Ann.
1707 2763 1747 2788 14,
1759 2764 1785 2782 2.
1882 2757 1945 2782 Dies
1958 2757 2062 2794 cupitus
2083 2757 2141 2783 Sen.
2158 2758 2226 2792 Hip—

1167 2789 1221 2823 pol.
1236 2795 1291 2826 837.
1363 2791 1471 2819 Florem
1486 2798 1593 2826 tangere
1608 2791 1700 2818 aetatis
1715 2792 1835 2826 cupitum
1854 2792 1959 2819 Lucrct.
1973 2801 1997 2825 3,
2011 2800 2069 2827 771.
2158 2796 2226 2820 Neu-

1167 2831 1235 2852 trum
1263 2827 1372 2863 absolute
1396 2835 1447 2864 pro
1479 2827 1614 2861 Defiderto.
1657 2827 1783 2854 Tandem
1797 2827 1860 2854 huic
1872 2829 1993 2863 cupitum
2007 2829 2122 2864 contigit
2139 2829 2224 2856 Plaut.

1167 2861 1247 2888 Poen.
1262 2870 1284 2895 ς,
1298 2872 1327 2896 4,
1339 2871 1384 2896 99.
1425 2863 1484 2889 Vid.
1499 2863 1589 2890 Aurei.
1605 2862 1677 2889 Vi&
1692 2864 1764 2890 Caes.
1780 2872 1819 2897 19,
1832 2873 1860 2897 4.
1895 2871 1919 2890 et
1932 2865 2084 2899 ApuLMet.
2098 2874 2111 2897 3
2125 2875 2150 2900 p.
2163 2875 2203 2899 91.

1204 2899 1401 2932 CVPiTOR,
1420 2899 1485 2927 oris.
1505 2909 1540 2925 m.
1579 2899 1672 2926 Tacit.
1691 2900 1759 2926 Ann.
1774 2908 1809 2933 15,
1822 2909 1855 2934 42
1886 2900 1978 2933 Nero,
1997 2906 2026 2927 vt
2037 2906 2093 2927 erat
2107 2901 2224 2928 incredi-

1167 2932 1266 2960 bilium
1278 2934 1392 2969 cupitor.
1501 2936 1644 2962 Amicitiae
1662 2936 1768 2970 cupitor
1788 2936 1865 2970 Apul.
1879 2936 1980 2962 Florid.
1993 2945 2006 2968 3
2021 2942 2099 2974 p.807
2118 2937 2153 2963 ed.
2165 2939 2222 2963 Flo-

1166 2968 1242 3010 '‘idi‘.
1313 3005 1318 3011 ¹
1338 2970 1431 2997 Tacit.
1444 2972 1512 2999 Ann.
1527 2980 1565 3004 12,
1578 2979 1596 3006 7
1611 2971 1709 3006 Neque
1723 2977 1812 2999 tamen
1824 2978 1944 3007 repertus
1958 2971 1996 2998 est
2008 2972 2057 2998 nili
2078 2982 2143 2999 vnus
2161 2973 2221 3002 talis

1163 3006 1332 3033 matrimonii
1352 3006 1467 3041 cupitor:

1201 3048 1218 3068 C
1231 3047 1252 3069 V
1263 3049 1279 3068 Ρ
1289 3041 1302 3069 ἱ
1312 3050 1332 3070 D
1342 3048 1403 3076 Vs,
1420 3052 1451 3076 a,
1472 3052 1526 3070 um.
1560 3042 1622 3069 Adi.
1659 3043 1674 3077 [
1681 3042 1823 3077 ἐπιθυμῶν]
1858 3043 1975 3070 Genitiuo
1989 3047 2111 3080 iungitur.
2149 3044 2218 3072 Ter.

1164 3078 1231 3104 Hec.
1245 3087 1269 3110 3,
1281 3087 1309 3111 3,
1330 3087 1355 3105 12
1375 3079 1437 3106 Eius
1450 3078 1563 3106 videndi
1581 3078 1700 3114 cupidus.
1808 3079 1928 3114 Cupidos
1944 3079 2090 3111 Moderatis
2104 3082 2219 3115 opponit

1163 3113 1220 3140 Cic.
1234 3123 1284 3149 pro
1298 3116 1374 3142 Font.
1387 3124 1430 3142 22.
1547 3115 1652 3142 Lucret.
1666 3123 1689 3147 3,
1702 3122 1716 3148 ς
1732 3114 1798 3141 Non
1810 3115 1849 3142 ita
1862 3116 1980 3142 certandi
1999 3115 2123 3150 cupidus,
2137 3126 2218 3151 quam

1161 3156 1272 3185 propter
1285 3159 1415 3178 amorem.
1518 3151 1618 3178 Damni
1630 3152 1672 3177 sui
1685 3151 1795 3185 cupidus
1816 3151 1871 3178 Cic.
1886 3152 1939 3177 Att.
1952 3160 1981 3185 4,
2020 3171 2026 3178 .
2065 3171 2071 3178 .
2158 3153 2216 3179 No-

1161 3186 1253 3213 vitatis
1275 3187 1406 3221 Qinffil.
1420 3195 1444 3220 3,
1458 3195 1481 3219 3.
1552 3188 1624 3214 Pacis
1645 3188 1713 3214 Hor.
1727 3187 1810 3213 Sernn
1823 3196 1929 3221 2‚1,44.
2036 3188 2129 3215 Homo
2144 3189 2216 3223 cupi-

1161 3221 1209 3249 dus
1222 3222 1402 3250 satisfaciendi
1414 3224 1491 3258 Reip.
1513 3223 1598 3250 Plane.
1612 3223 1669 3250 Cic.
1685 3224 1758 3250 Fam.
1774 3232 1813 3255 10,
1827 3228 1861 3252 ιε.
1955 3220 2110 3251 Studiorum
2131 3224 2215 3251 Ouid.

1511 3259 1568 3286 Cic.
1581 3261 1654 3286 Fam.
1670 3268 1716 3293 14,
1729 3269 1748 3292 4
1772 3258 1853 3292 Qiod
1869 3257 1971 3284 vtinam
1984 3259 2072 3286 minus
2086 3260 2157 3287 vitae
2170 3270 2214 3287 cu-

1482 3296 1596 3331 Compar.
1623 3295 1809 3322 Contentionis
1823 3293 1973 3327 cupidiores
1987 3295 2111 3322 Graeculi
2126 3295 2214 3322 homi-

1654 3330 1782 3358 Pecuniae
1797 3330 1922 3364 cupidior
1929 3339 2008 3365 quam
2015 3331 2087 3358 refte
2098 3330 2213 3357 faciendi

1182 1101 1267 1128 Calin.
1293 1110 1319 1133 2,
1342 1109 1365 1133 3,
1391 1108 1437 1133 49.

1160 3266 1192 3284 ex
1205 3259 1279 3285 Pont.
1295 3268 1315 3290 1,
1328 3267 1406 3293 5,·35.

1160 3294 1218 3328 pidi
1232 3295 1376 3322 finiremus.

1161 3338 1206 3356 nes
1225 3331 1283 3358 Cic.
1296 3331 1329 3357 de
1342 3332 1417 3358 Orat.
1432 3340 1451 3364 1,
1462 3338 1500 3366 47
1515 3341 1536 3358 c.
1552 3340 1583 3359 ιι.

1160 3365 1256 3393 Vellei.
1271 3376 1293 3399 2,
1306 3375 1353 3402 97,
1368 3376 1388 3394 1.
1496 3368 1592 3402 Supcrl.
1611 3366 1705 3394 Nostri
1718 3365 1896 3400 cupidiffimus
1915 3367 1971 3393 Cic.
1986 3366 2018 3393 de
2032 3368 2106 3394 Orat.
2121 3376 2147 3398 1,
2162 3369 2211 3399 104

1344 3401 1451 3428 Pecoris
1465 3402 1623 3436 cupidislimi
1636 3401 1745 3429 barbari
1760 3402 1833 3428 Caes.
1847 3401 1911 3428 Bell.
1927 3402 1994 3430 Gall.
2008 3412 2029 3436 1,
2042 3409 2076 3435 ις.
2137 3400 2212 3437 ,Quod

1157 3474 1269 3536 ἓῗιὲἒᾱέἓ
1281 3471 1573 3536 ἵῗςῖὲέὲξιῖἷέῧὲἕίήἱ
1589 3475 1761 3537 msa&
1768 3474 1795 3536 1⁶
1797 3473 1836 3536 ³1²?
1838 3483 1884 3536 ‘⁰5
1910 3473 2210 3541 &widiinl'nsffijss'ssff'

1157 3553 1190 3571 va
1215 3518 1352 3581 ponffmus,
1375 3518 1462 3581 quilius
1479 3545 1637 3572 attribuitur.
1719 3518 1947 3580 Amintgicupiii
1979 3543 2060 3570 Ouid.
2075 3544 2154 3578 Epist.
2169 3554 2208 3578 19,

1157 3582 1202 3616 67.
1272 3581 1315 3607 Sic
1325 3580 1393 3608 Ter.
1407 3580 1514 3608 Phorm.
1529 3589 1549 3614 1,
1561 3590 1584 3614 3,
1597 3583 1624 3608 6.
1731 3582 1801 3608 Ter.
1814 3583 1910 3609 Heaut.
1924 3589 1950 3612 2,
1963 3588 1986 3611 3,
2001 3581 2047 3605 126
2073 3580 2208 3615 cupidum

1157 3622 1187 3643 vt
1200 3616 1274 3642 illius
1287 3616 1406 3644 animum
1418 3617 1512 3651 inopia
1522 3617 1684 3644 incenderet.
1738 3618 1860 3644 Auaritia
1879 3615 1993 3642 Martial.
2009 3623 2042 3647 ιι,
2055 3622 2095 3648 59.
2148 3616 2205 3642 Cic.

1159 3652 1211 3679 Off.
1225 3660 1249 3684 3,
1263 3659 1294 3685 59
1314 3652 1386 3679 Emit
1406 3653 1498 3680 Homo
1520 3653 1631 3688 cupidus
1650 3660 1676 3680 et
1688 3653 1805 3688 locuples
1818 3651 1900 3684 tanti,
1925 3650 2018 3685 quanti
2037 3650 2145 3683 Pythius
2158 3661 2206 3678 vo-

1158 3687 1219 3715 luit.
1289 3688 1345 3714 Vos
1369 3687 1440 3723 signa
1463 3688 1598 3724 tubaeque
1622 3690 1661 3715 Ite
1681 3689 1790 3724 procul,
1809 3687 1910 3723 cupidis
1929 3685 2038 3712 vulnera
2051 3686 2125 3726 *ferte
2137 3687 2206 3714 viris

1157 3722 1268 3751 Tibull.
1281 3731 1302 3755 1,
1314 3731 1326 3749 1
1337 3731 1403 3750 extr.
1475 3724 1561 3752 Liuor
1579 3726 1697 3759 Propert.
1711 3734 1731 3757 ι,
1745 3730 1768 3756 s,
1779 3732 1822 3757 29.
1892 3723 1986 3748 Manus
2002 3721 2084 3748 Ouid.
2100 3723 2132 3749 de
2139 3724 2203 3750 Arte

1365 3787 1367 3789 ,
1391 3760 1468 3786 Mens
1487 3761 1569 3787 Ouid.
1583 3761 1663 3795 Epist.
1678 3763 1704 3793 6,
1720 3768 1759 3795 71.
1867 3755 1984 3791 Cupidus
2002 3765 2077 3784 enam
2098 3758 2202 3790 dicitur,

1765 3846 1771 3855 .
1787 3829 1854 3856 Idem
1870 3837 1920 3862 pro
1932 3827 2149 3856 Rosc.'c0moed.
2164 3836 2202 3863 47

1155 3866 1232 3893 Tum
1246 3865 1318 3891 enim
1330 3866 1439 3893 forsitan
1450 3867 1581 3902 improbis
1595 3868 1676 3895 nimis
1690 3865 1799 3900 cupidus
1812 3863 1965 3896 videretur,
1981 3864 2044 3899 qui,
2063 3874 2113 3899 qua
2126 3864 2157 3890 de
2170 3873 2200 3890 re

1154 3900 1234 3927 iudex
1247 3901 1350 3934 fuisset,
1368 3902 1440 3929 testis
1453 3905 1522 3930 effer.
1630 3901 1727 3928 Testes
1739 3899 1830 3936 cupidi
1849 3900 1905 3927 eie.
1920 3908 1970 3935 pro
1984 3901 2096 3929 Fonteio
2107 3908 2129 3926 11
2143 3909 2164 3925 c.
2172 3901 2197 3926 6.

199 3925 273 3955 Idem
286 3925 353 3955 ibid.
367 3934 394 3961 9,
406 3934 452 3962 733
470 3927 580 3958 Femina
595 3929 713 3958 femineo
726 3937 848 3967 correpta
859 3931 993 3968 Cupidine
1009 3933 1131 3974 nulluos
1152 3936 1227 3975 cons.
1240 3936 1331 3967 Burni.
1343 3937 1377 3966 ad
1389 3936 1499 3974 Quintil.
1513 3938 1586 3965 Deci.
1602 3946 1614 3967 1
1629 3947 1655 3974 p·
1666 3945 1690 3971 3·

1474 3975 1584 4008 8122.
2120 3969 2200 3998 'cv-
