2474 4182
270 155 337 201 583
686 145 913 187 BAL

306 244 322 264 B
330 244 351 264 A
359 245 376 264 L
386 245 395 264 1
405 245 418 265 S
427 245 448 265 Τ
457 246 478 265 Α
487 259 494 269 ,
511 240 555 265 seu
571 239 658 273 potius
677 243 693 263 Β
701 243 722 262 A
733 243 748 261 L
759 243 775 261 L
784 243 793 261 1
803 241 815 260 S
824 242 845 261 T
855 241 876 260 A
885 254 894 266 ,
921 242 959 260 ae.
982 233 1003 260 f.
1023 234 1141 261 limitare
1159 240 1318 262 tormentum,

270 281 315 309 quo
328 273 425 309 lapides
436 276 532 310 aliaque
551 276 600 300 tela
620 275 762 301 iaciuntur,
783 280 797 295 α
811 269 914 303 βάλλω,
926 269 1090 306 iaci0‚fer1'o.
1146 270 1206 295 Liu.
1222 277 1266 301 24,
1281 277 1317 300 40

269 310 434 344 catapultas,
456 310 580 340 ballistas,
596 313 778 340 tormentaque
793 306 856 337 alia,
881 314 949 340 quae
968 304 1157 340 oppugnandae
1171 304 1233 330 vrbi
1247 312 1318 329 coui-

270 352 359 379 parata
379 351 461 372 erant.
519 345 616 370 Afferes
638 342 733 376 pedum
746 342 806 374 xii,
822 341 974 376 cuspidibus
987 341 1107 376 praefixi,
1128 346 1206 374 atque
1222 339 1250 364 hi
1264 348 1318 365 iria-

1367 229 1407 264 sti
1428 239 1483 265 cap.
1505 239 1535 262 33
1569 232 1643 266 Aqua
1662 238 1688 259 et
1705 232 1762 267 igni
1780 231 1930 259 balneandi.

1809 143 1837 182 B
1900 143 1940 182 A
2005 142 2042 183 L
2345 136 2456 201 584.-

1398 270 1401 272 ‚
1554 269 1558 272 .
2002 232 2073 259 Hinc
2096 237 2177 259 tanim
2201 243 2261 271 quae
2280 220 2418 272 sequuntur
2472 235 2474 238 ⁴

1374 266 1490 292 videntur
1502 266 1625 298 (lerinam,
1644 268 1677 294 sc.
2442 290 2445 295 .

1411 309 1426 329 11
1435 310 1455 328 A
1465 309 1480 328 L
1490 309 1512 328 N
1521 309 1536 328 E
1546 303 1566 328 A
1574 309 1594 328 Τ
1605 300 1614 327 1
1624 309 1702 330 cvM
1711 323 1720 336 ,
1740 303 1759 329 i.
1778 312 1804 330 n.
1821 304 1939 330 Pretium
1952 302 2024 338 quod
2037 311 2088 337 pro
2101 302 2203 335 lotione
2214 305 2244 330 in
2254 305 2357 332 balneis
2367 307 2419 335 sol.v
2442 330 2446 333 .
2468 308 2471 316 ’

1375 339 1458 364 vitur.
1496 339 1547 364 Vet
1562 337 1640 363 Gloffi
1654 338 1850 372 Balneaticum,
1868 338 2010 371 βαλκνικόν.
2037 339 2096 365 Vet.
2111 337 2196 365 Schol.
2210 340 2326 367 quenal.
2346 341 2417 370 adil-
2431 360 2435 363 ‚
2464 336 2465 341 ¹

270 380 350 407 xlmis
364 381 472 407 haustis
485 379 549 406 miili
569 379 641 405 caes.
658 379 685 404 B.
700 379 729 404 c.
743 386 767 409 2,
783 386 808 403 2.
844 378 900 404 eie.
914 377 998 404 Ture.
1012 385 1037 409 2,
1051 386 1072 403 c.
1090 385 1125 409 24
1145 377 1179 401 vt
1193 374 1264 401 enim
1273 375 1316 401 ba·
1337 376 1351 403 ς
1374 374 1419 400 lud
1438 374 1488 400 Sat·
1503 382 1527 405 2,
1542 382 1572 406 52
1594 373 1652 399 Niss
1668 374 1715 408 qui
1727 375 1846 402 nondum
1858 384 1919 402 aere
1932 375 2070 407 lauantur,
2095 375 2114 400 τ’·
2132 374 2263 407 Infantes,
2281 377 2328 411 qui
2341 380 2416 412 pueri
2463 372 2466 377 ’

269 416 342 443 listae
356 417 472 451 lapidum
487 422 511 440 et
527 414 630 448 reliqua
643 420 775 440 tormenta
790 413 905 440 telorum
919 422 952 439 eo
965 413 1099 446 grauiores
1113 410 1259 437 einissiones
1274 410 1319 436 lia-

271 451 342 483 bent,
363 461 417 486 quo
431 452 487 476 sunt
502 456 624 476 contenta
635 456 714 484 atque
728 448 839 475 adduCta
852 449 1050 475 vehementius:
1070 447 1113 479 lic,
1127 454 1173 473 etc.
1211 447 1250 474 De
1264 445 1318 472 bal-

271 487 387 514 listarum
402 485 552 512 rationibus
570 485 623 512 vid.
644 486 797 517 Vitruu.10,
811 487 848 512 16.
870 492 893 511 et
907 486 999 518 Veget.
1019 492 1053 516 4,
1076 491 1118 509 22.
1139 489 1162 509 et
1182 482 1251 519 szJ:
1273 484 1318 508 Po-

269 525 340 550 liorc.
355 531 376 554 3.
398 520 466 548 Dial.
480 530 501 553 3.
539 521 616 556 Apud
630 521 763 548 Sisennam
775 520 822 547 lib.
837 531 864 555 4.
902 520 970 547 Hist.
985 519 1095 553 legimus
1114 518 1219 545 Balistas
1238 518 1319 544 talen-

1373 419 1427 436 non
1440 409 1500 435 daut
1513 409 1698 435 balneaticuni.

1411 452 1426 472 Β
1436 453 1457 472 A
1466 453 1482 471 L
1493 452 1513 485 iv
1526 452 1542 471 E
1552 446 1575 471 A
1584 451 1605 471 T
1615 450 1634 471 O
1643 451 1661 470 R
1671 463 1679 475 ‚
1697 445 1762 470 oris.
1787 446 1937 480 [βαλανεῦς,
1958 445 2110 482 λκτροχόος]
2134 445 2200 472 Com.
2220 454 2275 483 gen.
2295 447 2354 473 Iicet
2370 451 2417 482 (ve
2466 449 2474 469 Γ

1374 484 1412 507 ait
1431 482 1537 507 Seruius
1557 480 1590 506 ad
1621 481 1686 506 Aen.
1707 488 1749 511 12,
1766 484 1838 513 159.)
1872 483 2011 509 Petronius
2033 481 2200 516 vsiirpauerit
2231 482 2416 514 Balneatriceni

1377 518 1496 551 (Fragni.
1511 526 1535 551 p.
1550 518 1620 550 670)
1642 518 1746 542 Dicitur
1759 522 1848 548 autem,
1866 521 1912 553 qui
1926 528 2011 545 curam
2032 517 2105 545 habet
2124 516 2274 544 balnearum.
2316 518 2429 554 leian.⁴

272 559 358 588 tarius,
374 557 471 598 quibus
479 558 537 583 saxa
545 557 634 592 pondo
643 557 734 584 talenti
742 557 793 583 iaci
805 558 912 592 pofl‘ent.
939 563 964 582 et
977 554 1044 589 apud
1054 555 1198 586 Lucilium,
1212 554 1319 580 Balistas
1332 559 1362 578 10
1378 554 1405 579 in
1420 553 1436 579 l.
1453 562 1462 579 1
1487 553 1518 579 D.
1540 551 1674 586 Depofiti‚
1694 551 1722 577 Si
1735 551 1890 579 vestimenta
1908 553 2034 580 seruanda
2053 553 2202 580 balneatori
2216 553 2274 579 data
2286 555 2423 587 perierint}¹
2464 559 2466 563 '

270 600 439 620 centenarias.

272 638 291 660 i,
306 637 355 661 335.
403 629 544 663 Tortaque
565 638 611 664 per
624 628 745 655 tenebras
759 628 853 655 validis
866 627 960 655 balista
973 627 1077 653 lacertis
1097 626 1243 654 Multifidas
1251 627 1320 652 iacu-

272 665 323 691 lata
337 665 406 691 faces
433 665 529 691 Lucan.
541 673 567 696 2,
581 667 640 699 687.
683 665 721 691 ld.
735 667 791 699 464

427 700 522 735 Neque
542 701 614 727 enini
627 701 689 727 solis
703 700 803 726 excussa
818 699 920 726 lacertis

425 737 536 768 Lancea,
555 736 597 763 sed
612 737 686 762 tenso
697 735 815 763 ballistae
831 734 940 762 turbine
953 739 1038 769 rapta,

426 772 514 806 Haud,
527 782 610 799 vnum
623 778 746 798 contenta
760 772 826 798 latus
843 771 962 803 transire,
979 769 1108 804 quiescit:

427 807 474 835 Sed
490 808 603 843 pandens
617 817 716 842 perque
730 816 801 834 arma
814 807 887 834 viam
900 815 998 841 perque
1014 805 1079 834 offa,
1103 801 1195 829 relieia

285 872 291 875 ,
426 845 515 870 Morte
529 845 599 878 fugit
613 843 728 878 superest
740 844 795 870 telo
808 843 864 878 post
877 843 994 869 Vulnera
1012 840 1108 866 cursus.

271 878 368 905 comica
382 879 486 915 lasciuia
508 880 588 907 Plaut.
604 881 679 915 Capt.
695 889 722 913 4,
736 888 759 909 2,
775 881 802 905 16
825 880 895 905 Nam
908 876 1023 904 nicusest
1036 874 1138 901 ballista
1151 882 1263 908 pugnus,
1275 882 1320 899 cu-

494 593 567 619 Non.
583 598 617 625 ¹8,
632 602 674 619 22.
687 593 794 620 Phocais
808 592 919 618 effundit
936 592 1021 618 vastos
1028 590 1132 616 ballista
1144 590 1257 616 molares
1274 589 1319 616 Sil.

270 914 341 941 bitus
358 916 488 950 catapulta
502 916 538 942 est
551 915 625 942 mihi·
662 915 701 942 Id·
716 914 836 941 Bacchid-
849 925 875 948 4⁷
890 923 917 946 4,
931 918 958 943 38
978 912 1016 937 De
1030 910 1149 936 ducentis
1166 909 1254 935 numis
1265 909 1319 944 pri·
1328 917 1364 936 20
1374 911 1441 937 sono
1456 910 1512 945 ipso
1525 909 1607 936 vocis.
1625 910 1757 944 Qinelil.
1773 918 1822 943 i‚5,
1830 918 1862 944 72
1877 910 1993 937 Minime
2005 909 2083 937 nobis
2090 910 2204 937 concessa
2215 909 2251 936 est
2259 909 2370 943 δνομικτο
2382 928 2384 931 s
2396 915 2401 929 ³

270 960 344 977 inum
357 951 491 978 intendam
506 951 626 978 balistam
641 951 669 977 in
683 952 782 977 senem:
820 951 854 975 Ea
874 948 966 974 balista
985 946 1003 973 fi
1017 951 1171 981 pcruortain
1184 946 1280 972 turrim
1294 951 1320 972 et

270 988 465 1022 propugnacula
480 994 526 1014 etc.
564 989 615 1014 Hic
630 997 676 1012 mm
690 986 758 1012 modo
774 985 922 1015 machinam,
937 982 985 1018 scd
998 982 1078 1018 ipficm
1090 982 1164 1018 sorte
1184 982 1257 1007 telum
1278 991 1321 1007 ηο-

270 1029 317 1048 tat.
352 1024 422 1050 Certe
571 1021 592 1060 ff
613 1031 625 1048 3
647 1022 749 1053 Balista,
767 1028 814 1055 pro
832 1019 1016 1046 Tormentitelo
1024 1021 1131 1053 ponitur
1149 1017 1321 1044 Plaut.Poen.

273 1066 293 1091 1,
307 1067 325 1088 1.
342 1065 373 1093 73
393 1059 444 1085 Cui
459 1059 512 1085 iam
527 1058 670 1085 infortunii
688 1058 786 1083 intenta
800 1055 892 1081 balista
911 1054 948 1081 est
967 1053 1064 1089 probe,
1084 1061 1162 1088 quam
1184 1062 1234 1087 ego
1248 1053 1320 1080 haud

270 1094 356 1121 multo
364 1095 552 1129 postinittaiue
567 1093 711 1121 balistario.
748 1095 766 1118 i.
780 1101 791 1117 e
805 1091 935 1123 machina,
948 1092 1079 1126 quai-alim
1086 1089 1190 1116 ballista
1197 1088 1301 1116 dicitur.
1333 1094 1366 1122 25

308 1137 324 1157 B
333 1137 353 1157 A
364 1138 379 1157 1,
390 1138 397 1157 l
408 1138 420 1157 S
430 1138 450 1157 T
461 1138 482 1157 A
492 1138 508 1156 R
521 1139 528 1156 1
539 1137 587 1155 VM
599 1150 606 1161 ,
626 1129 643 1154 i.
666 1137 690 1154 11.
709 1127 777 1153 modo
791 1126 980 1153 ilcclarauimus.

308 1173 323 1193 Β
333 1173 353 1192 Α
362 1173 378 1192 1,
389 1174 395 1192 1
406 1174 447 1192 ST
456 1174 476 1192 A
485 1174 502 1192 R
514 1174 520 1191 1
532 1173 550 1191 v
560 1173 572 1190 s
582 1184 590 1196 ‚
611 1165 628 1189 i.
650 1173 684 1189 111.
716 1160 868 1196 Balzstarum
882 1161 989 1198 artifex.
1047 1161 1139 1187 Aurei.
1152 1160 1246 1188 Arcad.
1260 1161 1289 1187 in
1302 1160 1319 1187 1.

272 1201 357 1228 vltiin.
372 1203 403 1228 D.
417 1201 448 1227 de
461 1202 512 1227 iur.
527 1199 662 1226 iniinunit.
734 1201 784 1226 Pro
807 1198 985 1224 Funditoribus
1005 1196 1077 1224 habet
1100 1197 1170 1231 Lips.
1188 1198 1294 1223 Poliorc.
1310 1205 1322 1229 3

270 1239 339 1264 Dial.
356 1246 367 1269 3
390 1245 453 1263 extr.
488 1235 561 1272 Cous.
577 1237 667 1270 Veget.
680 1243 705 1263 3.
721 1244 736 1261 3
777 1234 924 1261 Ballistrari
942 1235 1010 1270 (leg.
1024 1232 1181 1264 ballistarii)
1203 1230 1324 1266 σφενδονῆ-

270 1284 312 1299 ται
332 1274 390 1300 Vet-
410 1273 488 1299 Glosl'.

271 1313 309 1336 tia
323 1309 426 1344 Imperii
437 1311 564 1343 utriusque:
578 1307 710 1333 Aniiiiiaii.
725 1309 764 1339 16,
777 1315 799 1332 2.

309 1350 523 1376 BALisrizA,
546 1343 859 1370 vid.13.ALLisTEA.

308 1380 470 1412 BALlTo,
490 1388 534 1412 as,
554 1378 608 1405 vid.
642 1385 757 1410 imm,
778 1387 812 1404 as.

307 1422 448 1443 BALivs
476 1415 572 1448 Color,
596 1414 650 1441 vid.
670 1421 686 1442 1³
698 1421 828 1441 Anivs.

309 1458 324 1478 B
334 1458 354 1478 A
365 1459 381 1478 L
392 1458 408 1477 L
417 1459 426 1478 1
436 1458 456 1478 o
465 1458 486 1477 Ν
494 1458 511 1478 Ε
520 1458 548 1478 s.
575 1452 704 1477 Dicuntur
717 1451 834 1481 Lenones,
846 1457 862 1475 a
874 1447 994 1475 Ballione
1013 1448 1131 1474 Plautino
1141 1447 1237 1479 lenone,
1256 1455 1320 1509 ung.
1336 1453 1364 1480 35
1376 1447 1481 1474 alienae
1502 1448 1638 1482 potentiae
1649 1449 1716 1476 vina
1729 1448 1818 1475 donat.
1851 1448 1921 1475 Add.
1938 1455 2025 1475 BELo.

1303 1492 1322 1509 ¹-

272 1486 362 1516 Pseud.
378 1495 399 1519 1,
414 1495 440 1519 2,
453 1495 492 1519 59.
530 1486 586 1513 Cic.
608 1495 657 1520 pro
671 1486 745 1512 Rosc.
760 1486 837 1512 Com.
851 1493 886 1510 20
910 1484 1060 1510 Ballionem
1073 1483 1150 1509 illuni
1163 1482 1283 1518 improbi

273 1532 351 1562 muna
362 1528 388 1548 et
401 1521 605 1557 periurissimum
621 1521 753 1548 lenonem.
793 1519 861 1548 Add.
878 1519 992 1554 Philipp.
1007 1529 1033 1552 2,
1047 1521 1072 1546 6.

310 1565 326 1585 Β
336 1565 380 1586 AL
388 1566 405 1585 L
416 1566 424 1584 1
433 1565 445 1584 S
455 1565 477 1585 Τ
486 1564 502 1584 E
511 1564 534 1584 A
556 1557 597 1583 vel
617 1563 633 1583 B
642 1564 663 1583 A
673 1564 689 1583 L
698 1563 714 1583 L
724 1564 735 1584 1
743 1564 755 1583 S
766 1563 787 1583 T
797 1564 806 1582 1
815 1563 846 1582 A.
873 1554 1010 1590 Vetjficulos
1019 1558 1087 1581 inter
1099 1554 1244 1590 saltandum
1263 1557 1323 1581 caui

268 1594 374 1630 solitos,
395 1600 468 1620 vocat
489 1600 512 1619 ec
533 1592 727 1620 saltatiunculas
746 1592 796 1628 ipse
826 1595 1010 1626 interpretatur
1023 1591 1129 1626 Vopisc.
1142 1590 1234 1618 Aurei.
1255 1600 1276 1617 c.
1295 1592 1322 1617 6.

274 1630 416 1666 Exemplum
426 1632 502 1666 ponit
572 1627 661 1660 Mille,
679 1627 770 1659 mille,
788 1627 878 1660 mille,
896 1627 970 1655 mille

574 1662 651 1689 Mille
672 1662 865 1690 decollauimiis

573 1699 646 1724 Vnus
656 1697 741 1724 homo
754 1698 839 1729 mille,
861 1697 937 1723 mille

575 1734 652 1761 Mille
672 1733 863 1760 decollauinius
880 1739 924 1758 etc.

272 1770 301 1799 Α
315 1771 389 1834 υςεὲιόο
408 1769 556 1809 βαλλίζειν,
592 1772 611 1795 i.
634 1769 740 1806 sultare,
759 1769 802 1795 hic
828 1767 945 1794 deriuant
966 1768 1141 1802 explicantque
1171 1766 1326 1803 casaubonus

274 1814 298 1834 et
366 1815 406 1833 ma
418 1814 464 1832 ius.

309 1849 380 1869 BAL
390 1808 435 1868 LJ6
446 1847 467 1866 T
476 1848 493 1868 Ε
502 1861 509 1872 ,
523 1849 557 1867 es.
575 1838 737 1875 [βαλλωτῆ]
768 1838 859 1865 Herba.
896 1836 962 1863 Plin.
977 1844 1021 1871 27,
1037 1841 1050 1866 8
1067 1842 1109 1871 pr.
1137 1836 1258 1862 Balloten
1271 1837 1325 1863 alio

273 1878 382 1905 nomine
397 1886 507 1912 porrum
520 1877 628 1911 nigrum
641 1876 738 1903 Graeci
753 1881 858 1907 vocant,
877 1873 990 1902 herbam
1003 1873 1176 1905 fruticosam,
1196 1871 1326 1906 angulosis

276 1913 396 1942 caulibus
408 1913 492 1947 nigris
510 1920 555 1939 etc.

313 1955 514 1980 BALLVCA,
531 1947 584 1974 vid.
611 1952 779 1974 BALVCA.

313 1991 521 2015 BALNEVM,
537 1983 556 2009 i.
577 1983 662 2017 11.[β

273 2020 408 2048 humidum
420 2026 498 2055 aquae
510 2017 605 2045 calidae
619 2024 643 2044 et
649 2016 769 2053 frigidae
783 2015 958 2052 disponuntur.
996 2015 1052 2041 Cic.
1071 2016 1144 2041 Fam.
1164 2023 1204 2047 14,
1220 2023 1251 2040 20
1277 2015 1326 2040 La-

275 2056 365 2088 brum,
380 2055 398 2082 si
413 2055 442 2081 in
452 2054 561 2081 balineo
573 2062 628 2080 non
641 2052 687 2085 est,
705 2057 734 2078 vt
746 2051 786 2079 fit.
839 2051 956 2077 Martial.
977 2058 1003 2082 3,
1023 2054 1056 2082 48
1078 2051 1242 2082 Cauponem,
1261 2049 1327 2075 lani-

277 2100 385 2127 umque,
403 2090 588 2125 balneunique.
644 2090 682 2115 De
692 2085 822 2120 lsruffura
835 2094 859 2113 et
876 2085 987 2122 aedificio
1006 2094 1036 2111 ac
1049 2083 1218 2119 compositione
1232 2084 1327 2109 balneo-

276 2137 341 2161 rum,
353 2126 410 2154 vide
425 2127 532 2154 Vitruu.
541 2133 563 2159 5,
578 2133 615 2151 10.
635 2133 703 2160 quem
716 2127 789 2150 iuuat
804 2126 886 2159 imago
898 2124 955 2148 ‹mti
972 2124 998 2147 ui
1016 2120 1111 2152 balnei,
1132 2122 1240 2155 repetita
1250 2128 1266 2145 a
1282 2119 1326 2145 Fa-

275 2165 354 2190 bricio
365 2162 399 2189 tid
411 2162 479 2190 Sext.
493 2163 587 2202 Empir.
600 2169 624 2194 p.
640 2168 680 2192 30.
716 2158 786 2186 Add.
800 2158 895 2185 Pallad.
909 2159 940 2184 R.

277 2199 318 2226 dii
331 2197 431 2225 Etrusci
447 2200 517 2223 canit
533 2198 595 2223 btat.
610 2195 674 2222 Silii.
690 2203 710 2226 1,
724 2203 747 2227 5.
766 2201 789 2221 et
801 2193 918 2221 Mai-tial.
935 2195 959 2223 6,
973 2201 1014 2226 42.
1070 2191 1215 2218 Ambulare
1229 2191 1257 2216 in
1271 2189 1326 2216 bal-

277 2243 358 2262 neum
376 2234 433 2259 Cic.
448 2233 501 2259 Att.
517 2240 551 2264 13,
566 2239 602 2264 52.
637 2231 739 2257 Ducere
752 2229 870 2265 aliquem
895 2238 926 2255 ex
947 2228 1043 2255 balneo
1066 2227 1104 2253 Id.
1124 2236 1174 2262 pro
1192 2226 1281 2252 Deiot.
1298 2233 1327 2260 17

277 2281 299 2298 c.
314 2272 339 2297 6.
375 2269 477 2295 Ducere
496 2267 525 2294 in
541 2266 665 2293 balneum
677 2265 696 2292 l.
710 2265 804 2292 balnea
817 2264 937 2291 Scribon.
951 2273 994 2290 20.
1030 2263 1154 2297 Experiri
1174 2262 1241 2288 Cels.
1258 2270 1280 2293 3,
1294 2268 1327 2293 15.

278 2305 397 2334 Laudare
410 2304 505 2331 balnea
525 2303 594 2329 Hor.
604 2301 684 2337 Epist.
703 2310 723 2333 1,
737 2310 770 2333 11,
787 2309 821 2333 13.
856 2301 959 2326 Mutare
967 2299 1040 2325 Idem
1049 2297 1116 2324 ibid.
1134 2307 1154 2329 1,
1168 2306 1211 2330 92.
1248 2298 1328 2331 Opta-

278 2351 307 2370 re
327 2341 401 2368 Idem
414 2339 482 2367 ibid.
498 2347 539 2372 14,
555 2346 589 2372 15.

279 2383 336 2412 298.
371 2375 536 2404 Praeferuidi
548 2373 637 2401 balnei
650 2382 749 2408 vapore
763 2372 868 2398 enecari
879 2372 949 2398 Tac.
963 2371 1030 2397 Anii.
1049 2379 1088 2403 14,
1112 2371 1158 2402 64,
1173 2377 1195 2402 3.
1232 2368 1329 2395 Balnea

278 2419 335 2440 tuta
356 2412 438 2439 Ouid.
452 2411 484 2438 de
498 2412 561 2438 Arte
575 2411 632 2436 Am.
645 2418 668 2442 3,
682 2411 746 2442 640.
786 2407 893 2435 Fallitur
911 2408 1011 2437 Varro,
1028 2415 1081 2432 cum
1094 2406 1209 2441 plurium
1230 2411 1330 2431 numero

281 2449 374 2476 Balnea
388 2448 439 2475 dici
451 2453 536 2483 negat,
556 2446 589 2474 de
602 2446 632 2473 L.
647 2446 677 2472 L.
693 2453 721 2480 7,
735 2452 766 2477 25
783 2453 808 2479 p.
821 2452 863 2477 93,
877 2450 913 2476 35.
951 2441 1010 2476 Nisi
1019 2441 1112 2468 demum
1121 2438 1178 2478 post
1190 2439 1260 2467 illum
1274 2439 1331 2467 Bal-

281 2494 329 2512 nea
342 2486 460 2520 placuere
477 2485 570 2518 Poetis.

317 2520 516 2552 BALNEAE',
534 2527 619 2545 arum.

279 2556 400 2592 caesum,
417 2564 489 2590 quam
497 2557 624 2590 priuatae.

281 2592 352 2620 Cael.
367 2594 401 2617 62
419 2590 519 2617 Mulier
531 2589 667 2624 ingeniosa
679 2587 805 2614 constitui
819 2587 908 2613 locum
921 2585 990 2612 iuss'it
1003 2585 1108 2612 balneas
1127 2584 1233 2617 Senias,
1256 2590 1285 2610 vt
1295 2591 1329 2610 eo

281 2628 399 2654 mitteret
412 2625 521 2657 amicos,
540 2625 587 2660 qui
601 2624 792 2650 delitescerent.
829 2624 861 2649 Et
872 2632 928 2649 mox
942 2623 997 2649 Cur
1009 2621 1083 2647 eniin
1090 2620 1195 2647 balneas
1209 2619 1329 2654 publicas

282 2662 440 2699 potissimum
454 2660 635 2692 constituerat,
649 2659 781 2694 inquibus
792 2668 847 2685 non
860 2658 981 2691 inuenio,
989 2666 1056 2693 quae
1069 2656 1170 2683 latebra
1177 2655 1273 2691 togatis
1281 2654 1329 2682 ho-

283 2699 400 2726 minibus
413 2697 462 2723 ess'e
477 2695 559 2731 possit.
595 2696 667 2722 Nam
680 2694 698 2720 11
711 2695 789 2720 essent
806 2694 835 2720 in
855 2693 988 2721 vestibulo
1009 2692 1163 2720 balnearum
1171 2699 1216 2719 etc.

282 2743 345 2762 neae
357 2733 488 2761 Palatinae
503 2732 560 2758 Cic.
575 2740 623 2766 pro
635 2731 710 2757 Rosc.
724 2731 813 2756 Amer.
827 2734 861 2760 18-
915 2729 1016 2756 Viriles
1033 2729 1102 2756 Gell.
1124 2738 1162 2761 10,
1177 2736 1198 2760 3.
1243 2727 1329 2754 Femi-

282 2779 378 2798 narum
391 2770 496 2803 Lampr.
510 2767 584 2794 Alex.
600 2767 689 2793 Seuer.
705 2774 759 2800 cap.
773 2774 813 2798 33.
847 2764 922 2802 Conf.
944 2765 1068 2792 Nonium
1079 2774 1102 2798 3,
1117 2774 1161 2799 24.
1208 2764 1330 2798 Perpota-

237 2821 239 2825 r
283 2816 311 2836 re
327 2807 355 2833 in
367 2805 469 2832 balneis
489 2802 599 2837 Qun&
623 2811 643 2835 i,
663 2804 690 2834 6,
702 2810 749 2835 44.

318 2849 333 2870 B
342 2849 364 2870 A
373 2849 390 2868 L
398 2847 445 2869 NE
455 2839 475 2867 ό
483 2847 500 2866 L
509 2846 530 2866 v
540 2845 565 2865 M
574 2858 583 2871 ,
602 2838 620 2864 i.
639 2846 666 2864 n.
683 2837 785 2864 Dimin.
805 2837 817 2871 [
823 2834 978 2870 βαλανίδων]
999 2837 1091 2864 quen.
1106 2836 1157 2863 Sat.
1174 2842 1202 2870 7,
1215 2843 1235 2868 4

460 2889 506 2895 —
521 2883 603 2910 quum
617 2873 670 2900 iam
685 2872 810 2904 celebres,
823 2872 945 2907 notique*
955 2873 1050 2899 Po'e‘tae

391 2911 549 2939 Balneoluni
563 2909 667 2942 Gabiis,
683 2909 784 2935 Romae
795 2907 942 2934 conducere
954 2908 1049 2934 furnos

389 2948 550 2974 Tentarent.
601 2956 604 2962 ·
719 2944 775 2971 Cic.
796 2943 824 2969 iii
850 2943 992 2970 Hortenlio
1015 2941 1084 2979 apud
1100 2942 1225 2969 Nonium
1244 2950 1274 2975 3,
1295 2950 1331 2975 24

284 2984 387 3012 Primus
403 2983 526 3010 balneola
541 2979 683 3016 suspendit.
719 2979 798 3015 Apud
811 2980 898 3006 Nizol.
911 2985 934 3005 et
948 2980 1047 3006 Gruter.
1061 2978 1127 3015 sem.
1145 2987 1201 3015 gen.
1221 2978 1331 3005 Balneo-

284 3021 321 3049 las
332 3021 447 3056 legimus.
481 3017 531 3046 Sed
541 3017 649 3044 Nonius
661 3015 751 3052 diserte
766 3016 862 3042 Neutro
873 3013 942 3050 vsum
955 3017 1001 3040 ait.

685 2552 744 2579 Vid.
763 2553 832 2578 locus
848 2552 976 2577 Varronis
988 2549 1018 2575 de
1031 2549 1149 2576 Balineo.

411 3091 467 3118 Cic.
481 3091 535 3117 Att.
551 3097 586 3121 13,
599 3097 633 3121 39
649 3086 736 3114 Video
749 3085 819 3114 nihil
831 3093 876 3113 aut
907 3093 971 3112 auca
981 3090 1090 3111 mutata.
1144 3085 1281 3112 Balnearia
1295 3091 1331 3111 ta-

285 3101 362 3118 ileum.

287 3136 347 3154 men
362 3126 450 3153 laudat
463 3125 581 3153 maiora:
599 3123 632 3150 de
645 3122 797 3150 minoribus
810 3122 848 3149 ait
860 3121 890 3149 111
910 3129 972 3148 erna
990 3119 1060 3147 effici
1078 3121 1155 3154 posse.
1198 3121 1331 3147 Columel.

286 3171 306 3195 1,
320 3165 346 3194 6,
358 3170 374 3188 2
393 3161 529 3189 Balnearia
542 3159 675 3187 occidenti
692 3158 794 3185 aestiuo
807 3157 988 3189 aduertantiir,
1006 3161 1035 3182 vt
1048 3155 1097 3183 sint
1111 3155 1167 3190 post
1179 3156 1331 3190 meridiem,

286 3204 313 3224 et
325 3206 408 3232 vsque
421 3197 450 3224 in
461 3198 601 3232 vesperum
613 3194 733 3222 illustria.
776 3194 882 3222 Videtur
894 3199 975 3220 autem
989 3191 1117 3218 Columella
1129 3191 1267 3228 intelligere
1287 3202 1331 3219 cu-

286 3233 383 3260 bicula.
434 3232 507 3259 Adde
520 3233 578 3259 Sen.
591 3231 654 3258 Nat.
675 3229 783 3264 Qiaest.
807 3238 830 3262 3,
844 3237 888 3264 24.

285 3269 390 3297 Fornax
404 3267 602 3295 balneariorum
617 3266 737 3294 Scribon.
757 3267 800 3293 60.

322 3311 337 3332 Β
346 3310 367 3331 A
377 3311 394 3330 L
403 3310 424 3329 N
434 3310 450 3330 E
459 3310 480 3330 A
490 3310 509 3329 R
518 3311 526 3330 1
536 3311 556 3330 v
565 3311 587 3330 s.
606 3302 669 3331 Adi.
716 3301 789 3338 Quod
803 3300 837 3327 ad
845 3299 932 3326 balnea
961 3301 1053 3325 ertinet
1100 3298 1205 3332 leian.
1229 3299 1245 3326 l.
1273 3308 1282 3326 1
1298 3300 1330 3326 D.

287 3339 319 3367 de
332 3338 415 3366 fui-ib.
433 3338 548 3365 balnear.
562 3339 642 3366 Fures
655 3337 807 3365 balnearios
820 3341 894 3363 extra
907 3344 939 3362 or
959 3335 1030 3361 inem
1044 3334 1092 3361 ess‘c
1106 3335 1260 3369 puniendos.
1278 3335 1303 3362 h.
1312 3345 1330 3362 e.

304 3378 330 3402 ui
341 3374 470 3402 inbalneis
482 3373 623 3410 versantur,
638 3381 661 3402 et
673 3383 765 3406 eorum,
793 3375 820 3399 ui
831 3373 941 3398 lanatum
949 3376 1015 3400 eunt,
1027 3367 1332 3407 velh'nierztafiirp·1p1‘unt,

310 3410 374 3438 31111.
389 3419 431 3444 34,
444 3418 453 3436 1
487 3410 512 3436 O
525 3409 616 3436 surum
628 3410 729 3445 optime
740 3409 775 3436 ba
786 3407 940 3435 neariorum
977 3405 1094 3433 Vibenni
1109 3411 1190 3440 pater.

286 3447 351 3474 m'odi
364 3453 445 3474 autem
459 3444 537 3482 furer
546 3451 623 3472 morte
640 3444 834 3472 mulffabamur.
876 3441 934 3470 Vid.
953 3439 1062 3475 Aristar.
1084 3439 1147 3468 Scfft.
1169 3449 1210 3474 29.
1248 3443 1331 3469 Probl.

289 3491 326 3517 ¹4·
347 3489 371 3509 et
391 3479 488 3509 Viffor.
511 3481 587 3507 Varr.
600 3478 669 3507 Lei-7.
689 3489 716 3515 7,
725 3488 760 3516 17.
816 3478 921 3506 Paullus
933 3477 962 3504 in
976 3477 994 3503 l.
1013 3477 1062 3504 vlt.
1077 3477 1109 3504 D.
1123 3476 1155 3503 de
1178 3477 1260 3504 furib.
1275 3478 1331 3504 bal-

288 3526 358 3545 near.
395 3516 474 3544 Miles
485 3516 531 3551 qui
547 3515 576 3541 in
590 3515 663 3542 furto
677 3516 814 3543 balneario
828 3513 1003 3550 deprehensus
1022 3512 1073 3543 est,
1096 3512 1244 3547 ignominia
1258 3514 1332 3540 mitti

287 3554 375 3581 debet.
412 3552 450 3580 Id.
466 3552 494 3578 in
506 3551 524 3578 1.
537 3550 650 3578 Pictoris
664 3558 701 3586 17.
720 3553 752 3578 D.
767 3552 799 3578 de
813 3550 887 3578 fund.
902 3548 1020 3577 instruet.
1039 3547 1215 3578 Inssruinento
1229 3549 1332 3576 balnea.

288 3589 331 3615 rio
349 3589 444 3623 legato,
458 3586 558 3615 1116111111
572 3586 607 3612 est
622 3585 801 3614 balneatorem
815 3587 848 3614 sic
862 3585 1007 3618 contineri,
1024 3583 1162 3620 quomodo
1175 3584 1332 3612 insti-umen-
1341 3601 1375 3628 95
1385 3592 1445 3619 vius
1460 3591 1495 3618 ad
1505 3590 1570 3618 fund
1588 3589 1664 3624 Virg‚
1684 3589 1750 3617 Aen,
1768 3597 1790 3623 ς,
1808 3597 1850 3622 312

288 3631 316 3651 to
330 3624 408 3651 fundi
422 3622 585 3651 saltuarium.

327 3665 342 3686 Β
352 3666 372 3686 A
382 3665 510 3687 LNEAR
519 3665 528 3685 1
538 3665 568 3689 s,
587 3666 610 3684 e.
630 3656 712 3683 Aliud
730 3656 789 3683 Adi.
812 3663 857 3687 vt,
882 3655 1008 3684 Balneare
1021 3660 1157 3690 argentum
1166 3674 1174 3686 ‚
1197 3654 1210 3687 [
1217 3657 1331 3685 βαλανει-

289 3693 328 3720 κᾶν
351 3694 480 3731 ἀργύριον]
493 3695 566 3728 Qio,
579 3692 626 3728 qui
643 3693 670 3718 in
683 3691 778 3719 balneo
789 3692 920 3725 lauabant,
934 3691 1083 3719 vtebantur.
1126 3689 1251 3716 Scaeuola
1268 3691 1295 3717 in
1311 3691 1328 3718 1.

290 3730 337 3756 vlt.
351 3727 406 3766 §.1
425 3731 456 3756 D.
471 3729 502 3757 de
515 3738 569 3756 aur.
584 3734 609 3755 et
623 3736 678 3763 arg.
696 3728 865 3762 Semproniae
879 3728 1003 3755 dominae
1015 3734 1089 3754 meae
1103 3725 1152 3752 hoc
1165 3725 1276 3759 amplius
1289 3735 1330 3753 ar-

290 3772 398 3799 gentum
411 3765 547 3792 balneare:
565 3763 711 3799 quaesitum
722 3762 769 3795 est,
781 3771 815 3790 an
826 3763 905 3789 etiam
915 3764 942 3790 id
949 3769 1097 3799 argentum,
1113 3769 1168 3797 quo
1188 3760 1282 3787 dicbus
1293 3763 1438 3797 f‘uooteni
1451 3768 1557 3804 gerebat
1574 3768 1652 3804 Apul,
1667 3768 1731 3795 Met.
1746 3775 1769 3794 n
1805 3785 1812 3792 ,
1826 3767 1887 3792 250,
1921 3764 1972 3792 1113
1986 3765 2077 3792 subter
2088 3775 2149 3793 mm
2161 3766 2259 3793 vulnus
2273 3763 2319 3793 ιη.
2330 3777 2348 3797 ,Δ
2373 3771 2376 3774 <
2392 3760 2394 3764 ’

291 3800 335 3827 stis
348 3800 377 3826 in
389 3799 492 3827 balinea
506 3802 546 3828 vti
560 3799 707 3831 consueuit,
727 3798 813 3833 legato
827 3798 908 3826 cedat.
945 3800 986 3826 Sic
999 3799 1097 3826 Vrceus
1117 3796 1248 3826 balnearis
1257 3816 1265 3828 ‚
1285 3797 1330 3823 So-

290 3835 356 3862 lium
368 3835 501 3867 balneare,
517 3844 547 3862 vt
560 3835 694 3863 Charisius
701 3834 811 3870 obstruat
824 3833 871 3860 lib.
890 3843 897 3860 1
913 3843 936 3868 p.
953 3843 991 3868 59.
1027 3831 1247 3862 Vestisbalnearis
1256 3832 1330 3859 Lani-

323 3871 357 3898 id.
371 3870 445 3896 Alex.
459 3871 516 3898 Seu.
529 3881 550 3897 c.
571 3881 612 3904 4²·
657 3870 811 3903 Balnearia,
830 3869 950 3896 absolute
973 3870 1051 3906 Apul.
1071 3869 1136 3897 Met.
1153 3877 1175 3901 3.
1198 3867 1330 3895 Milonem

292 3907 357 3934 iuffit
370 3915 430 3932 cum
444 3905 610 3933 balnearibus
624 3906 730 3941 assequi.

326 3949 342 3969 Β
358 3949 378 3969 A
393 3949 408 3968 L
424 3948 444 3968 N
460 3947 476 3968 Ε
493 3948 528 3974 O,
547 3945 598 3968 ire.
636 3942 790 3972 Barbarum,
815 3949 860 3976 quo
879 3940 938 3977 vfiu
958 3940 1101 3969 Scribonius
1127 3938 1155 3966 de
1179 3936 1242 3973 Paff.
1256 3938 1328 3966 Chri-
1337 3947 1450 3982 ¹05fimt,

555 1273 624 1297 Hinc
645 1271 776 1297 Balistarii
798 1272 923 1297 Numerus
935 1276 959 1296 et
971 1269 1031 1296 ordo
1043 1270 1174 1299 militaris,
1198 1272 1225 1294 in
1245 1270 1322 1296 Noti·
1335 1277 1368 1301 30
1379 1266 1468 1293 balant
1481 1268 1609 1302 Spartiau.
1629 1269 1687 1295 Get.
1701 1278 1721 1295 c.
1735 1277 1757 1302 5.
1794 1269 1863 1296 Add.
1875 1269 1957 1295 Plaut.
1971 1268 2065 1295 Bacch.
2079 1275 2101 1301 5,
2110 1277 2136 1301 2,
2150 1276 2194 1295 20.
2228 1267 2330 1302 Balare,

1333 1632 1371 1658 40
1381 1627 1441 1658 mit,
1460 1636 1543 1662 quum
1556 1632 1620 1654 eunt
1634 1636 1680 1653 eae
1693 1627 1727 1653 sic
1740 1636 1755 1654 a
1770 1633 1834 1662 pecu
1847 1627 1997 1654 balitantes.
2034 1626 2081 1655 Sed
2093 1625 2194 1663 quidam
2207 1626 2355 1661 palitantes,
2372 1638 2377 1647 a
2388 1629 2421 1654 '171

1334 1814 1369 1840 43
1381 1810 1430 1831 aet.
1445 1811 1531 1845 quart.
1551 1803 1574 1841 §.
1591 1813 1628 1837 19.
1664 1805 1707 1830 An
1713 1804 1776 1840 sunt
1790 1803 1918 1839 infruniti
1933 1811 1956 1829 et
1963 1806 2108 1839 petulantes
2119 1807 2256 1832 clamores?

664 1982 785 2011 αλκνέἰον,
804 1980 912 2016 >az-gub]
933 1981 1012 2006 Locus
1022 1982 1051 2006 in
1065 1978 1185 2011 domibur,
1197 1981 1224 2005 in
1239 1987 1286 2014 quq
1294 1978 1328 2004 ad
1337 1989 1369 2016 50
1380 1988 1441 2009 cent
1453 1981 1572 2008 balatum
1586 1982 1647 2015 agni
1666 1981 1741 2015 Virg.
1755 1981 1820 2007 Aen.
1837 1988 1864 2014 9,
1878 1982 1918 2007 62.

981 2177 987 2183 .
1002 2165 1020 2188 1,
1033 2165 1078 2190 40.
1114 2155 1240 2182 Balneum
1249 2154 1326 2181 Clau·
1338 2165 1368 2192 55
1382 2155 1415 2190 est
1429 2156 1496 2193 quod
1508 2157 1708 2192 Bmlstbemem

643 2338 764 2364 Tentare
772 2336 839 2362 Cels.
858 2344 881 2368 3,
902 2343 935 2368 15.
954 2335 1046 2361 Vitare
1053 2335 1120 2360 Hor·
1135 2334 1199 2359 Arte
1213 2333 1285 2359 Ρθὲῒ-
1301 2341 1327 2358 V·
1337 2340 1373 2365 60
1383 2335 1525 2368 adhibeas,
1545 2340 1643 2372 pauent
1661 2343 1746 2361 venae
1767 2335 1852 2367 (Plin.
1865 2335 1882 2362 1.
1897 2344 1918 2360 c.
1926 2334 1999 2361 ferro
2014 2333 2086 2361 laedi
2096 2333 2192 2361 vitalia
2205 2334 2281 2367 odit)
2300 2335 2352 2362 fra·

646 2518 660 2552 [
666 2513 855 2549 dnssaeoCoeMvHov
863 2511 1092 2554 ]Idemfigwfficat‚
1103 2512 1151 2549 fid
1157 2515 1238 2553 magii:
1246 2510 1330 2547 publi·
1338 2524 1371 2556 6).
1383 2523 1416 2541 ex
1430 2513 1536 2542 arbore,

1206 2549 1264 2575 Cic·
1279 2556 1329 2582 pro
1383 2550 1416 2578 de
1428 2551 1509 2578 Succo
1521 2549 1627 2577 arboris
1639 2549 1746 2576 dicitur.

1273 2691 1371 2735 Bal-70

1342 2873 1449 2912 75Plin.
1470 2882 1516 2906 23,
1546 2881 1575 2908 4.

628 3052 633 3057 ,
998 3052 1002 3056 ,
1377 3016 1417 3053 stc
1428 3017 1575 3053 appellatum
1587 3016 1655 3053 apud
1667 3015 1732 3043 Plin.
1744 3023 1785 3048 23,
1800 3023 1827 3048 4.
2339 3027 2362 3048 .·

319 3062 336 3083 B
345 3063 366 3083 Α
374 3061 445 3083 LNE
454 3061 476 3081 A
485 3061 505 3081 R
515 3061 525 3080 1
533 3060 555 3080 V
563 3059 586 3079 Μ
597 3072 605 3086 ,
626 3062 645 3079 ¹·
664 3061 690 3078 ¹¹·
710 3051 877 3085 [βαλανὲἷῡν]
897 3051 962 3078 Pars
974 3049 1061 3081 vlllffl’»
1087 3049 1203 3080 videtur,
1216 3049 1260 3076 vbi
1279 3049 1331 3076 bal.
1341 3060 1374 3086 80
1421 3060 1437 3081 Β
1445 3061 1467 3081 Α
1476 3061 1492 3080 L
1503 3061 1524 3080 ‘r
1533 3060 1549 3080 E
1558 3059 1580 3080 ν
1589 3061 1602 3080 s
1610 3073 1619 3086 ,
1639 3057 1663 3079 et
1682 3058 1727 3079 BA
1736 3058 1752 3077 L
1760 3057 1807 3078 TE
1815 3058 1836 3077 v
1844 3057 1870 3077 M
1889 3049 2010 3077 dicimus:
2044 3050 2107 3076 licet
2118 3047 2195 3111 ἰηὶβη
2230 3049 2282 3076 lari
2298 3056 2341 3075 ma

1377 3124 1419 3160 ste
1431 3127 1508 3152 Varr.
1521 3125 1554 3152 de
1566 3125 1597 3152 L.
1613 3125 1643 3151 L.
1655 3132 1684 3158 4,
1696 3131 1732 3156 24
1751 3122 1869 3150 Balteum
1881 3122 2028 3157 Cingulum
2041 3131 2055 3148 e
2067 3121 2144 3148 corio
2161 3093 2292 3148 bullatum
2305 3123 2349 3153 int

942 3227 998 3256 Cic·
1011 3227 1044 3254 ad
1064 3229 1100 3261 Q
1120 3228 1203 3254 Fratr.
1217 3236 1241 3261 3,
1255 3237 1264 3254 1
1275 3237 1296 3255 C·
1309 3237 1329 3255 1·
1343 3243 1372 3272 85
1385 3232 1519 3261 Charisnis
1531 3232 1579 3259 lib.
1594 3241 1603 3259 1
1623 3242 1650 3267 p.
1671 3239 1702 3265 59
1723 3230 1824 3267 putsch.
1843 3230 1947 3258 Balteus
1960 3229 2106 3258 masculino
2119 3237 2215 3265 genere
2248 3237 2277 3255 er
2294 3236 2309 3255 e
2321 3225 2361 3255 di

1239 3408 1435 3451 Huius-9011nj
1446 3413 1482 3439 est
1495 3418 1598 3439 1311111111
1616 3410 1727 3446 generis.
1764 3409 2062 3445 Neinesian.Cyneg.92
2082 3408 2268 3443 Corrugcsque
2283 3406 2351 3434 sinu'

1376 589 1434 615 Cic.
1448 597 1498 623 pro
1513 587 1584 614 Cael.
1598 589 1632 613 62
1651 587 1754 613 Mulier
1764 593 1866 622 potens,
1905 589 2072 616 uadrantaria
2085 589 2133 617 illa
2154 589 2347 624 permutatione
2380 590 2418 620 fa.v
2468 600 2474 621 ι,

1376 623 1489 664 niiliaris
1503 623 1572 649 facia
1585 629 1641 649 erat
1657 622 1815 650 balneatori.
1858 597 1926 650 Agd.
1945 625 2000 651 Cic.
2015 625 2082 652 Phil.
2099 633 2122 657 13
2136 634 2157 650 c.
2173 633 2210 650 12.
2253 624 2318 651 Plin.
2334 609 2369 658 ιε’,
2383 619 2419 663 ¹7:
2461 619 2474 650 ,ἰ

1375 659 1510 694 Laniprid.
1524 658 1675 686 Commodo
1690 667 1744 693 cap.
1761 668 1780 685 1.
1834 659 1916 687 Plaut.
1929 660 2009 687 Poen.
2022 670 2046 694 3,
2060 670 2083 694 3,
2095 669 2140 694 90.
2195 661 2301 688 Petron.
2315 666 2369 695 cap.
2381 669 2418 696 52.
2458 651 2474 670 '³⁸

1383 695 1441 722 Vici.
1463 696 1568 730 Pignor.
1582 694 1615 720 de
1628 695 1701 721 Seru.
1716 704 1740 729 p.
1755 699 1796 725 80.
2412 711 2415 716 -

1335 733 1360 758 15
1412 738 1426 757 13
1434 738 1456 757 A
1467 738 1482 757 L
1492 739 1513 757 N
1521 738 1537 757 E
1546 738 1567 757 A
1576 738 1597 757 ‘r
1607 737 1626 757 o
1635 738 1654 757 R
1665 738 1673 757 1
1684 736 1704 758 v
1717 738 1730 757 s
1740 750 1748 763 ,
1769 739 1783 757 a
1792 751 1802 763 ,
1822 739 1878 757 um.
1917 731 1983 758 Idem
1990 732 2056 768 quod
2062 733 2203 760 Balnearis.
2241 732 2283 759 Sic
2299 731 2423 762 Martiam·
2441 742 2461 764 ,u

1376 767 1430 793 lCt.
1445 767 1461 792 l.
1479 775 1516 807 ¹.7·
1536 765 1586 806 §.³2
1602 767 1634 792 D.
1661 766 1693 792 de
1708 766 1831 807 Iusti-uei,
1848 772 1874 793 et
1885 766 2008 795 Instrum.
2021 768 2084 803 Leg.
2096 777 2182 803 aeque
2195 767 2390 798 Balneatorium
2422 779 2426 785 1
2462 786 2463 792 ,

1376 803 1544 829 Balneariuin
1558 802 1761 828 instrumentum
1775 802 1854 829 dixit.
2390 822 2392 824 v
2410 788 2452 842 ,22¹⁸
2460 799 2466 862 Ι

1411 845 1505 871 BALO,
1524 842 1577 864 are.
1592 838 1780 872 [βληχαίομοιι]
1792 837 1928 865 FaHicium
1936 847 1947 864 e
1953 837 2017 874 fimo
2029 838 2129 866 verbum
2143 836 2187 872 ςβ,
2196 841 2329 874 proprium
2336 841 2375 866 oui

1377 874 1474 906 Festus,
1487 874 1593 900 Barrire
1608 874 1740 908 elephanti
1755 874 1889 906 dicuntur,
1906 873 1970 901 ficut
1983 883 2047 901 oues
2054 874 2169 901 dicimus
2176 874 2283 907 balare,
2300 871 2412 911 vtique*
2447 886 2463 938 ἢ

2435 967 2463 1148 il

2155 1194 2237 1222 Oiiid.
2255 1194 2321 1222 Fast.
2336 1179 2389 1230 4,7

1375 944 1513 981 (confiflio
1525 945 1655 972 verborum
1669 955 1697 972 ex
1703 946 1789 982 sono)
1812 960 1858 966 —
1880 946 1936 972 Iani
1949 954 1983 972 ne
1997 945 2088 972 Balare
2111 945 2219 981 quidem
2239 951 2285 972 aut
2309 941 2348 972 Hi
2377 946 2403 978 .'
2436 942 2438 946 ’

1376 982 1484 1009 fortiter
1496 982 1654 1014 diceremus,
1669 982 1718 1008 nili
1731 981 1834 1008 iudicio
1846 981 1980 1008 vetustatis
1996 982 2153 1010 niterentur.
2189 981 2233 1009 Sil.
2248 988 2284 1016 15,
2302 983 2355 1016 706

1533 1017 1621 1044 Ditem
1650 1018 1745 1044 ouium

1533 1053 1662 1079 Rutulum
1675 1053 1844 1086 obtruncant,
1862 1053 1908 1080 cui
1919 1053 1996 1080 mille
2015 1052 2063 1080 sub
2075 1052 2136 1080 altis

1533 1089 1679 1123 Lanigerae
1694 1089 1784 1117 balant
1800 1089 1919 1117 stabulis.

1533 1125 1589 1152 Rex
1604 1125 1656 1159 ipse
1669 1126 1788 1152 Priamus
1799 1126 1904 1152 somnio
1916 1124 2014 1151 mentis
2026 1130 2100 1152 metu

1535 1161 1678 1193 Pei-cumis,
1699 1162 1769 1188 curis
1784 1162 1882 1188 sumtus
1902 1160 2103 1195 suspirantibus,

1534 1196 1732 1223 Exsacriticabat
1744 1197 1838 1224 hostiis
1851 1197 2010 1224 balantibus.

1381 1230 1522 1266 Taetaque
1542 1233 1657 1260 fumanti
1677 1233 1778 1260 sulfure
1796 1233 1868 1260 balet
1884 1233 1953 1259 ouis.
2007 1233 2064 1259 Cic.
2077 1231 2108 1258 de
2121 1231 2213 1258 Diuin.
2229 1239 2247 1262 1,
2260 1239 2304 1265 42.
2358 1231 2397 1262 As»

1378 1305 1642 1343 minem-translatum.
1679 1306 1756 1331 Varr.
1771 1305 1802 1331 R.
1817 1306 1849 1331 R.
1861 1313 1886 1338 2,
1900 1313 1924 1338 3,
1935 1313 1945 1331 1
1966 1304 2019 1331 Cui
2037 1303 2182 1336 Cossinius,
2219 1303 2356 1336 Quoniam
2422 1296 2449 1331 ,⁹

1381 1338 1483 1379 balasti.
1507 1342 1526 1366 i.
1544 1337 1676 1373 Trafflzsti
1689 1348 1713 1367 et
1725 1339 1831 1375 docuisti
1842 1341 1871 1366 de
1884 1340 1976 1369 ouibus.
2012 1339 2116 1367 Arnob.
2128 1349 2141 1373 3
2162 1348 2188 1374 p.
2208 1347 2252 1366 133
2272 1339 2298 1365 Si
2315 1345 2420 1365 1-1οιι-τ·Δ
2438 1342 2447 1354 '¹

1377 1384 1434 1401 rius
1447 1384 1572 1402 numerus
1588 1384 1736 1412 cognomen
1742 1376 1922 1403 nouenfiliuiii
1935 1376 2025 1409 ducit,
2044 1375 2206 1403 Cornificius
2218 1373 2308 1404 balare
2320 1383 2369 1402 con
2389 1374 2417 1402 “-’;

1378 1411 1463 1443 citur,
1488 1414 1506 1437 i.
1527 1414 1609 1449 inepte
1628 1420 1653 1439 et
1669 1412 1837 1449 imprudenter
1847 1414 1929 1448 loqui,
1949 1413 1997 1448 qui
2010 1412 2126 1440 nouitati
2139 1409 2351 1448 praesidentibus
2359 1405 2396 1439 Γ
2415 1405 2423 1441 γ’

2435 1210 2441 1240 l

2437 1245 2440 1254 .

1416 1489 1551 1524 BALAN
1561 1491 1590 1516 s,
1609 1484 1686 1512 antis.
1702 1491 1741 1517 vt,
1762 1486 1851 1519 Agnus
1865 1484 1954 1512 balans
1982 1482 2093 1511 Phaedr.
2108 1492 2132 1516 3,
2145 1485 2183 1516 16,
2198 1491 2217 1511 1.
2259 1482 2330 1509 Grex
2341 1480 2367 1508 b
2423 1468 2426 1472 ⁴
2450 1487 2451 1490 ¹

1378 1524 1440 1582 {212}
1442 1520 1636 1583 axrissrgeaffissorg’
1649 1529 1669 1554 ι,
1684 1528 1746 1556 373.
1783 1522 1815 1548 Et
1828 1518 1863 1556 gli·
1881 1520 1993 1557 hoc-fere
2005 1525 2155 1567 perpetuum
2174 1528 2261 1545 nometi
2275 1521 2374 1551 ouium,
2385 1536 2403 1563 ,¹2

1418 1597 1434 1617 Β
1443 1598 1465 1618 Α
1475 1598 1491 1617 L
1503 1590 1515 1617 1u
1525 1598 1547 1618 T
1556 1576 1593 1618 0.·
1606 1594 1659 1618 are.
1679 1591 1826 1626 [βληχσίω]
1844 1591 1926 1618 Plaut.
1945 1590 2038 1618 Bacch.
2052 1598 2075 1624 5,
2089 1599 2114 1623 2,
2128 1599 2147 1624 4
2165 1590 2255 1617 Pastor
2268 1588 2363 1616 harum

1379 1666 1480 1725 iseriugs
1489 1662 1605 1695 videtur,
1636 1665 1695 1699 quia
1721 1672 1747 1690 V.
1768 1671 1803 1690 20
1821 1661 1866 1690 Ne
1884 1663 1974 1690 balant
1993 1662 2120 1697 quidem,
2140 1671 2201 1688 cuin
2224 1671 2239 1689 a
2267 1670 2332 1697 pecu
2349 1662 2431 1689 casti

1379 1707 1464 1759 ronaA
1472 1704 1551 1773 {¹3:31-
1560 1741 1569 1760 1
1579 1740 1615 1773 ο,
1640 1734 1708 1760 onis.
1729 1733 1749 1759 f.
1767 1734 1794 1773 Si
1810 1734 1875 1773 *quis
1889 1733 2037 1761 balationes
2046 1738 2106 1760 ante
2119 1732 2255 1760 Ecclesiam
2268 1732 2372 1766 fecerit,
2419 1719 2421 1723 ¹

1380 1768 1429 1795 bus
1442 1778 1517 1795 annis
1529 1774 1673 1803 poeniteat.
1710 1769 1865 1795 Concilium
1878 1770 2057 1796 Braccarense.
2095 1769 2189 1804 Lipen.
2201 1769 2284 1796 Stren.
2293 1768 2359 1796 Hist.
2405 1797 2416 1809 a
2428 1773 2433 1796 1

1419 1847 1435 1867 Β
1444 1848 1466 1867 A
1476 1847 1524 1875 LqA
1533 1847 1555 1866 ‘r
1563 1848 1584 1867 v
1592 1848 1604 1866 s
1615 1860 1623 1872 ,
1644 1839 1682 1866 sis.
1702 1849 1738 1865 m.
1760 1839 1772 1872 [
1779 1838 1955 1873 βληχασμός]
1972 1839 2037 1865 Ρ11η.
2056 1848 2107 1871 20,
2127 1849 2157 1874 14
2174 1841 2313 1868 Gustatum
2326 1848 2343 1867 a
2354 1821 2445 1875 peni‘i‘a

1381 1884 1410 1901 re
1424 1875 1569 1915 caprisque,
1590 1875 1710 1918 balatum
1724 1875 1846 1917 concitat.
1881 1876 1920 1916 De
1926 1876 2027 1911 pulegio
2047 1876 2166 1910 loquitur.
2221 1877 2316 1904 Tener
2327 1859 2447 1929 balatuai

1381 1910 1464 1937 Ouid.
1479 1911 1544 1936 Met.
1560 1918 1587 1945 7,
1603 1919 1655 1943 319.
1673 1921 1691 1936 ι.
1713 1912 1837 1946 Exiguus,
1852 1908 1974 1945 qualzsest
1988 1913 2049 1946 agni
2061 1910 2141 1936 adbuc
2154 1911 2245 1938 tenelli.
2295 1912 2429 1940 Tremein
2442 1931 2444 1939 .

1382 1946 1445 1972 Stat.
1459 1945 1552 1972 Theb.
1567 1954 1606 1978 10,
1620 1947 1666 1979 46.
1702 1946 1771 1972 Dare
1781 1945 1892 1975 balatus,
1911 1947 1930 1971 i.
1945 1946 2035 1972 Balare
2049 1944 2131 1976 Ouid,
2143 1947 2207 1973 Met.
2221 1955 2248 1982 7,
2261 1955 2314 1981 541.
2349 1947 2426 1974 Exer·
2440 1942 2446 1980 l

1989 1981 2118 2008 Pecorum
2134 1980 2225 2024 balaqi
2244 1983 2336 2009 sonant
2353 1981 2426 2016 ripae

1380 2018 1418 2045 Id.
1434 2018 1531 2052 Georg.
1545 2026 1568 2050 3,
1582 2025 1638 2051 554.
2393 2022 2403 2046 ,“

1416 2060 1433 2080 Β
1441 2061 1463 2080 Α
1473 2061 1488 2080 L
1498 2061 1511 2080 s
1521 2052 1575 2080 ᾹΜ
1587 2060 1606 2079 ν
1615 2060 1658 2086 M,
1678 2052 1696 2078 i.
1715 2061 1741 2079 n.
1768 2051 1940 2087 [βάλσαμον]
1958 2049 2096 2087 Arbuscula
2108 2050 2140 2086 est
2152 2052 2326 2087 odorahflima,
2347 2055 2375 2078 in
2388 2051 2424 2078 Iu-

1381 2087 1440 2113 daea
1447 2089 1528 2123 solum
1542 2088 1654 2123 nascens.
1682 2089 1702 2122 (
1710 2087 1768 2115 Vid.
1783 2086 1890 2124 Humsr.
1905 2085 2031 2114 Prideaux
2045 2084 2113 2119 Hifl.
2127 2087 2183 2114 Iud.
2195 2087 2229 2113 ad
2241 2089 2274 2113 A.
2296 2086 2425 2114 OCLxm

1380 2129 1438 2148 ante
1451 2123 1476 2148 C.
1494 2124 1529 2148 N.
1545 2130 1570 2148 et
1581 2123 1674 2156 Spanh.
1687 2123 1716 2149 de
1734 2123 1785 2158 Vfi‘
1803 2130 1827 2149 et
1845 2121 1940 2164 Priust.
1961 2124 2036 2164 Num.
2049 2121 2104 2156 diffi
2119 2125 2136 2149 6
2148 2131 2172 2157 p.
2185 2126 2237 2155 358.
2257 2122 2310 2164 seq.
2341 2131 2343 2133 ·
2363 2121 2379 2148 I
2382 2132 2387 2142 1
2393 2138 2419 2165 a?
2425 2144 2430 2166 3

1381 2195 1505 2220 Dominus
1516 2199 1664 2218 aromatum.
1681 2156 2019 2218 vidquDfiGlezzznllisLialgii
2030 2158 2383 2227 ἦΐαὲυξὲἴιζιρξνζέῗςπηίὃῖ
2394 2171 2415 2188 *y

1381 2229 1430 2255 bus
1442 2227 1573 2270 odoribus
1588 2227 1737 2262 praefertur
1749 2226 1907 2259 balsamum,
1925 2227 1974 2266 vni
1988 2232 2120 2254 terrarum
2134 2227 2245 2269 Iudaeae
2258 2228 2357 2268 censum·
2373 2232 2377 2249 ³

1383 2262 1574 2326 ’6213311113
1577 2261 1791 2326 assessis}
1817 2261 2361 2333 V‘i'dssiissss·1³2⁸...5351‘23lzzf321'ss‘

1383 2371 1479 2406 lapidis
1492 2376 1538 2397 aut
1548 2370 1629 2398 testae
1644 2370 1809 2406 aperiuntur.
1846 2370 1952 2397 Humor
1960 2369 1988 2396 in
1995 2369 2042 2396 vsu
2049 2369 2215 2397 medentium
2228 2371 2273 2398 est.
2319 2370 2377 2398 Bal

1385 2409 1473 2434 semen
1480 2406 1661 2434 Scribon.126.
1677 2413 1732 2441 170.
1769 2405 1882 2432 Balsami
1895 2405 2002 2433 seminis
2009 2414 2090 2440 grana
2102 2405 2141 2433 Id.
2157 2413 2220 2441 ι77.-
2248 2406 2324 2441 Virg.
2363 2411 2383 2427 -’

2343 2452 2353 2468 1
2412 2463 2413 2466 ,

1973 2476 2183 2512 Opobalsamum
2204 2479 2292 2504 succus
2305 2442 2357 2504 ¹clobll
2382 2482 2388 2498 ='
2404 2468 2414 2506 ²,

1590 2514 1739 2542 Balsamum
1758 2513 1865 2549 proprie
1879 2511 1988 2548 quidem
2001 2512 2033 2539 de
2045 2512 2160 2546 Arbore,
2179 2513 2224 2540 sed
2235 2513 2337 2547 saepius
2350 2512 2387 2540 et*
2397 2506 2421 2534 '5¹

1798 2549 1839 2576 Sic
1857 2548 1950 2576 Claud.
1976 2547 2064 2583 Epith.
2089 2548 2187 2578 Pallad.
2204 2557 2232 2576 v.
2255 2556 2297 2576 131
2326 2574 2330 2578 ,

1544 2586 1692 2613 Gemmatis
1713 2584 1762 2612 alii
1773 2593 1821 2620 per
1833 2590 1921 2612 totuin
1933 2583 2046 2612 balsama
2054 2584 2155 2612 tectum

1539 2621 1661 2649 Effudere
1676 2620 1756 2653 cadis,
1774 2620 1844 2648 duro
1858 2629 1925 2656 quae
1937 2619 2037 2646 saucius
2051 2629 2141 2654 vngue

1539 2657 1660 2685 Niliacus
1675 2657 1769 2692 pingui
1781 2656 1886 2683 desudat
1899 2655 2010 2682 vulnere
2027 2661 2127 2682 cortex.
2369 2668 2378 2679 1

1383 2695 1444 2722 Car.
1457 2693 1489 2720 de
1501 2693 1631 2721 Phoenice
1645 2698 1678 2726 84
1696 2692 1778 2719 Misto
1790 2691 1904 2719 balsama
1924 2701 1983 2718 cum
1998 2691 2078 2718 folio.
2149 2692 2181 2718 Et
2195 2690 2309 2717 Iustinus
2326 2690 2411 2723 362¹»ss

1384 2729 1501 2757 Arbores
1514 2729 1679 2764 opobalsami
1692 2734 1765 2755 certo
1780 2728 1843 2755 anni
1855 2734 1975 2763 tempore
1987 2726 2135 2754 balsamum
2152 2726 2252 2754 sudant.
2288 2724 2346 2752 :Cla
2359 2721 2417 2761 ‘'J‘j'

1383 2766 1467 2829 ἕιιρῖ
1482 2766 1635 2828 1102101396
1659 2763 1805 2800 Tardaque
1823 2763 1927 2791 sudanti
1938 2762 2218 2799 prorepunt-balsama
2230 2762 2315 2798 lign0.
2328 2767 2361 2799 3,·
2384 2749 2426 2779 ’ῃ

1406 2809 1448 2830 art
1467 2822 1474 2828 .
1488 2808 1513 2828 et
1553 2804 1614 2831 ein,
2327 2802 2341 2818 '-
2379 2816 2397 2826 L

1420 2845 1436 2865 B
1451 2845 1473 2864 A
1487 2845 1504 2864 L
1519 2844 1532 2864 S
1548 2844 1571 2864 A
1588 2802 1614 2864 fi
1631 2834 1641 2864 ἴ
1655 2843 1678 2864 Ν
1693 2842 1714 2862 V
1729 2843 1758 2863 S.
1782 2834 1844 2865 Adi.
1866 2833 2058 2869 [βαλσαμινδς]
2076 2840 2123 2867 vt,
2141 2833 2320 2862 Balsaminum
2344 2835 2355 2855 -ἳ
2392 2825 2417 2897 {a

1423 2916 1439 2936 B
1456 2916 1478 2936 A
1491 2916 1508 2936 L
1522 2916 1535 2936 s
1550 2917 1573 2937 A
1587 2916 1613 2936 M
1625 2915 1643 2937 Ε
1654 2915 1676 2935 v
1690 2914 1721 2940 s,
1740 2916 1765 2941 a,
1786 2916 1840 2934 um.
1868 2906 1970 2934 Auelor
1987 2907 2074 2934 Carui-
2089 2904 2240 2938 Phoenicis,
2258 2905 2297 2932 La
2329 2910 2366 2927 ι’·
2402 2916 2405 2918 ·

1386 2945 1545 2981 quibusdam
1557 2944 1655 2973 tributi
1666 2952 1692 2971 v.
1707 2952 1749 2976 119
1770 2943 1894 2978 Vnguine
1914 2942 2046 2970 balsameo
2063 2941 2163 2968 condit.
2230 2965 2233 2968 .
2348 2958 2351 2961 -
2366 2964 2369 2966 .

1379 3004 1386 3013 .
1423 2988 1439 3009 n
1450 2989 1471 3009 A
1480 2989 1496 3008 L
1505 2989 1518 3008 s
1527 2988 1549 3008 A
1557 2989 1583 3009 M
1595 2982 1616 3009 6
1622 2987 1684 3008 nas
1693 2999 1701 3012 ,
1719 2988 1759 3006 ae.
1780 2979 1800 3006 f.
1821 2975 2025 3019 [βαᾈσαμώδης]
2043 2977 2126 3012 Castae
2136 2986 2221 3016 genus,
2235 2976 2265 3004 ab
2272 2970 2365 3007 οοῖονιΔ

1384 2452 1410 2475 2,
1425 2452 1462 2476 119
1498 2442 1723 2477 Β3ῙΓ3111311110,.01
1736 2441 1825 2469 baccas
1840 2441 1942 2476 semper
1954 2441 2105 2468 frondentis
2125 2441 2248 2469 acanthi?

1386 2479 1457 2512 vius,
1478 2478 1543 2505 Sane
1555 2478 1702 2505 Balsamum
1717 2477 1753 2504 est
1767 2477 1849 2504 arbor
1865 2477 1933 2512 ipsa:

2397 2598 2413 2643 ·i'

1384 3093 1411 3116 in
1425 3099 1441 3116 υ
1455 3099 1469 3116 u
1481 3089 1597 3122 Balteus,
1610 3091 1637 3115 in
1644 3088 1743 3125 plurali
1755 3096 1814 3113 vero
1825 3086 1923 3119 331103,
1945 3087 1958 3121 [
1965 3084 2041 3122 §ms-rip
2055 3085 2115 3112 Vet.
2130 3085 2152 3112 G
2203 3087 2228 3119 .]
2248 3082 2291 3119 Est
2302 3093 2318 3110 α
2350 3101 2355 3105 .

1385 3171 1424 3189 ma
1437 3163 1556 3188 Romana.
1607 3158 1739 3194 Qinffil.
1754 3167 1789 3191 ιι,
1795 3166 1824 3191 3,
1840 3167 1888 3192 140
1907 3158 1984 3185 Sinus
1995 3158 2052 3192 ille,
2067 3157 2116 3193 qui
2129 3156 2163 3184 ab
2173 3155 2364 3184 humerodex·,

1386 3196 1518 3225 finistrum
1537 3196 1649 3232 oblique
1666 3195 1787 3227 ducitur,
1819 3195 1894 3221 velut
1913 3194 2029 3227 balteus,
2060 3202 2108 3220 nec
2126 3192 2271 3228 strangulet
2289 3200 2338 3219 nee
2349 3204 2366 3210 ·

1385 3276 1414 3296 vt
1433 3269 1548 3304 Clipeus.
1584 3268 1686 3295 Plinius
1701 3272 1789 3294 tamen
1800 3266 1858 3293 vult
1877 3266 2024 3294 masculino
2038 3273 2134 3300 genere
2151 3265 2232 3292 vincu
2244 3273 2289 3291 um
2305 3263 2336 3294 11
2357 3275 2359 3284 1

1384 3314 1424 3338 1-0,
1443 3313 1539 3331 neutro
1552 3310 1640 3331 autem
1652 3311 1746 3340 genere
1758 3302 1828 3330 Lora
1845 3302 1878 3330 ad
1889 3301 2027 3337 ligandum
2038 3308 2111 3337 apta..
2129 3332 2132 3335 .
2178 3300 2226 3329 Sed
2243 3301 2330 3327 Varro

1386 3341 1464 3373 dixit,
1485 3348 1511 3367 et
1524 3341 1646 3367 Tuscum
1658 3337 1818 3367 vocabulum
1829 3339 1867 3365 ait
1883 3339 1939 3369 ess'e,
1957 3338 2057 3365 Rerum
2074 3336 2251 3365 humanarum
2271 3341 2315 3366 18..
2328 3351 2332 3354 ·

1386 3376 1528 3404 Charisius.
1575 3376 1647 3404 Seru.
1661 3374 1694 3402 ad
1706 3375 1770 3401 Aen.
1786 3382 1826 3406 10,
1839 3377 1893 3408 496
1915 3373 2017 3401 Balteus
2029 3373 2060 3400 in
2072 3381 2187 3400 numero
2200 3370 2325 3407 singulari
2338 3379 2358 3394 ιν

1385 3448 1463 3475 matis
1478 3447 1579 3475 balteus
1600 3453 1670 3474 artet-
1703 3444 1840 3479 Nexibus,
1863 3449 1882 3473 i.
1907 3446 2037 3482 Cingulum
2049 3441 2319 3481 adstringat-fluentem
2333 3474 2335 3477 Υ
2348 3442 2354 3460 Γ

1386 3485 1500 3511 Auratus
1513 3482 1615 3511 balteus
1635 3483 1692 3510 Sen.
1707 3481 1736 3508 in
1749 3482 1828 3508 Herc.
1843 3482 1904 3509 Fur.
1917 3488 1944 3517 7.
1996 3479 2105 3514 Insignis
2122 3480 2211 3507 Valer.
2231 3480 2330 3514 Argon.

1384 3520 1504 3555 Propert.
1517 3529 1547 3553 4,
1559 3528 1597 3551 10,
1610 3526 1643 3546 22
1662 3516 1823 3544 Praebebant
1838 3516 1901 3546 caesi
1913 3516 2002 3544 baltea
2013 3516 2083 3542 lenta
2095 3515 2187 3542 boues.
2231 3515 2345 3550 Balteus,

1385 3561 1429 3582 tur
1443 3565 1497 3582 non
1512 3561 1614 3583 tantum
1633 3562 1688 3589 quo
1701 3553 1843 3588 cingimur,
1861 3552 1906 3580 sed
1918 3552 2000 3580 etiam
2015 3560 2031 3578 3
2042 3560 2096 3586 quo
2108 3551 2182 3579 arina
2194 3549 2352 3591 dependen13

1541 3625 1616 3653 Alter
1628 3624 1801 3653 Amazoniam
1814 3621 1964 3660 pharetram
1976 3621 2078 3658 plenam
2099 3631 2133 3650 ue
2151 3622 2251 3657 sagittis
2326 3652 2330 3658 ,
2396 3638 2398 3641 -

1539 3661 1691 3694 Threiciis,
1709 3661 1763 3688 lato
1782 3669 1861 3696 quani
1873 3658 1975 3686 circum
1991 3657 2076 3692 ample
2105 3658 2159 3686 itur
2177 3666 2244 3686 auro
2338 3679 2343 3695 4
2395 3688 2396 3692 Ἰ

1539 3697 1662 3730 Balteus,
1689 3703 1715 3723 et
1733 3696 1811 3726 tereti
1829 3692 2059 3724 subneffltfibula
2077 3702 2189 3729 gemma.
2308 3692 2315 3697 ”
2350 3690 2353 3695 ’
2393 3697 2397 3722 ,-’

1385 3733 1476 3760 Sutilis
1489 3733 1563 3769 Virg.
1585 3733 1650 3760 Aen.
1663 3740 1702 3765 13,
1720 3739 1783 3767 374.
1817 3729 1886 3757 Add.
1899 3728 1938 3756 ib.
1953 3738 1980 3756 v.
1994 3738 2056 3763 942.
2108 3729 2241 3758 incinctus
2255 3727 2319 3756 balt·
2330 3739 2336 3749 ι
2350 3745 2353 3761 :
2386 3733 2388 3745 ³

1385 3805 1438 3831 lato
1453 3805 1553 3832 balteus
1565 3813 1632 3832 auro
1644 3801 1774 3836 Praetegit
1805 3801 1854 3827 ers.
1873 3809 1902 3835 4,
1915 3808 1962 3834 44.
2000 3802 2071 3828 Caes.
2085 3801 2151 3829 Bell.
2166 3801 2235 3829 Gall.
2248 3807 2315 3834 5‚‚43
2340 3802 2352 3831 ἶ,
2390 3827 2391 3830 ,

1383 3847 1473 3867 rutum
1488 3841 1515 3867 in
1527 3840 1616 3867 balteo
1630 3837 1761 3872 defigitur.
1798 3835 1872 3863 Non.
1887 3844 1911 3869 3,
1923 3844 1955 3869 25
1973 3845 2003 3862 ex
2018 3837 2077 3864 Liu.
2089 3846 2107 3871 9
2125 3838 2239 3865 Auratae
2250 3835 2310 3870 vagi

1385 3883 1441 3902 rata
1455 3876 1540 3903 baltea
1554 3875 1610 3903 illis
1621 3879 1704 3902 erant.
1747 3870 1840 3905 Ibidem
1853 3871 1964 3904 Accius,
1989 3869 2162 3901 διδασκαλιῶν
2182 3872 2230 3900 lib.
2243 3876 2258 3902 8
2282 3871 2347 3910 Δζη

1385 3911 1531 3945 mamacas,
1551 3910 1644 3943 baltea>
1665 3905 1824 3934 machaeras.
1893 3908 1980 3934 Varro
1999 3907 2061 3936 ibid.
2081 3909 2142 3938 Tra
2162 3909 2202 3936 ica
2218 3907 2279 3940 vinc

1627 3927 1650 3982 q
1669 3941 1748 3971 {Ad
1758 3951 1799 3969 ros
1823 3943 1888 3970 alias
1911 3943 2070 3980 transfertui·
2087 3945 2116 3972 ob
2143 3939 2324 3979 militudinem}
2370 3947 2391 3981 [s
