2474 4182
232 147 320 184 1199
621 132 655 172 C
741 130 776 169 O
865 126 908 166 N
1716 123 1750 163 C
1839 122 1875 161 Ο
1959 121 2003 162 N
2285 140 2375 167 1200

235 229 304 255 8,13‚
320 232 326 248 1
361 222 417 249 Nec
432 220 514 256 inagis
528 221 626 253 humo,
641 229 719 255 quam
742 219 831 252 stagno
845 216 1055 248 consumemur,
1079 215 1106 241 de
1127 213 1277 249 Ariiphibii'5,
1341 211 1454 252 igniculi
1476 213 1661 247 extinguantur
1679 222 1693 240 a
1716 219 1808 239 natura
1828 210 1898 243 dati,
1926 211 2130 247 exorianturque
2149 218 2174 240 et
2192 212 2378 242 confirmentur

236 263 253 284 i.
268 258 373 291 wiffam,
389 258 453 285 (Mus
467 260 563 284 havit.
760 253 779 291 q
800 263 812 279 2
850 253 1023 279 Consuescere
1041 261 1093 277 cum
1107 252 1204 276 muliere
1217 250 1278 275 ilici-
1342 250 1409 274 vitia
1424 250 1563 274 contraria.
1644 250 1760 276 Mirifica
1781 248 1892 275 alicuius
1923 247 1978 273 Cic.
1992 247 2024 273 de
2043 248 2116 274 Orat.
2136 257 2154 280 1,
2192 268 2198 275 .
2236 270 2242 275 .
2299 250 2380 277 Fatua

235 301 276 320 tur
292 297 348 325 vir,
369 286 408 320 {el
419 295 506 319 mulii-r
519 303 571 319 cum
588 294 651 316 vii-0.
726 290 759 316 Ea
774 297 826 321 ine,
847 289 913 314 clam
935 288 969 318 se,
989 297 1047 313 cum
1061 295 1118 312 nica
1135 286 1228 311 ancilla
1241 285 1278 311 ait
1343 283 1396 310 vid.
1410 285 1434 310 h.
1448 293 1471 309 υ.
1545 284 1671 317 Perpetua
1684 286 1752 311 vitae
1773 285 1828 311 Cic.
1844 292 1892 318 pro
1906 283 1997 309 Rabir.
2013 283 2083 317 perd.
2102 293 2148 310 reo
2162 293 2179 310 1.
2240 285 2381 318 Qiotidia-
2392 284 2400 292 “

236 330 388 356 consuetum
411 330 506 356 Caecil.
522 336 559 362 ap.
574 326 640 352 Gcll.
655 334 680 356 2,
696 334 733 357 23.
807 324 902 355 Pellex,
922 333 987 358 quae
1002 322 1090 349 iuncta
1103 322 1278 355 consuetaque
1345 328 1393 346 nae
1407 320 1477 345 vitae
1492 319 1653 345 consuetudo
1673 321 1744 347 Ter.
1757 322 1851 347 Heaut.
1873 328 1898 351 2,
1912 328 1934 351 3,
1951 327 1995 352 42.
2067 319 2228 352 Qiotidiana
2247 321 2382 346 consuetu..

238 375 297 392 cuni
317 374 348 390 eo
361 365 436 396 efl'et,
458 366 485 390 in
499 365 571 389 cuius
594 371 671 387 manu
692 361 743 388 alia
763 360 927 388 matrimonii
947 360 1019 385 causa
1040 359 1110 384 foret
1131 357 1203 383 Idem
1219 368 1244 390 4,
1258 365 1279 388 3.
1305 363 1316 388 5
1345 356 1407 382 dine
1420 362 1531 389 augetur
1545 354 1710 380 familiaritas
1736 357 1791 382 Cic.
1807 357 1879 382 Fani.
1896 363 1930 387 13,
1945 363 1987 380 20.
2057 355 2138 381 Vetus
2156 356 2316 381 consuetudo
2328 355 2382 383 fori

239 402 306 427 Ter.
322 402 386 427 Hec.
406 411 434 433 4,
451 410 469 427 1,
485 408 519 431 40
550 398 619 424 Nam
641 397 657 422 si
672 397 693 422 is
709 398 788 431 poiset
809 396 842 423 ab
856 405 885 422 ea
905 396 956 421 sese
976 395 1136 428 de-repente
1156 393 1280 423 auellere,
1346 398 1370 417 ct
1391 391 1515 425 pristinus
1535 399 1592 416 mos
1611 390 1773 416 iudiciorum
1806 391 1879 418 Idem
1900 399 1948 425 pro
1968 389 2064 416 Milon.
2087 398 2104 415 i.
2175 391 2204 415 Et
2225 391 2253 416 in
2267 391 2338 416 Brut.
2368 394 2382 422 8

240 437 347 472 quicum
364 444 401 462 tot
418 435 556 460 confixa-sset
570 442 666 465 3111105,
687 442 740 459 11011
754 442 814 458 611111
835 432 971 458 1101111116111
986 430 1118 456 ducerem.
1156 429 1282 458 Donatus,
1347 428 1401 453 iam
1419 427 1490 452 enim
1504 433 1559 452 erat
1574 425 1687 452 Vnc‘tior
1702 425 1829 460 quaedam
1842 426 2056 461 splendidiorque
2076 424 2236 451 consuetudo
2250 398 2386 460 loquendi,

241 474 403 501 Consucii'ct,
431 470 536 504 proprie
558 469 585 494 in
606 469 702 502 stupro.
773 469 829 495 Cic.
845 469 919 494 Verr.
943 476 964 499 ς,
978 475 1008 498 30
1022 475 1043 491 6.
1059 474 1083 491 12
1114 465 1171 490 Huc
1192 472 1283 490 omncs
1347 467 1365 489 i.
1381 462 1514 494 Ni'titli'or,
1534 464 1723 498 elegantiaque.
1781 463 1846 487 Hinc
1859 462 1890 488 de
1903 463 1978 489 Orat.
1994 469 2013 495 ι,
2030 466 2054 490 81
2085 461 2238 495 itascribit,
2262 458 2384 490 Nitiduin

242 509 377 537 mulieres,
391 506 548 540 quibuscum
562 505 615 538 ipse
627 505 813 536 consueuerat,
827 503 1019 529 conuenicbant
1028 522 1035 533 ,
1054 505 1070 527 i.
1090 500 1283 527 Coneiibuerat.
1348 498 1481 533 quoddam
1493 507 1573 532 genus
1588 498 1623 523 est
1636 497 1781 523 verborum
1790 516 1797 526 ‚
1817 503 1842 522 et
1854 497 1949 524 laetum
1958 518 1966 530 ,
1987 497 2028 523 sed
2042 496 2180 531 palaestrae
2192 495 2274 530 magis
2286 502 2312 531 et
2323 497 2385 530 olei,

243 545 308 571 Adii.
323 544 390 569 Ter.
406 542 511 567 l'liorni.
526 548 547 573 ς,
561 544 586 573 6,
602 549 641 573 34.
697 541 777 567 Plaut.
794 540 858 566 Ciu.
872 548 891 572 1,
906 547 924 570 1,
939 543 974 568 88.
1019 537 1128 568 Mulier,
1142 545 1208 571 quae
1224 545 1284 561 cuui
1311 544 1339 562 io
1349 543 1427 569 quam
1448 534 1526 560 huius
1547 533 1636 560 ciuilis
1655 533 1747 559 turbae
1761 541 1789 558 ac
1802 532 1872 562 fori,
1890 533 1914 559 h.
1927 543 1946 559 e.
1966 533 2075 560 ludii-iat·
2094 541 2174 568 magis
2194 535 2386 566 exercitationis,

243 590 275 606 eo
290 579 459 605 consueuerat
492 577 560 610 Nep.
579 584 606 610 ἶ,
622 585 659 607 10,
672 577 697 601 6.
894 572 914 611 ff
942 581 954 605 3
990 572 1082 600 AH'iue
1100 580 1172 598 etiam
1181 579 1285 606 ponitur
1346 580 1417 606 quam
1431 573 1528 606 generis
1541 570 1613 595 huius
1621 571 1737 600 acriora,
1751 577 1796 603 quo
1808 577 1851 593 nos
1860 570 1953 594 utimur
1965 572 1991 594 in
2005 569 2107 595 concilio
2121 576 2143 593 er
2156 567 2257 593 iudicio.
2296 568 2365 594 Tran
2378 583 2387 590 -
2399 600 2401 602 Ι
2467 591 2474 605 5

238 623 286 650 pro
309 613 516 643 Consucsaccre,
536 618 565 638 vt
590 610 695 638 cohun.
711 611 742 637 de
758 610 854 637 Arbor.
870 619 889 641 1,
904 618 915 641 ς
945 609 1120 635 Consuescere
1139 609 1222 634 vitem
1238 607 1285 632 liu·
1348 610 1409 633 latio
1424 606 1455 638 est
1470 615 1483 630 11
1498 604 1649 636 Palaestris,
1668 605 1831 639 quas‘poc'tae
1845 602 1943 629 Vnetas
1956 605 2089 638 appellarit.
2134 603 2257 637 Vulgaris
2280 603 2351 636 Qin
2378 623 2385 630 .
2462 613 2474 635 ,1

244 650 322 676 mori.
380 648 451 674 Idem
472 657 505 680 11,
527 657 547 679 1,
563 656 590 679 19
620 647 831 680 Consuescatque
851 645 996 680 (villicus)
1018 645 1140 675 rusticos,
1167 644 1234 669 circa
1251 643 1286 668 la-
1348 651 1373 672 2,
1385 650 1417 672 ις.
1455 640 1577 674 vulgaris
1589 640 1766 671 consuetudo,
1781 645 1806 665 et
1819 639 1968 665 communis
1982 640 2036 666 vita
2049 638 2190 665 hominum
2205 639 2261 664 Cic.
2277 638 2388 667 deOrat.
2458 637 2461 666 Ϊ

2448 727 2449 744 l

2436 779 2440 800 ι
2458 648 2474 815 ἒ

243 695 298 711 rem
314 684 417 710 domini
453 698 497 703 -—-
533 683 643 717 epulari.
716 683 819 709 Lucret.
842 684 868 714 6,
889 683 936 714 396
968 683 1009 707 An
1031 687 1086 707 tuni
1103 679 1209 706 brachia
1225 687 1286 703 con-
1350 686 1369 707 1,
1384 681 1442 707 248.
1515 674 1534 713 ff
1551 684 1562 707 3
1586 677 1685 702 Formae
1700 676 1846 701 {sk-rismum:
1863 674 2014 701 Abhorrere
2027 674 2388 702 aconsuetudinecommunis

241 722 361 747 suescunt
374 720 531 753 firmantque
545 720 664 745 lacertos.
702 718 774 753 Qiod
784 727 836 743 cum
850 726 897 743 non
911 724 1067 752 concoqueret
1083 716 1231 744 Lambinus,
1246 712 1284 737 dc·-
1307 722 1331 748 ¹5
1349 712 1434 737 sensus
1444 711 1479 737 id.
1489 711 1520 737 de
1529 712 1603 737 Orat.
1614 720 1632 742 1,
1647 720 1682 737 111..
1731 709 1887 737 Abstrahere
1900 719 1914 736 a
1927 711 2128 743 consuetudine,
2142 710 2194 736 vid.
2211 716 2388 738 ABSTRAHO.

243 758 281 782 dit
292 765 336 791 per
349 758 431 786 tnielm
441 775 449 787 ,
477 757 518 781 An
529 764 577 781 con
592 754 698 781 brachia
711 753 857 780 suefaciunt
871 752 1040 788 coritrajidcm
1054 753 1180 777 librorum.
1239 750 1286 773 Ite·
1350 747 1481 773 Accedere
1503 747 1720 773 consuetudinem
1739 746 1771 772 ad
1796 745 2022 776 necessitudinem,
2051 747 2139 780 magni
2161 745 2302 773 videbatur
2314 745 2390 774 inter-

243 802 296 819 rum
312 785 442 818 Columel.
456 793 480 821 6,
496 799 521 823 2,
534 799 550 823 9
581 791 650 817 Nam
667 790 713 816 vbi
728 788 842 824 plaustro
859 795 903 815 aut
921 796 1008 814 aratro
1024 789 1165 812 iuuencum
1182 784 1288 808 consue-
1350 784 1398 808 ess'e
1425 783 1461 808 Id.
1481 784 1552 809 Fam.
1575 792 1597 815 2,
1618 791 1654 815 19.
1740 782 1877 809 Adducti-e
1895 781 1937 814 ad,
1962 783 2001 808 vel
2013 782 2042 807 111
2071 783 2141 808 Caes.
2156 782 2221 808 Βς11.
2235 780 2303 807 Gall.
2325 790 2389 814 4‚»1.
2448 807 2462 814 ἵ,

244 829 354 860 scimus,
381 836 411 853 cx
435 826 543 853 domitis
559 826 643 852 bubus
659 825 876 856 valentissiiiiuni‚
902 824 1068 855 eundemque
1087 818 1287 854 placidiffimum
1351 818 1485 844 Adhibere
1496 839 1503 851 ,
1524 818 1666 851 Adiniere,
1684 818 1801 850 Afferrc,
1828 817 1919 847 Alere,
1947 816 2041 850 uim—[Ji
2055 817 2081 844 ll.
2138 818 2193 844 Cic.
2209 825 2257 852 pro
2271 816 2309 843 M.
2323 818 2391 844 Mar.
2437 834 2440 850 ἶ
2460 818 2474 849 ,Ι

243 873 302 890 cuni
324 863 457 889 indomito
478 863 628 897 iungimus,
650 862 698 896 qui
715 867 740 888 et
755 866 954 896 procurrentem
970 857 1101 888 retrahat,
1128 862 1153 881 ct
1167 854 1289 881 cuncian-
1351 854 1397 880 cel.
1411 863 1427 880 2.
1453 855 1522 888 Ergo
1531 854 1598 880 1111111
1613 863 1687 880 meae
1698 854 1823 889 pristinae
1836 854 1907 880 vitae
1919 853 2086 879 interclusam
2101 853 2315 879 consuetudinem
2329 849 2396 888 Ape-⁵
2438 871 2449 885 n
2462 865 2474 886 ,ς

244 906 297 926 teni
313 899 447 933 producat.
1295 901 1330 919 20
1351 889 1439 916 ruisti.
1494 891 1623 916 Asciscere
1645 890 1879 921 consuetudinem,
1905 892 1935 915 1't.
1954 889 2030 915 Cadit
2050 890 2079 915 in
2091 889 2321 920 consuetudinem,
2340 887 2399 917 υἱᾱςῖ
2448 890 2474 942 ’ἓ

279 941 295 960 C
307 941 376 961 ONS
388 941 405 959 V
419 942 433 961 12
443 941 464 960 T
474 941 527 966 vs,
542 942 566 966 a,
580 942 632 960 um.
651 933 719 959 Part.
739 931 878 966 [συνήθης]
905 929 952 959 Vt,
969 927 1115 953 Consuetus
1129 935 1194 960 puer
1208 926 1289 952 Plaut.
1343 925 1378 959 st:
1392 925 1418 951 ll.
1469 927 1570 961 Caperc
1585 926 1799 953 consuetudinem
1813 925 2083 959 exercitationemque
2108 925 2163 951 Cic.
2178 924 2230 951 Off.
2244 933 2265 956 1,
2281 931 2311 956 59
2353 923 2400 952 Id(
2448 953 2449 960 χ
2471 951 2474 954 ,

243 971 317 1005 Capt.
336 980 365 1005 4,
379 978 402 1000 2,
418 975 458 1004 87.
529 970 660 996 Consueta
674 975 762 1002 petens
778 976 792 991 e
806 964 930 990 fluffibus
951 970 1025 990 antra
1055 963 1132 996 Virg.
1150 963 1246 996 Georg.
1261 971 1290 995 4,
1354 962 1425 988 Fam.
1439 970 1466 993 4,
1483 971 1506 994 13
1527 963 1557 988 Et
1570 963 1598 988 in
1614 963 1670 989 cius
1685 961 1916 991 consuetudinem,
1936 970 2016 996 quem
2034 960 2119 987 adhuc
2138 969 2211 986 nieus
2226 959 2312 994 pudor
2327 959 2395 988 mihi.
2448 962 2449 996 l

244 1015 303 1039 429.
357 1006 425 1032 Ter.
439 1004 522 1032 Andr.
538 1014 590 1037 1,1,
606 1010 647 1034 ¹08
669 1004 744 1029 Tum
759 1001 820 1031 illa,
841 1007 869 1025 vt
889 1000 1042 1025 consuetum
1062 998 1140 1025 facile
1162 1000 1289 1024 Amorem
1352 997 1466 1030 Clausit,
1494 997 1651 1030 insinuabo,
1677 998 1705 1023 de
1729 998 1774 1024 vsu
1795 997 1933 1023 familiari.
2004 996 2145 1023 Conucrtit
2163 996 2251 1022 subito
2264 1004 2278 1021 a
2292 995 2409 1023 consue-2
2447 998 2450 1126 Ι

2447 1220 2450 1239 i

2464 1434 2474 1455 ί

242 1050 375 1073 cernercs,
395 1042 488 1068 reiecit
503 1042 528 1067 se
547 1041 574 1066 in
591 1050 650 1066 eum
666 1040 744 1068 flens,
766 1044 844 1070 quain
858 1035 1038 1062 familiariter.
1120 1035 1181 1060 Fata
1201 1034 1288 1060 Valer.
1352 1033 1444 1059 tudine
1466 1033 1586 1060 homines
1606 1034 1733 1069 sapientia
1769 1033 1825 1059 Cic.
1844 1033 1876 1060 de
1896 1034 1999 1059 Inuent.
2020 1041 2046 1065 i,
2066 1041 2087 1065 3.
2161 1033 2211 1058 Dat
2233 1031 2392 1059 celeritatem
2408 1034 2413 1055 ἒ

245 1080 343 1112 Argon.
357 1086 386 1110 4,
402 1085 466 1110 449.
536 1075 630 1102 Lectus
657 1072 738 1099 Ouid.
752 1071 837 1097 'ii-ist.
852 1079 873 1103 3,
887 1080 909 1103 3,
924 1079 962 1102 39.
1035 1070 1154 1096 Pericula
1167 1071 1288 1096 consueta
1298 1080 1328 1104 25
1354 1069 1484 1103 Qiinc'til.
1502 1078 1540 1101 10,
1553 1078 1576 1102 3,
1589 1079 1613 1103 9.
1685 1070 1799 1096 Deflexit
1814 1069 1947 1095 maiorum
1967 1067 2129 1095 consuetudo
2143 1067 2175 1094 de
2189 1067 2322 1094 curriculo
2339 1067 2408 1103 Cio„

244 1114 341 1141 habere
358 1112 418 1139 Sall.
434 1114 489 1146 Ing.
503 1121 523 1136 c.
540 1117 575 1141 ες.
646 1109 732 1142 Vigor
755 1107 799 1133 Sil.
817 1109 842 1137 6,
857 1114 913 1141 271.
927 1108 959 1132 al.
976 1106 1069 1140 Rigor.
1141 1106 1290 1131 Consuetus
1353 1105 1385 1132 de
1399 1106 1508 1131 Auiicit.
1523 1114 1566 1138 40.
1629 1105 1694 1132 Non
1707 1105 1742 1131 est
1756 1114 1830 1131 meae
1847 1104 2045 1131 consuetudinis
2059 1124 2067 1137 ,
2094 1104 2175 1131 initio
2194 1103 2301 1133 dicendi
2316 1104 2401 1130 ratio-²

242 1150 329 1181 aleae,
355 1148 436 1180 otiis,
458 1147 571 1181 popinae
581 1165 588 1176 ,
608 1151 653 1171 etc.
690 1142 822 1170 Columel.
837 1151 856 1174 1,
871 1147 892 1172 8.
950 1143 1045 1177 Superl.
1082 1141 1163 1167 Ouid.
1176 1142 1241 1168 Met.
1258 1150 1289 1174 11,
1353 1150 1413 1167 116111
1428 1141 1546 1172 reddere,
1556 1150 1607 1176 qua
1621 1140 1652 1166 de
1660 1142 1734 1167 causa
1746 1150 1881 1175 quemque
1896 1140 2036 1167 defendam
2067 1139 2140 1166 Idem
2155 1148 2204 1174 pro
2217 1139 2308 1166 Rabir.
2324 1137 2403 1173 perde?

243 1187 292 1220 637
327 1184 440 1214 Adiicit,
460 1188 485 1208 et
501 1181 596 1211 1161165,
615 1187 641 1206 61
653 1178 853 1206 Consuctissiina
867 1186 989 1213 quaeque
1025 1177 1123 1204 Verba.
1352 1186 1400 1203 reo
1414 1186 1432 1203 1.
1485 1179 1515 1203 Et
1528 1186 1577 1212 pro
1594 1177 1689 1203 Milon.
1708 1186 1730 1203 c.
1748 1186 1775 1209 19
1813 1177 1896 1203 Fuiss‘e
1917 1176 2134 1202 consuetudinem
2154 1175 2226 1201 illius
2246 1174 2399 1210 perpetuati
2411 1174 2422 1206 j

278 1228 294 1247 C
304 1227 322 1246 O
333 1227 353 1245 N
364 1228 376 1245 s
388 1225 463 1244 111-,Τ
474 1224 500 1243 Ε.
538 1217 607 1243 Adii.
642 1215 774 1241 Anniiian.
793 1222 832 1246 23,
847 1223 874 1247 4.
1354 1213 1382 1239 in
1396 1213 1423 1239 vi
1438 1212 1574 1239 inferenda
1584 1233 1591 1245 ,
1611 1212 1689 1239 huius
1701 1219 1802 1239 tantum
1816 1213 1844 1239 in
1857 1212 2016 1247 repellenda.
2088 1211 2161 1238 Facit
2179 1211 2234 1238 cito
2252 1211 2324 1237 vires
2337 1214 2396 1238 cono
2448 1207 2449 1215 ¹

278 1263 321 1282 co
332 1263 350 1281 N
361 1262 372 1279 s
383 1261 400 1278 v
412 1260 520 1283 ΕΤΙΟ,
547 1253 615 1278 onis.
642 1252 661 1277 f.
704 1252 757 1277 Vox
778 1250 870 1276 Plauto
888 1246 1040 1282 restituenda
1074 1247 1171 1283 Amph.
1187 1257 1205 1279 1,
1219 1257 1244 1280 2,
1258 1253 1288 1278 28
1297 1257 1328 1282 30
1353 1248 1465 1275 suetudo
1486 1248 1617 1282 Quinem.
1634 1257 1668 1279 12,
1682 1257 1713 1279 11,
1726 1256 1764 1283 17.
1838 1249 1909 1275 Facit
1922 1248 2072 1283 analogiam
2089 1247 2161 1275 Idem
2178 1255 2197 1281 1,
2217 1248 2243 1279 6,
2256 1248 2293 1273 16.
2340 1243 2398 1275 Cic:
2417 1242 2421 1249 ¹

240 1291 425 1327 lcgtwidiimquc,
444 1287 464 1321 fi
478 1289 618 1323 Scioppium
637 1286 769 1319 arithmus,
790 1286 821 1312 Et
839 1285 999 1312 clandestina
1020 1290 1049 1310 vt
1062 1284 1162 1311 celetur
1181 1285 1289 1310 consue·
1353 1285 1424 1311 Fam.
1440 1293 1474 1318 13,
1487 1293 1522 1317 24
1543 1285 1644 1311 Atticus
1658 1284 1746 1310 noster
1761 1284 1892 1310 maiorem
1905 1285 1986 1311 etiam
2006 1284 2075 1310 mihi
2088 1293 2147 1310 curn
2162 1282 2279 1310 Comitio
2292 1282 2396 1309 consue·
2448 1301 2459 1310 ».

240 1328 279 1352 110
289 1346 296 1358 ,
314 1334 363 1361 pro
381 1326 482 1360 vulgato
497 1324 624 1358 suspicio:
644 1333 697 1349 cum
712 1323 830 1349 Donatus
843 1322 874 1347 ad
889 1321 958 1347 Ter.
974 1320 1022 1347 Ad.
1035 1329 1063 1354 4,
1077 1328 1100 1353 ς,
1114 1328 1143 1352 32.
1155 1319 1195 1354 stc
1208 1319 1290 1346 laudet
1352 1320 1472 1347 tudinem
1486 1321 1569 1351 Fecit,
1582 1319 1726 1354 occasionem
1737 1320 1862 1355 praebuit,
1874 1320 2012 1356 vtsaepiiis
2029 1330 2082 1346 cum
2096 1320 2138 1346 illo
2151 1317 2228 1353 estem.
2284 1317 2405 1346 Firman‘
2448 1316 2450 1319 ’

239 1362 305 1388 bunc
318 1360 476 1395 versiculum,
502 1360 532 1386 Et
546 1359 703 1386 clandestina
722 1364 750 1384 vt
764 1357 863 1384 celetur
876 1356 1054 1387 consuetudo,
1080 1355 1145 1392 quod
1157 1363 1290 1391 tammpe-
1352 1355 1515 1383 consuetudo
1535 1356 1636 1382 iudicio
1651 1355 1817 1383 6011113111ἃο
1847 1356 1958 1391 leian..
1971 1356 2000 1382 in
2019 1356 2037 1382 l.
2058 1365 2139 1391 quum
2159 1355 2192 1381 de
2211 1353 2396 1381 consuetudine

238 1398 293 1423 diae
307 1398 356 1433 legi
368 1396 497 1432 adiecisum
512 1394 555 1428 est:
570 1395 617 1430 sed
629 1395 662 1421 ad
676 1403 759 1421 verum
773 1393 842 1420 ducit
856 1391 993 1424 Restionem,
1013 1401 1083 1428 quam
1092 1392 1199 1428 subiicit
1215 1398 1289 1418 ctiam
1354 1393 1386 1419 D.
1400 1391 1432 1418 de
1448 1391 1571 1426 Legibus.
1644 1391 1768 1427 Habere,
1788 1391 1841 1418 vid.
1855 1402 1911 1419 mox
1923 1392 2058 1419 Tenere!
2099 1391 2226 1426 Gignitur
2239 1389 2410 1418 consuetudo*
2448 1394 2450 1408 ³

239 1434 348 1459 Verrius
362 1432 466 1458 Flaccus
479 1432 545 1467 apud
557 1431 670 1463 Festum,
682 1440 734 1456 cum
748 1433 803 1463 ait,
825 1429 1033 1456 Consuctioneni
1048 1428 1154 1454 Plautus
1166 1436 1215 1462 pro
1229 1436 1325 1464 con-33
1352 1437 1384 1454 ex
1399 1428 1589 1455 exercitatione
1611 1427 1667 1454 Cic.
1681 1428 1712 1454 de
1727 1428 1802 1454 Orat.
1820 1437 1843 1460 2,
1856 1433 1899 1461 358
1914 1437 1935 1454 c.
1952 1433 1984 1462 87
1997 1435 2061 1455 extr.
2123 1427 2227 1454 Imitari
2246 1425 2398 1460 aliquorum

238 1469 373 1495 suetudine
401 1468 477 1493 dixit.
1121 1476 1125 1480 ·
1351 1464 1570 1491 consuetudinem
1603 1463 1676 1490 Idem
1695 1463 1747 1490 Off.
1769 1473 1786 1495 i,
1808 1469 1845 1496 85.
1915 1463 2064 1491 Increbruit
2077 1462 2256 1494 consuetude,
2274 1460 2327 1490 uid,
2340 1467 2355 1496 v1
2362 1467 2398 1489 n·-

275 1511 292 1531 c
307 1511 326 1531 0
339 1512 359 1531 N
369 1511 381 1530 s
393 1511 412 1529 v
422 1510 437 1529 E
446 1510 468 1530 ¹r
479 1504 499 1527 ὗ
509 1510 527 1529 1)
537 1509 555 1529 o
565 1521 571 1533 ,
597 1502 657 1528 'i'nis-
688 1501 708 1528 f.
746 1502 758 1536 [
772 1500 883 1529 συνήθεια
896 1501 909 1535 ]
951 1500 1073 1528 Facilitas
1087 1498 1177 1535 agendi
1191 1505 1247 1524 orm
1261 1507 1290 1524 ex
1352 1507 1369 1527 c
1378 1507 1396 1527 R
1405 1507 1422 1526 E
1431 1506 1446 1527 Β
1455 1507 1473 1527 R
1482 1507 1498 1527 F.
1508 1508 1520 1526 s
1531 1505 1548 1525 c
1560 1506 1590 1525 0.
1663 1499 1790 1526 Inducere
1812 1500 1842 1526 in
1862 1500 2080 1526 consuetudinem
2110 1499 2166 1526 Cic.
2186 1500 2221 1532 Q
2240 1499 2309 1524 Frat.
2328 1505 2356 1532 3,
2372 1505 2395 1531 3.

238 1543 351 1575 repetitis
366 1537 479 1567 αεἭὸιιπ
499 1540 539 1564 vel
553 1537 605 1573 ‘'pr
615 1538 763 1573 flequentia
777 1539 937 1572 repetitor-um
952 1534 1050 1561 affluam
1060 1534 1127 1568 ‚siue
1140 1538 1212 1560 unius
1227 1538 1289 1560 cius-
1350 1536 1491 1562 Instituere
1507 1535 1741 1567 consuetudinem,
1769 1536 1963 1569 intermittere,
1983 1535 2036 1562 vid.
2056 1535 2097 1562 hh.
2116 1544 2159 1561 vv.
2230 1532 2396 1561 introducere

241 1576 337 1611 demque
351 1576 473 1601 hominis:
484 1573 539 1608 fine
549 1576 728 1608 plerorumque.
766 1572 848 1598 Plaut.
861 1573 941 1598 Mei-c.
958 1580 980 1604 5,
994 1579 1022 1604 4,
1034 1579 1065 1603 41
1091 1570 1289 1597 Consuetudine
1352 1573 1409 1598 Cic.
1425 1573 1501 1598 Verr.
1519 1579 1541 1603 3,
1558 1575 1609 1603 189.
1631 1596 1633 1598 ,
1684 1570 1757 1596 Idem
1772 1571 1843 1597 Fam.
1857 1580 1882 1604 9,
1899 1580 1909 1597 i
1928 1572 2068 1606 Ignoscunt
2079 1570 2167 1604 mihi,
2187 1576 2213 1597 et
2225 1568 2349 1597 reuocant
2367 1568 2396 1596 in

239 1621 341 1637 animus
360 1611 448 1637 rursus
465 1616 489 1635 te
507 1609 556 1634 huc
571 1608 684 1634 inducet.
758 1607 786 1634 Si
805 1607 968 1634 consuetudo
990 1615 1021 1633 611
1041 1615 1089 1639 60,
1109 1606 1182 1641 quod
1201 1606 1288 1640 plures
1297 1619 1333 1644 40
1352 1607 1571 1634 consuetudinem
1586 1606 1733 1641 pristinam.
1780 1608 1818 1633 De
1830 1607 1903 1632 libris
1915 1606 2051 1640 etstudiis.
2123 1605 2264 1633 Inualescit
2280 1601 2398 1640 quotidie

238 1648 352 1678 faciant,
373 1654 472 1671 nomen
484 1644 594 1678 accipiat
612 1643 745 1677 Qiinetil.
761 1652 782 1675 1,
794 1645 810 1669 6
824 1650 887 1670 extr.
950 1642 1124 1669 Consuetudo
1138 1642 1173 1668 est
1186 1643 1289 1676 optima
1352 1643 1437 1677 magis
1456 1642 1585 1676 Qiinc‘til.
1601 1651 1622 1674 2,
1636 1651 1654 1668 1.
1707 1642 1764 1668 Cic.
1774 1642 1886 1676 QFrat.
1899 1650 1924 1673 2,
1937 1651 1961 1675 13
1983 1642 2123 1678 Inspiciam
2143 1642 2208 1678 quid
2229 1641 2309 1668 discat
2338 1649 2396 1668 uam

238 1683 324 1717 legum
335 1689 462 1715 interpres
479 1681 549 1706 Paul.
559 1680 586 1705 in
600 1680 616 1704 l.
626 1679 681 1713 37l'i
691 1678 723 1704 de
735 1678 955 1712 interpretatione
968 1679 1000 1704 D.
1019 1678 1050 1704 de
1063 1677 1144 1712 legib.
1182 1678 1288 1712 leian.
1353 1678 1508 1713 saepissime:
1528 1683 1554 1704 et
1567 1678 1615 1704 nifi
1629 1678 1675 1704 ille
1689 1684 1856 1711 contemnet,
1874 1679 1955 1704 etiam
1975 1679 2129 1714 magistrum
2142 1688 2185 1705 nie
2201 1678 2228 1704 ei
2241 1676 2333 1712 profice
2351 1683 2396 1706 ort

240 1719 255 1744 l.
269 1727 302 1752 34
317 1717 376 1743 eod.
397 1718 465 1743 Cum
479 1716 510 1742 de
524 1714 712 1742 consuetudine
727 1714 842 1740 ciuitatis
856 1713 897 1739 vel
912 1714 1066 1747 prouinciae
1081 1713 1214 1740 confidere
1229 1713 1290 1748 quis
1352 1715 1427 1741 cuius
1440 1714 1481 1740 rei
1493 1713 1648 1741 nonnullam
1663 1713 1879 1741 consuetudinem
1897 1714 1988 1741 11381115
2003 1714 2059 1741 sum
2079 1714 2109 1741 in
2123 1714 2174 1741 hoc
2187 1714 2285 1741 horum
2296 1711 2397 1740 diemm

238 1753 361 1786 videtur,
379 1753 496 1787 primum
510 1751 618 1786 quidem
632 1750 699 1777 illud
718 1742 910 1784 eiiplorandimi
931 1749 1050 1775 arbitror
1059 1767 1068 1781 ,
1087 1757 1120 1774 an
1133 1749 1214 1775 etiam
1229 1758 1290 1775 con·
1353 1750 1421 1776 otio.
1492 1749 1592 1775 Patitur
1605 1748 1783 1781 consuetudo,
1814 1749 1867 1776 vid.
1889 1757 1905 1776 Ρ
1914 1756 1984 1777 ΑΤΙ
1995 1756 2014 1777 0
2023 1757 2051 1777 R.
2123 1749 2251 1785 Progredi
2263 1742 2399 1784 paullatim

237 1789 352 1817 tradicio
360 1787 612 1823 aliquandoiudicio
627 1785 789 1812 consuetudo
802 1784 906 1811 firmata
914 1784 952 1811 sit.
989 1785 1152 1818 Hermogen.
1163 1783 1214 1816 [35
1229 1784 1329 1818 eod.45
1353 1786 1385 1812 ad
1398 1784 1617 1812 consuetudinem
1649 1784 1770 1814 Scribon.
1792 1793 1840 1817 104
1859 1792 1923 1812 extr.
1994 1786 2048 1813 Cic.
2062 1787 2138 1813 Verr.
2157 1795 2176 1818 1,,
2191 1793 2215 1819 15
2243 1786 2298 1820 Ego
2311 1788 2399 1811 meum

238 1825 285 1852 Sed
302 1833 415 1859 ea,quae
430 1824 507 1858 longa
521 1822 711 1850 consuetudine
726 1820 898 1856 comprobata
913 1821 986 1853 sunt,
1007 1829 1035 1846 ac
1054 1828 1100 1854 per
1113 1828 1195 1845 annos
1208 1819 1291 1854 pluri·
1353 1821 1471 1847 studium
1485 1822 1513 1846 in
1523 1819 1652 1854 Reinpub.
1669 1820 1722 1847 iam
1735 1820 1784 1846 illo
1796 1826 1916 1855 tempore
1930 1820 2047 1854 ostendi,
2066 1830 2151 1856 quum
2163 1822 2244 1856 longo
2258 1818 2398 1848 interuallo

240 1870 295 1888 nios
311 1861 465 1892 obseruata,
485 1860 558 1886 velut
573 1859 651 1885 tacita
665 1858 767 1884 ciuium
783 1856 1040 1888 conuentione,non
1053 1856 1141 1881 minus
1155 1864 1235 1890 quani
1250 1864 1290 1887 ea,
1353 1862 1472 1882 veterem
1486 1854 1703 1882 consuetudinem
1717 1855 1815 1882 Retuli.
1888 1856 2010 1890 Repetita
2029 1863 2108 1891 atque
2126 1857 2207 1883 relata
2226 1857 2308 1892 longo
2322 1856 2402 1882 inter-

239 1906 307 1932 quae
323 1897 417 1931 scripta
435 1897 509 1928 sunt,
534 1895 593 1922 iura
613 1895 759 1921 seruantur.
803 1894 907 1924 Inimo,
926 1895 1011 1928 inquit
1027 1891 1133 1917 Paullus
1151 1890 1168 1916 l.
1185 1893 1216 1922 36
1230 1890 1292 1917 eod.
1353 1892 1426 1918 vallo
1441 1892 1574 1918 maiorum
1588 1891 1751 1917 consuetudo
1769 1891 1842 1917 Idem
1855 1891 1985 1918 Diuin.in
1993 1893 2069 1919 Caec.
2083 1895 2127 1927 67.
2170 1894 2200 1919 Et
2213 1893 2268 1918 Att.
2282 1900 2304 1924 1,
2317 1900 2341 1924 13
2369 1890 2403 1918 Et

239 1942 349 1967 magnae
362 1932 527 1958 auc'ioritatis
542 1930 591 1957 hoc
604 1931 645 1956 ius
659 1929 784 1956 habetur:
802 1927 875 1963 quod
889 1929 917 1954 111
931 1934 1033 1954 tantum
1047 1927 1189 1962 probatum
1204 1926 1250 1959 est,
1263 1931 1292 1952 vt
1355 1927 1443 1962 postea
1458 1928 1564 1962 prorsus
1578 1926 1611 1953 ab
1630 1926 1748 1953 instituta
1762 1926 1850 1953 nostra
1864 1928 2053 1954 consuetudine
2067 1928 2145 1962 longe
2159 1928 2269 1962 refugit.
2323 1925 2405 1961 Lepi.

240 1978 294 1995 non
307 1969 390 1995 fuerit
403 1967 623 2001 neceffe‚script0
638 1966 665 1992 id
681 1964 916 2000 comprehendere·
988 1964 1044 1990 Cic·
1059 1963 1090 1989 de
1103 1965 1206 1989 liment·
1223 1971 1243 1995 1,
1257 1964 1291 1996 67
1299 1972 1333 1999 50
1355 1963 1404 1990 dus
1418 1963 1449 1990 ad
1462 1963 1518 1990 Cic.
1534 1964 1605 1989 Fam.
1621 1971 1659 1995 10,
1673 1970 1700 1995 35
1734 1962 1806 1989 Nam
1823 1962 1954 1989 exercitus
1973 1963 2080 1990 6111181115
2098 1963 2314 1990 consuetudinem
2328 1962 2413 1988 suam'

241 2004 447 2031 Consuetudinis
470 2003 510 2029 ius
523 2004 571 2029 esse
584 2008 690 2037 putatur
711 2001 754 2034 id,
774 2000 846 2036 quod
865 2000 1003 2027 voluntate
1022 2000 1144 2025 omnium
1167 1998 1220 2025 fine
1234 1999 1290 2032 lege
1355 2000 1384 2026 in
1402 1999 1509 2026 ciuibus
1528 1998 1715 2030 obseruandis,
1732 1997 1922 2033 communique
1939 2007 2019 2033 pace,
2045 1998 2175 2026 seditione
2193 1998 2262 2026 faeta
2281 1997 2402 2026 retinuit.

241 2039 353 2065 vetustas
365 2038 557 2071 comprobarit.
610 2040 639 2064 In
653 2047 683 2064 ea
696 2043 784 2064 autem
797 2037 856 2063 iura
871 2037 929 2062 sunt
943 2035 1071 2070 quaedam
1087 2036 1141 2069 ipsa
1154 2035 1208 2061 iani
1222 2040 1292 2060 certa
1358 2035 1445 2070 Serpit
1458 2043 1487 2061 ac
1503 2035 1593 2070 prodit
1625 2034 1698 2060 Idem
1712 2033 1805 2060 Diuin.
1820 2033 1849 2060 in
1863 2034 1940 2060 Caec.
1953 2036 1993 2064 68.
2065 2034 2174 2061 Seruare
2201 2034 2239 2060 Id.
2255 2035 2327 2060 Fam.
2342 2042 2366 2065 ς,
2377 2041 2403 2065 9.
2430 2047 2433 2052 -

242 2081 350 2110 propter
364 2073 528 2099 vetustatem.
565 2074 628 2105 Qio
642 2074 670 2098 in
684 2082 780 2107 genere
795 2078 821 2098 et
834 2072 886 2099 alia
901 2073 958 2098 sunt
973 2071 1065 2104 multa,
1079 2078 1211 2097 eteorum
1225 2070 1293 2096 niul·
1356 2071 1445 2098 Seruit
1464 2070 1652 2098 consuetudini
1670 2069 1869 2104 orthographia
1901 2068 2035 2103 Qiinfi'til.
2051 2077 2071 2101 1,
2087 2077 2113 2104 7.
2185 2069 2242 2096 Cic.
2254 2068 2368 2103 Philipp.
2380 2076 2405 2103 3,

242 2118 270 2137 to
285 2110 399 2136 maxima
413 2117 478 2143 pars,
497 2116 564 2142 quae
580 2108 714 2133 Praetores
729 2107 833 2132 edicere
847 2107 1016 2134 consuerunt.
1051 2107 1189 2140 Quaedam
1203 2112 1293 2133 autem
1357 2116 1391 2142 27
1413 2109 1476 2141 Qio
1487 2107 1574 2133 minus
1586 2105 1656 2133 mihi
1670 2105 1860 2132 inimicissimus
1873 2104 1983 2138 fit‚non
1996 2105 2138 2136 recusabo,
2158 2104 2176 2131 fi
2188 2104 2404 2131 consuetudinem
2446 2113 2447 2117 ¹

217 2162 219 2165 ν
243 2154 338 2181 genera
353 2145 419 2171 iuris
434 2145 487 2170 iam
502 2149 572 2170 certa
585 2141 775 2169 consuetudine
787 2140 856 2167 faeta
873 2142 945 2166 sunt:
972 2142 1044 2174 quod
1059 2150 1155 2174 genus,
1176 2141 1328 2178 paetum,;;
1354 2151 1457 2174 meam,
1478 2152 1558 2177 quam
1570 2144 1672 2176 semper
1685 2142 1714 2168 in
1729 2140 1876 2176 Republica
1890 2141 1982 2174 habui,
2004 2141 2145 2168 Tenuere.
2194 2140 2301 2167 Tenuit
2319 2135 2421 2174 Qiriy':
2446 2171 2447 2175 Ἰ

243 2191 304 2217 par,
326 2180 480 2206 iudicatum.
552 2178 608 2204 Cic.
622 2178 699 2204 Verr.
723 2185 744 2209 1,
767 2178 801 2209 69
833 2176 916 2202 Cuius
935 2175 1135 2201 consuetudinis
1155 2182 1233 2209 atque
1254 2175 1293 2200 in-
1355 2176 1410 2201 etii.
1432 2185 1456 2206 2,
1470 2185 1489 2202 1.
1559 2177 1658 2202 Venire
1677 2176 1710 2202 ad
1729 2176 1870 2203 dicendum
1891 2185 1906 2203 a
1924 2177 2114 2205 consuetudine
2134 2175 2267 2203 scribendi
2297 2175 2354 2206 Cic.

244 2217 328 2244 stituti
343 2223 427 2251 patres
443 2214 613 2247 maioresque
629 2212 732 2239 nostros
746 2220 801 2237 non
813 2210 973 2245 poenitebat.
1046 2210 1119 2236 Idem
1139 2219 1188 2244 pro
1200 2209 1292 2237 Rabir.
1355 2212 1430 2238 Orat.
1446 2219 1466 2243 1,
1481 2219 1531 2244 152.
1594 2211 1719 2246 Vsurpari
1733 2211 1766 2237 ab
1780 2212 1934 2246 aliquibus,
1953 2219 1980 2239 61
1991 2213 2020 2239 in
2033 2212 2174 2247 prouerbii
2186 2211 2361 2239 consuetudin

244 2253 316 2289 perd.
330 2261 377 2278 reo
391 2256 421 2281 28
452 2250 559 2276 Adeone
573 2250 678 2282 ignarus
698 2256 725 2273 es
741 2246 901 2280 Disciplinae
915 2245 1167 2279 consuetudinisque
1180 2245 1294 2277 nostrae,
1354 2246 1457 2281 aliquid
1471 2248 1564 2273 venii-e
1577 2246 1673 2275 dicitur
1694 2246 1767 2277 Idem
1781 2247 1833 2274 Off.
1847 2256 1871 2279 2,
1884 2247 1921 2281 53.
1993 2249 2093 2275 Venire
2112 2256 2144 2275 ex
2157 2248 2281 2275 vtilitatis
2299 2255 2330 2274 ra
2343 2247 2350 2252 '

244 2295 273 2316 vt
291 2288 354 2315 haec
374 2286 472 2313 nescias
487 2286 496 2311 Ξ
566 2282 738 2311 Consuetudo
752 2281 979 2321 exercitatioque,
1007 2286 1032 2306 ct
1045 2280 1214 2313 intelligendi
1233 2290 1294 2314 pru-
1354 2283 1384 2309 in
1397 2281 1614 2309 consuetudinem
1635 2283 1673 2309 Id.
1688 2282 1720 2309 de
1734 2283 1837 2310 Inuent.
1850 2292 1876 2316 2,
1891 2286 1931 2317 65.
1988 2284 2104 2319 Dialogo
2124 2283 2156 2310 de
2169 2284 2245 2311 Orat.
2260 2293 2281 2310 c.
2296 2291 2324 2310 12

245 2325 361 2352 dentiam
380 2323 466 2354 acuit,
495 2326 521 2347 et
542 2319 687 2355 eloquendi
707 2318 870 2345 celeritatem
889 2321 982 2343 incitat
1008 2315 1047 2342 Id.
1067 2315 1099 2341 de
1114 2316 1188 2342 Orat.
1209 2324 1229 2347 i,
1248 2324 1292 2347 90.
1300 2324 1335 2348 60
1354 2318 1480 2353 frequens
1499 2328 1527 2344 ac
1539 2318 1633 2344 affidua
1646 2318 1725 2345 nobis
1746 2319 1882 2346 eontentio
1894 2319 1948 2347 iam
1968 2329 2051 2355 prope
2070 2321 2100 2347 in
2116 2319 2336 2347 consuetudinem
2391 2341 2395 2344 .

245 2360 386 2388 Vetustatis
400 2364 426 2385 et
438 2356 635 2384 consuetudinis
650 2355 690 2382 vis
703 2354 819 2381 maxima
838 2353 894 2380 Cic.
909 2352 940 2378 de
947 2351 1056 2378 Amicit.
1066 2358 1101 2386 70
1115 2360 1136 2377 c.
1151 2358 1187 2383 19·
1224 2350 1294 2376 Con·
1356 2354 1432 2379 tiffet.
1506 2354 1554 2380 Vti
1567 2354 1757 2381 consuetudine
1786 2354 1842 2381 Cic.
1856 2355 1929 2382 Fam.
1950 2363 1985 2388 13,
2001 2364 2041 2389 23.
2239 2354 2260 2393 ff
2281 2365 2301 2390 4
2335 2354 2366 2387 CJ

247 2396 385 2424 suetudine
399 2401 424 2421 et
437 2393 626 2420 exercitatione
639 2391 761 2418 adiuuari
786 2389 859 2416 Idem
873 2388 905 2414 de
919 2389 994 2415 Orat.
1010 2396 1033 2420 2,
1047 2392 1099 2420 358-
1161 2385 1202 2412 Ad
1215 2386 1310 2426 Graes,
1356 2387 1484 2427 suet-ude,
1521 2390 1659 2424 [συνεσία]
1696 2390 1870 2424 Carmen-satio,
1889 2391 2072 2426 familiaritas.
2109 2391 2163 2418 Hic
2181 2401 2228 2428 par
2263 2400 2278 2418 e
2297 2399 2330 2418 co
2348 2420 2350 2422 ,

247 2441 340 2460 corum
352 2429 569 2458 consuetudinem
584 2429 715 2463 disputare
741 2425 778 2453 Id.
792 2425 824 2452 de
837 2425 912 2451 Orat.
927 2432 951 2455 2,
968 2432 993 2456 13
1009 2432 1031 2449 6.
1045 2431 1066 2455 3.
1137 2421 1178 2462 Ad
1198 2429 1296 2448 exerci-
1355 2421 1458 2450 tudinis
1472 2425 1546 2449 causa
1563 2430 1678 2450 niorteni
1696 2423 1775 2451 huius
1789 2431 1843 2451 tam
1864 2426 1916 2452 fert
1929 2426 2101 2454 familiariter
2121 2428 2189 2454 Ter.
2203 2428 2245 2454 Ari
2264 2437 2285 2454 1.
2301 2435 2326 2460 1,
2334 2432 2361 2466 ¹9.
2400 2423 2408 2459 Ι,

246 2470 374 2496 tationem
393 2464 664 2499 consuetudinemque
686 2461 805 2498 patiendi
824 2460 943 2488 remedia
962 2467 1115 2494 comparare
1142 2459 1199 2485 Cic.
1215 2458 1297 2484 Tusc.
1358 2458 1432 2485 Idem
1441 2457 1523 2485 Andr.
1536 2467 1560 2490 3,
1573 2466 1597 2490 3,
1611 2464 1624 2488 8
1643 2460 1725 2492 Spero
1734 2458 1924 2487 consuetudine
1937 2466 1963 2487 et
1977 2462 2105 2496 coniugio
2120 2462 2228 2490 liberali
2240 2458 2402 2494 deuinffli‘ii,

250 2513 273 2538 5,
285 2512 330 2538 74.
385 2503 486 2529 Contra
499 2509 601 2528 morem
621 2498 892 2532 consuetudinemque
909 2495 1018 2522 ciuilem
1038 2495 1125 2521 facere
1148 2494 1230 2520 'Ideni
1244 2493 1297 2520 Off.
1317 2497 1349 2528 65
1357 2494 1480 2521 Chreme.
1552 2494 1609 2520 Cic.
1624 2494 1694 2520 Fam.
1708 2502 1734 2525 2,
1747 2502 1757 2520 1
1795 2495 1850 2529 Ego
1869 2501 1896 2522 te
1909 2494 2020 2522 abfuisse
2039 2496 2142 2523 tamdiu
2156 2506 2171 2524 a
2184 2498 2262 2524 nobis
2281 2504 2308 2524 et
2320 2492 2409 2530 doinus

251 2549 271 2572 1,
285 2548 318 2571 13.
372 2538 399 2565 Si
413 2545 515 2573 praeter
527 2536 743 2563 consuetudinem
756 2534 885 2561 exstiterit
898 2531 971 2567 quod
985 2531 1090 2563 oritur,
1107 2536 1211 2565 praeter
1224 2536 1298 2556 natu·
1359 2530 1432 2566 quod
1447 2530 1519 2556 carui
1533 2529 1624 2556 fructu
1637 2528 1833 2556 iucundiffimae
1845 2531 2055 2559 consuetudinis:
2081 2537 2108 2558 et
2121 2532 2224 2564 laetor,
2269 2532 2339 2564 uod,
2358 2527 2408 2559 ιιι-’ζ

252 2584 309 2602 ram
321 2580 408 2600 tamen
422 2583 475 2600 non
490 2572 573 2607 potest
587 2572 697 2598 existere
729 2570 766 2597 Id.
781 2570 813 2596 de
826 2569 918 2596 Diuin.
936 2577 955 2600 1,
968 2569 1011 2594 60.
1083 2567 1139 2593 Cic.
1154 2575 1203 2600 pro
1218 2565 1296 2592 Arch.
1359 2566 1432 2593 Ideni
1447 2567 1518 2595 Faui.
1533 2574 1559 2598 2,
1574 2573 1602 2598 19
1632 2565 1724 2599 Magni
1739 2564 1881 2592 videbatur
1898 2566 2034 2599 interesse,
2053 2567 2086 2593 ad
2105 2576 2164 2594 eam
2183 2576 2245 2594 nece
2263 2563 2406 2599 studimini,

253 2620 282 2643 32
304 2611 379 2643 Qiae
393 2609 425 2635 de
440 2609 513 2635 causa
527 2617 575 2642 pro
595 2617 653 2634 mea
666 2606 854 2634 consuetudine
874 2605 995 2631 breuiter
1006 2602 1215 2638 simpliciterque
1229 2601 1297 2634 dixi,
1359 2611 1439 2643 quani
1451 2602 1530 2628 nobis
1545 2603 1599 2628 sors
1613 2601 1759 2634 tribuisset,
1779 2601 1996 2628 consuetudinem
2015 2611 2122 2637 quoque
2135 2603 2266 2630 accedere.
2331 2602 2405 2628 Ami.
2427 2621 2431 2626 .

251 2646 369 2678 Iudices,
389 2653 419 2671 ea
432 2644 537 2670 confido
547 2664 554 2675 ‚
575 2651 619 2670 etc.
690 2642 839 2669 Secundum
852 2639 1069 2668 consuetudinem
1084 2638 1299 2674 praecedentium
1361 2638 1457 2670 611136,
1478 2636 1697 2670 consuetudines,
1716 2637 1867 2664 vicinitates
1897 2637 1937 2664 Id.
1953 2637 2009 2672 post
2022 2637 2101 2664 redit.
2115 2638 2149 2664 ad
2162 2638 2240 2672 Qiir.
2255 2647 2276 2671 3.
2328 2636 2423 2664 Indu-2

252 2689 402 2717 temporum
420 2681 532 2706 Trajan.
547 2679 612 2705 Plin.
627 2678 705 2713 Epist.
721 2687 759 2711 ιο,
772 2683 811 2708 82·
883 2676 1011 2703 Lucceius
1026 2675 1057 2701 ad
1070 2675 1126 2701 cic.
1141 2675 1212 2701 Fam.
1231 2682 1254 2706 ς,
1269 2682 1299 2708 ¹4
1311 2684 1347 2711 70
1360 2674 1417 2701 ctus
1431 2673 1619 2700 consuetudine
1633 2679 1659 2700 et
1671 2673 1854 2699 familiaritate
1886 2673 1943 2700 Cic.
1956 2682 2005 2708 pro
2019 2673 2112 2707 Qiint.
2127 2681 2163 2700 12.
2233 2671 2398 2704 eonsuetudss
2448 2687 2459 2704 ›,

253 2719 282 2744 Et
297 2718 328 2745 ad
343 2715 496 2743 conuicium
510 2714 628 2741 nosti-uni
642 2714 748 2746 redeas,
770 2720 795 2740 et
808 2713 841 2740 ad
854 2710 1081 2739 consuetudinem.
1142 2710 1223 2744 Supra
1236 2718 1298 2735 con·
1359 2717 1385 2737 et
1399 2710 1568 2737 familiaritas
1597 2709 1670 2736 Idem
1685 2709 1758 2735 Fam.
1779 2717 1817 2741 10,
1836 2717 1858 2741 3.
1951 2710 2105 2744 Hospitium
2125 2718 2180 2736 non
2192 2708 2289 2741 modo,
2311 2679 2421 2741 vehi&
2446 2725 2449 2742 ς
2465 2716 2474 2731 t

253 2753 420 2780 suetudinem
437 2751 538 2786 aliquid
552 2750 638 2777 facere
657 2750 724 2776 Cels-
742 2759 764 2781 Ξ,
779 2758 803 2776 2·
877 2748 934 2775 Cic·
948 2748 1020 2774 Fam.
1032 2756 1060 2780 4,
1077 2755 1101 2779 13
1122 2747 1211 2772 Vnam
1225 2746 1298 2772 enim
1359 2747 1440 2773 etiam
1459 2745 1632 2772 domesticum
1650 2746 1725 2772 vsum
1745 2750 1771 2771 et
1790 2744 2026 2778 consuetudinem,
2047 2754 2107 2772 cuni
2124 2745 2217 2780 aliquo
2230 2746 2279 2772 effe
2305 2743 2425 2781 mdis-²¹⁴¹*
2458 2753 2474 2767 v<

253 2796 352 2825 partem
376 2794 402 2815 et
417 2786 634 2814 consuetudinem
653 2794 743 2812 earum
759 2784 952 2819 Epistolariun‚
976 2782 1072 2818 quibus
1086 2781 1206 2809 secundis
1220 2781 1299 2808 rebus
1359 2783 1435 2809 Rosc.
1450 2784 1538 2808 Amet.
1559 2788 1606 2814 115.
1690 2780 1825 2815 Congredi
1839 2781 1994 2816 quotidiana
2014 2781 2205 2808 consuetudine
2226 2790 2285 2808 cum
2305 2779 2338 2815 al*
2357 2787 2406 2822 uo..
2456 2779 2458 2782 ’

253 2826 293 2853 vti
308 2823 454 2852 solebamus
463 2844 471 2856 ,
490 2829 593 2858 tempus
606 2822 747 2857 eripuerat.
820 2819 1018 2847 Consuetudine
1031 2819 1103 2845 vitae
1115 2818 1300 2852 sermonisque
1360 2818 1413 2845 vid.
1434 2823 1450 2844 C
1462 2823 1512 2844 ΟΝ
1522 2823 1543 2844 G
1553 2823 1572 2844 R
1582 2823 1598 2844 E
1607 2823 1626 2843 D
1635 2824 1644 2843 1
1654 2823 1709 2844 011.
1773 2816 1916 2844 Deuincire
1929 2817 2039 2845 domum
2052 2817 2206 2852 aliquorum
2220 2817 2314 2844 consue
2347 2846 2351 2852 ,
2401 2842 2405 2850 ,
2447 2808 2450 2839 i

254 2860 424 2896 interpretari
437 2860 564 2886 virtutem
591 2858 663 2885 Idem
679 2857 711 2883 de
725 2855 832 2883 Amicii.
846 2863 884 2882 21.
956 2854 1181 2881 Consuetudinem
1201 2855 1299 2880 sermo·
1313 2858 1349 2886 73.
1361 2854 1417 2882 Cic.
1430 2862 1478 2889 pro
1495 2852 1575 2880 Arch.
1591 2861 1629 2885 32.
1700 2851 1773 2879 Idem
1793 2852 1822 2879 in
1835 2853 1919 2880 Pison.
1935 2855 1966 2885 68
1996 2853 2077 2880 Dedit
2092 2854 2118 2880 se
2130 2854 2159 2880 in
2179 2853 2334 2884 consuetudi
2356 2867 2383 2874 .

254 2898 294 2924 nis
308 2896 410 2924 vocabo
430 2895 584 2922 consensum
605 2893 786 2920 eruditorum:
818 2890 881 2917 ficut
899 2891 1023 2921 viuendi,
1049 2891 1203 2917 consensum
1215 2889 1300 2916 bono·
1362 2890 1395 2917 sic
1408 2890 1522 2926 prorsus,
1537 2895 1566 2916 vt
1579 2897 1631 2915 vna
1643 2889 1756 2920 viuere-t,
1769 2897 1816 2914 1166
1830 2889 1886 2916 fere
1897 2888 1930 2916 ab
1944 2889 1994 2916 isto
2005 2898 2122 2924 vnquam
2138 2889 2292 2916 discederet.
2364 2918 2366 2920 ,
2388 2916 2397 2919 -

257 2942 315 2960 runi
337 2931 467 2966 Qiinc'til.
484 2940 502 2963 1,
516 2933 532 2958 6
545 2937 609 2957 extr.
681 2928 834 2956 Studiorum
853 2926 1013 2959 finiiiitudo,
1037 2927 1150 2953 suauitas
1163 2926 1301 2952 consuetu·
1362 2934 1481 2963 mergere
1498 2925 1522 2952 se
1537 2924 1639 2960 penitus
1659 2924 1687 2951 in
1701 2924 1918 2959 consuetudinem
1939 2925 2051 2952 alicuius
2065 2925 2204 2952 blanditiis
2217 2931 2249 2958 ,et
2260 2925 2360 2956 affenta
2382 2929 2399 2949 .'

257 2969 341 3001 dinis,
357 2967 499 2994 delectatio
520 2967 591 2994 vitae
610 2972 689 3000 atque
704 2964 806 2995 Victus,
827 2962 955 2989 sermonis
975 2962 1100 2994 societas,
1121 2962 1215 2988 literae
1234 2961 1300 2988 inte-
1361 2961 1440 2989 nibus
1460 2961 1497 2988 Id.
1512 2970 1561 2996 pro
1576 2960 1683 2989 Cluent.
1696 2963 1736 2993 36.
1771 2978 1774 2980 -
1806 2961 1864 2987 Cic.
1879 2961 1951 2988 Fam.
1966 2963 1994 2994 6,
2007 2969 2030 2987 ιι
2061 2961 2165 2988 Etenim
2186 2969 2277 2988 omnes
2289 2961 2342 2988 Cae
2450 2967 2451 2985 3

257 3006 342 3031 riores
353 3024 360 3037 ,
373 3003 478 3030 vincula
492 3004 559 3035 sunt,
573 3002 671 3037 quibus
688 2999 853 3027 libentissinie
866 2997 1053 3032 adstringimur
1067 2998 1123 3024 Cic.
1138 2998 1210 3024 Fam.
1226 3006 1248 3029 3,
1264 3006 1300 3023 10.
1363 2998 1509 3025 familiares
1523 2997 1582 3024 satis
1595 3002 1745 3031 opportune
1756 2995 1844 3024 habeo
1857 2996 2007 3031 implicatos
2022 2996 2232 3029 consuetudine.>
2261 2995 2361 3025 'Infinu
2442 3005 2443 3010 ¹

257 3042 308 3066 Hic
327 3038 498 3067 Consuetudo
520 3039 645 3074 speciatim
663 3044 735 3063 notat
756 3045 824 3068 eam,
841 3043 900 3070 quae
918 3035 991 3070 vulgo
1011 3034 1177 3060 conuersatio
1197 3040 1301 3060 vocatur
1317 3036 1349 3062 80
1362 3035 1391 3061 in
1405 3033 1516 3061 alicuius
1536 3032 1750 3060 consuetudinem
1780 3032 1853 3059 Idem
1868 3033 1940 3059 Fam.
1959 3041 1987 3066 4,
2006 3040 2040 3065 ¹3-
2110 3034 2223 3068 Iungere
2241 3033 2336 3066 confug
2371 3028 2415 3058 -'f
2437 3047 2441 3063 Ι.

257 3076 284 3102 de
299 3085 345 3112 qua
359 3085 383 3102 n.
399 3085 425 3109 4.
498 3069 591 3101 Vic‘ius
605 3073 717 3100 alicuius
732 3069 894 3098 consuetudo
915 3070 971 3097 Cic.
986 3071 1039 3095 Att.
1054 3078 1088 3101 12,
1105 3077 1141 3102 23.
1178 3068 1300 3096 Sci-ibon.
1362 3079 1425 3103 nes,
1450 3069 1598 3100 amicitias,
1622 3077 1682 3101 res,
1704 3068 1819 3095 rationes
1840 3077 1873 3094 ue
1892 3077 1952 3094 cum
1967 3067 2103 3103 aliquibus
2131 3067 2169 3095 Id.
2189 3077 2239 3103 pro
2260 3068 2349 3101 Deiot.

259 3120 308 3138 122.
361 3109 545 3146 Cognoscendi
565 3110 651 3141 ratio,
679 3114 705 3134 et
726 3106 877 3142 ignoscendi
899 3104 1059 3132 consuetudo
1091 3105 1146 3131 Cic.
1161 3114 1210 3140 pro
1226 3105 1300 3131 Rosc.
1362 3104 1383 3143 ff
1404 3113 1417 3138 ς
1454 3107 1491 3131 De
1504 3114 1531 3131 re
1551 3107 1682 3131 amatoria.
1719 3104 1791 3131 Huic
1815 3077 1837 3138 ἒ
1829 3103 1917 3139 scorto
1919 3105 1940 3138 )
1965 3103 2129 3132 consuetudo
2147 3104 2222 3132 iuxta
2240 3103 2393 3138 1116111113
2404 3115 2409 3119 ⁴>
2436 3105 2439 3114 '

259 3147 345 3172 Amor.
360 3155 380 3179 3.
435 3145 606 3174 Consuetudo
623 3145 658 3171 est
673 3144 720 3171 ista
733 3143 892 3174 doctorum,
912 3147 940 3168 vt
955 3141 988 3168 iis
1003 3140 1030 3167 id
1045 3147 1172 3175 ponatur,
1193 3140 1226 3167 de
1246 3150 1299 3175 quo
1362 3150 1423 3169 cuni
1436 3140 1535 3168 Ebutio
1549 3140 1602 3167 fuit
1622 3140 1682 3166 Liu.
1697 3148 1738 3173 39,
1751 3148 1778 3173 9.
1847 3139 1936 3175 Stupri
1953 3140 2012 3167 Sall.
2026 3139 2105 3167 Catil.
2120 3149 2142 3167 c.
2155 3148 2214 3173 113..ἶ
2255 3139 2355 3175 *Stupri
2375 3138 2396 3164 ῗῑ

259 3181 389 3215 disputent
402 3189 446 3208 etc.
466 3182 539 3209 Idem
554 3181 584 3208 de
600 3180 706 3208 Amicit.
722 3188 759 3215 17.
829 3177 1000 3205 Consuetudo
1013 3176 1137 3211 peccandi
1172 3176 1209 3202 Id.
1225 3177 1300 3203 Verr.
1363 3187 1423 3205 cere
1437 3186 1497 3204 cum
1510 3185 1562 3211 qua
1597 3176 1667 3202 Suet.
1684 3175 1768 3210 Calig.
1786 3184 1809 3202 c.
1823 3183 1865 3209 24.
1935 3175 2047 3203 Domini
2067 3185 2128 3203 cum
2145 3174 2258 3208 ancilla,
2283 3174 2356 3202 dom'
2383 3186 2389 3204 ,¹
2439 3189 2442 3199 ,»

261 3226 284 3248 2.
305 3225 357 3249 129.
429 3217 626 3244 Consuetiidine
646 3222 730 3251 patres
742 3214 859 3247 faciunt,
870 3213 896 3240 id
913 3212 984 3248 qnasi
997 3221 1096 3239 nouum
1112 3211 1302 3247 reprehendis?
1317 3212 1346 3241 83
1363 3223 1422 3240 cuni
1437 3213 1512 3240 seruo
1546 3211 1678 3245 Quinctil.
1697 3219 1721 3245 ς,
1741 3220 1776 3244 11,
1790 3220 1833 3245 34.
2030 3208 2053 3274 ἕ
2071 3213 2088 3238 6
2122 3213 2172 3238 Pro
2183 3213 2221 3238 lin
2255 3220 2271 3238 a
2301 3210 2351 3238 Coi
2377 3216 2403 3245 ῥ’).
2418 3211 2451 3234 '¹.¹

260 3254 316 3279 Cic.
329 3260 377 3287 pro
397 3253 470 3279 Rosc.
486 3254 573 3279 Amer.
587 3263 624 3286 44
637 3261 657 3278 c.
673 3259 708 3287 17.
778 3251 846 3277 Cels.
862 3258 880 3282 4
894 3251 941 3276 ult.
964 3247 1045 3283 Qiod
1057 3247 1074 3275 fi
1090 3249 1143 3274 iam
1157 3248 1301 3275 Consuetu-
1365 3258 1389 3282 3,
1406 3258 1431 3282 2,
1449 3253 1462 3279 8
1484 3255 1508 3275 et
1523 3256 1550 3274 12.
1558 3248 1618 3275 Pro.
1631 3254 1648 3282 7
1668 3246 1778 3274 Latinae
1791 3246 1978 3274 consuetudini
1990 3252 2031 3275 tra
2050 3247 2102 3274 idit
2115 3247 2212 3275 Cicero
2249 3244 2382 3282 61101111ιῇ-
2406 3260 2420 3282 ,ι
2449 3273 2451 3278 ,

261 3288 295 3315 do
308 3289 365 3315 eius
392 3288 516 3319 (morbi)
545 3288 613 3315 sa6ta
628 3288 680 3320 est,
710 3286 792 3322 potest
811 3285 919 3321 quidem
940 3284 1036 3320 aliquis
1056 3284 1104 3310 eise
1125 3284 1241 3310 securior
1261 3283 1301 3311 his
1363 3284 1582 3312 Oeconomicum.
1639 3283 1684 3310 Me
1696 3282 1752 3310 dies
1765 3288 1825 3310 ante
1838 3281 1961 3316 deficiet,
1980 3291 2060 3318 quam
2079 3282 2184 3310 diuersa
2201 3283 2332 3311 miracula
2403 3311 2406 3314 ,
2423 3293 2441 3315 ,η

261 3323 436 3360 temporibus,
452 3324 549 3357 quibus
569 3324 647 3350 dolor
667 3324 692 3350 se
711 3322 825 3353 remisit,
842 3325 859 3349 i.
872 3320 898 3356 fi
909 3319 990 3354 statis
1009 3319 1158 3356 temporibus
1170 3321 1193 3345 is
1206 3320 1302 3346 morbus
1363 3322 1492 3348 summein
1515 3319 1688 3354 811111861161.
1702 3318 1734 3346 de
1747 3319 1816 3346 virt.
1830 3318 1954 3346 Monaeh.
1967 3319 2015 3346 Or.
2032 3327 2042 3345 1
2054 3328 2076 3345 6.
2091 3327 2115 3352 ¹3
2129 3325 2194 3346 extr.
2292 3335 2297 3352 .
2349 3320 2352 3327 “
2375 3320 2377 3322 ’
2405 3317 2408 3322 ’

260 3363 406 3387 νειανηιην.
452 3359 650 3386 Consuetudine
669 3357 739 3393 quafi
759 3358 842 3385 altera
862 3364 955 3384 natura
975 3354 1089 3384 efficitur
1125 3355 1183 3381 Cic.
1198 3355 1229 3380 de
1243 3356 1300 3383 Fin.
1399 3360 1838 3386 consve‘rvniiwiiuvs,
1858 3362 1889 3386 a,
1912 3363 1968 3381 um.
1998 3353 2059 3382 Adi.
2085 3353 2229 3388 [Συνήθηῃ
2247 3357 2316 3388 φιλ

262 3404 284 3429 ς,
297 3404 334 3429 74
349 3405 370 3421 c·
385 3403 424 3427 25-
495 3394 537 3421 Fit
550 3403 581 3420 ex
601 3394 642 3421 his
659 3393 840 3425 consuetudo,
862 3392 957 3419 deinde
975 3398 1069 3418 natura
1100 3390 1231 3426 Qiinffll.
1248 3400 1266 3424 1,
1280 3401 1301 3418 2.
1318 3397 1354 3422 90
1363 3393 1423 3419 vet.
1436 3391 1537 3426 Gloffi]
1572 3392 1671 3418 Carnes
1701 3389 1769 3417 salu.
1783 3389 1815 3416 de
1832 3389 1950 3417 Gubem.
1969 3390 2002 3417 D.
2021 3392 2039 3417 6
2051 3399 2076 3426 p.
2087 3398 2143 3424 219.
2177 3389 2298 3418 Portitor
2438 3407 2442 3417 .

263 3430 382 3463 Officiis,
401 3431 467 3462 vsu,
492 3430 680 3456 consuetudine
699 3428 921 3456 coniunffiss‘unus
935 3427 1018 3455 honio
1046 3427 1103 3454 Cic.
1116 3435 1165 3462 pro
1178 3426 1247 3467 Sulla
1262 3435 1301 3462 57.
1364 3429 1410 3463 Ep.
1424 3435 1452 3463 7,
1467 3436 1498 3454 11.
1572 3426 1650 3453 Vitae
1668 3426 1729 3455 vsu:
1748 3425 1862 3452 Saluian.
1875 3434 1896 3452 6.
1912 3425 1930 3453 1.
1943 3435 1968 3461 p.
1980 3434 2036 3453 221.
2372 3424 2374 3426 ’
2417 3427 2422 3438 ‘

263 3466 283 3529 p
305 3476 317 3493 2
356 3466 477 3501 Epitbcta.
525 3464 627 3491 Affidua
640 3465 771 3498 Qiineiil.
789 3474 815 3498 i,
835 3473 854 3491 1.
925 3463 1039 3491 Barbara
1053 3472 1082 3490 ac
1100 3463 1223 3490 immanis
1241 3471 1302 3489 con-
1398 3469 1526 3491 CONsv
1536 3469 1575 3490 Gi
1586 3468 1672 3494 1.1.0„
1694 3465 1748 3489 are.
1791 3460 1931 3488 Firmicus.
2361 3479 2365 3485 .
2387 3485 2390 3491 ,
2408 3473 2410 3479 ·
2424 3475 2426 3479 ν

275 3502 372 3529 uetudo
391 3501 530 3528 hominurn
552 3500 775 3527 immolandorum
801 3501 857 3528 Cic.
879 3509 928 3535 pro
947 3500 1024 3526 Font.
1051 3508 1084 3526 21.
1158 3498 1303 3526 Communi
1401 3505 1447 3527 co
1456 3506 1477 3525 N
1487 3505 1529 3526 sv
1541 3504 1558 3524 1.
1569 3518 1577 3531 ‚
1599 3503 1616 3525 C
1629 3503 1649 3524 Ο
1660 3504 1682 3524 Ν
1692 3503 1706 3524 S
1715 3503 1737 3529 Y
1747 3502 1792 3524 1.o
1802 3516 1810 3529 ,
1830 3499 1884 3525 ere.
1926 3496 1984 3524 Vid.
2006 3503 2023 3525 C
2036 3502 2056 3524 0
2065 3503 2111 3525 Ns
2120 3503 2155 3524 11.
2165 3503 2204 3527 LV
2213 3502 2255 3527 M,-
2325 3521 2328 3525 ,
2354 3504 2376 3526 ,Γ
2389 3498 2409 3517 11
2422 3528 2424 3530 q
2440 3498 2441 3502 ’

264 3537 452 3564 consuetudine
476 3536 603 3564 sermonis
631 3535 782 3569 abutimur,
820 3545 885 3562 uum
904 3536 941 3562 ita
962 3535 1094 3567 dicimus,
1112 3533 1181 3561 veile
1199 3533 1302 3568 aliquid
1403 3539 1480 3562 CON
1491 3541 1531 3562 SV
1541 3540 1566 3560 M
1574 3540 1646 3566 ΜΟ,
1673 3536 1727 3559 are.
1764 3533 1864 3560 Gemino
1884 3538 1911 3559 M
1925 3533 2068 3569 scriptum,
2103 3533 2251 3566 [curi-emo,
2275 3529 2294 3557 οἷ
2351 3542 2353 3546 ’
2376 3536 2378 3539 ’

265 3574 425 3608 quempiam,
438 3578 483 3599 3111
495 3572 566 3599 nolle
580 3571 632 3598 fine
645 3572 717 3597 causa
732 3572 787 3598 Cic.
821 3581 835 3598 e
849 3572 914 3598 Fato
928 3580 968 3604 24.
1003 3571 1135 3597 Diuturna
1143 3569 1304 3597 consuetudo
1323 3572 1356 3598 95
1365 3571 1483 3607 atenim]
1498 3572 1601 3606 proprie
1615 3567 1649 3602 qli
1662 3568 1772 3596 Summas
1787 3568 1909 3605 colligere,
1923 3575 1947 3595 ee
1959 3571 1986 3595 in
1999 3578 2074 3595 vitam
2089 3576 2240 3595 coac-eruore.
2277 3566 2364 3594 Colu·
2437 3570 2441 3598 ζ·
2453 3558 2457 3565 “

266 3617 313 3643 pro
327 3609 383 3635 iure
395 3615 420 3635 et
436 3609 491 3643 lege
506 3609 533 3634 in
545 3607 595 3640 his,
607 3615 674 3641 quae
688 3615 743 3633 nun
755 3615 787 3633 cx
800 3607 896 3641 scripto
909 3606 1076 3639 descendunt,
1088 3605 1225 3632 obseruari
1237 3605 1303 3632 solet
1365 3606 1398 3633 de
1413 3606 1444 3633 R.
1458 3606 1490 3632 R.
1503 3614 1527 3638 3,
1541 3613 1564 3638 5,
1577 3614 1596 3639 4
1625 3604 1649 3631 Is
1661 3612 1787 3633 numerus
1801 3605 1965 3632 consummat
1975 3612 2031 3639 ‚per
2043 3609 2129 3631 totum
2143 3603 2266 3637 iugerum
2278 3601 2353 3637 semi,

267 3644 370 3679 leian.
391 3645 407 3670 1.
430 3653 456 3677 33
477 3644 503 3671 ff.
522 3643 555 3670 de
574 3642 684 3677 legibus.
761 3641 898 3670 incondita
917 3641 1078 3671 consuetudo
1099 3640 1218 3673 dicendi,
1249 3641 1303 3668 vid.
1365 3641 1452 3669 millia
1465 3647 1580 3676 quatuor
1596 3646 1621 3667 et
1633 3639 1740 3675 viginti.
1809 3639 1882 3666 Idem
1896 3648 1920 3672 3,
1930 3648 1954 3673 3,
1968 3647 1997 3666 10
2017 3638 2204 3667 Consummant
2218 3639 2342 3674 septem:
2378 3661 2401 3672 ,Ἴ
2413 3647 2419 3654 ·
2448 3655 2450 3666 ,

268 3687 276 3705 1
288 3687 307 3705 N
318 3686 361 3707 (20
372 3688 391 3706 N
402 3687 419 3707 D
430 3688 437 3706 1
450 3686 472 3706 'r
482 3686 535 3707 vs.
605 3677 661 3705 Cic.
677 3678 704 3704 in
719 3677 793 3704 Orat.
818 3680 858 3703 161
887 3678 967 3711 Qiod
985 3678 1002 3704 fi
1016 3676 1126 3704 Indodta
1141 3676 1303 3703 consuetudo
1366 3676 1482 3705 sestertia
1496 3677 1550 3703 duo
1564 3676 1651 3703 millia
1668 3681 1694 3702 et
1707 3681 1812 3702 centum
1825 3684 1929 3702 numos.
1954 3674 2038 3707 ⁴Adel.
2049 3681 2074 3708 5,
2084 3682 2108 3708 3,
2121 3683 2141 3707 4
2159 3674 2312 3709 Eodemque
2333 3686 2336 3696 ι
2358 3684 2377 3693 ¹<
2404 3682 2406 3689 ¹

268 3722 319 3741 tam
332 3716 367 3741 cst
381 3715 477 3742 artifex
492 3715 644 3746 suauitatis,
668 3713 731 3748 quid
745 3712 778 3739 ab
791 3712 845 3747 ipsa
857 3714 961 3739 tandein
975 3719 1030 3740 arte
1046 3720 1072 3740 et
1085 3712 1205 3740 door-ina
1218 3712 1304 3746 postu·
1368 3728 1414 3734 —-
1447 3711 1642 3740 consummabis
1653 3719 1794 3738 numerum
1806 3711 1946 3739 seminum.
1981 3711 2054 3737 Hinc
2205 3707 2227 3747 ff
2242 3717 2260 3736 2
2279 3707 2401 3747 Cous„

268 3751 316 3776 lari
333 3753 467 3784 putamus?
494 3754 495 3757 ’
537 3752 684 3783 interrupta
693 3769 701 3781 ‚
728 3747 782 3774 vid.
809 3755 818 3774 ι
829 3754 850 3773 Ν
861 3754 882 3774 T
891 3755 907 3774 Ε
916 3754 932 3774 R
944 3756 961 3775 R
972 3756 992 3774 v
1001 3756 1024 3775 M
1034 3756 1049 3776 Ρ
1057 3756 1086 3776 o.
1156 3749 1304 3774 inueterata
1313 3752 1361 3771 100
1369 3757 1451 3782 mare,
1465 3746 1497 3782 23st
1510 3749 1642 3784 Ainrluere
1654 3754 1698 3774 aur
1706 3747 1839 3783 'Per-ficere.
1881 3745 1909 3774 Si
1920 3754 1973 3782 qua
1983 3749 2075 3779 coepta
2087 3743 2161 3777 sunt,
2183 3750 2213 3772 vt
2225 3745 2375 3780 consum
2394 3759 2425 3780 *2-
2438 3763 2439 3775 2

268 3786 428 3812 consuetudo
442 3795 491 3819 pro
505 3785 562 3820 lege
575 3795 628 3812 non
643 3784 780 3812 immerito
795 3783 954 3810 custoditur:
977 3791 1003 3811 et
1017 3784 1067 3811 hoc
1079 3783 1174 3817 estius,
1182 3783 1253 3818 quod
1267 3783 1304 3810 di·
1369 3791 1430 3818 tur,
1450 3793 1543 3811 curare
1556 3783 1634 3810 debet
1647 3782 1664 3810 Ι.
1676 3790 1695 3818 7
1711 3781 1735 3820 §.
1750 3790 1760 3808 1
1773 3782 1799 3809 ff.
1814 3782 1846 3809 de
1858 3780 2015 3813 offleeroc.
2051 3781 2092 3807 Sic
2105 3779 2225 3812 scribon.
2237 3788 2306 3811 300.Δ
2331 3778 2379 3810 Gm
2408 3785 2419 3812 ‚¹
2452 3803 2463 3814 ,Ἰ

268 3822 337 3848 citur
356 3821 475 3847 nioribus
495 3821 664 3849 constitutum
683 3827 728 3847 etc.
764 3818 859 3846 Iulian.
876 3818 903 3844 in
923 3818 939 3844 1.
953 3827 980 3851 32
1005 3820 1037 3847 de
1057 3819 1154 3855 quibus
1174 3818 1252 3846 causis
1273 3819 1304 3845 D.
1367 3820 1460 3848 Rhodii
1472 3821 1530 3846 Lex.
1540 3819 1649 3849 Scribon.
1685 3813 2022 3852 Consuminaturprofeffio
2035 3815 2209 3850 Scriboni-tp,
2225 3815 2293 3849 'Vna
2303 3821 2343 3845 re
2374 3816 2377 3817 ⁷
2396 3814 2429 3851 ’ζ

269 3857 300 3884 de
312 3856 392 3891 legib.
426 3878 431 3884 ,
465 3857 554 3891 Lapsa,
574 3857 628 3884 vid.
647 3864 664 3883 1.
673 3863 694 3883 A
706 3862 790 3884 BoR.
845 3854 941 3881 Libera
956 3855 1088 3888 peccandi,
1107 3855 1162 3882 vid.
1182 3861 1304 3882 LIBER.
1370 3856 1513 3883 sumniatur
1532 3855 1659 3887 Animus,
1676 3853 1788 3880 scientia
1806 3853 1940 3881 bonorum
1958 3859 1988 3878 ac
2006 3851 2139 3878 malorum
2150 3849 2365 3885 ,immutabili-2¹„
2381 3851 2384 3853 ’

269 3894 359 3927 Longa
378 3891 508 3925 Qiinciii.
522 3901 547 3924 2,
562 3901 582 3926 ς.
652 3888 725 3919 Μ313
745 3891 812 3917 Hor.
826 3889 908 3917 Serm.
926 3898 945 3922 1,
958 3898 980 3922 3,
994 3893 1032 3922 36.
1097 3891 1154 3917 Cic.
1167 3890 1198 3917 de
1212 3889 1305 3925 Legib.
1369 3891 1415 3925 Ep.
1427 3896 1466 3922 88.
1535 3890 1608 3917 Idem
1623 3888 1701 3925 Epist.
1717 3898 1745 3922 32
1764 3889 1854 3917 Vitam
1867 3887 2057 3918 consummare·
2114 3887 2336 3920 Consummart,
2362 3888 2367 3889 ⁷

268 3937 286 3960 i,
304 3937 328 3960 51
345 3928 464 3955 Tantam
477 3928 525 3953 esse
541 3928 718 3962 corruptelam
731 3925 819 3954 Malae
830 3925 1073 3958 consiietudinii‚vt
1086 3926 1120 3953 ab
1126 3935 1166 3960 ea,
1179 3933 1305 3961 tanquam
1315 3927 1358 3955 ¹05
1369 3926 1474 3961 explere
1492 3926 1585 3954 Vitam
1608 3925 1656 3957 Id.
1666 3924 1714 3960 ΕΡ.
1729 3932 1763 3952 12.
1843 3921 2031 3958 &similit-iter
2041 3921 2206 3957 iniiireript.
2215 3919 2292 3958 apid,
2308 3950 2317 3961 „
2330 3951 2333 3954 Α
2345 3950 2349 3956 ,
