2474 4182
38 167 90 209 29
447 142 655 187 Asss

73 244 399 270 ABSINTHIATVS,
412 242 448 269 ’3,
466 243 526 266 11111,
553 230 672 266 absinthio
691 229 819 260 conditus,
840 235 869 255 vt
889 229 946 256 Scn.
968 228 1068 256 Suasor.

40 287 58 314 7
70 286 108 312 pr.
145 277 202 303 Hoc
211 274 228 300 fi
237 280 325 300 tamen
338 273 409 299 recia
421 273 463 298 via
474 268 597 302 consequi
611 275 665 293 non
679 271 781 300 potem,
796 264 914 300 decipere
929 273 975 292 vos
983 271 1069 303 cogar,
1101 300 1105 302 .

39 312 121 340 veluti
133 311 270 338 salutarem
283 310 370 344 pueris
383 309 486 335 daturus
498 305 634 340 potionem
649 301 800 328 abiinthiati
814 301 909 335 poculi.
954 300 1070 335 Absolute

33 350 123 385 posuit.
179 345 373 373 Ablinthiatum
386 343 458 377 Apic.
473 349 498 373 1,
519 348 540 371 3.
596 336 730 372 Lamprid.
750 337 795 364 Ela
815 357 821 363 .
834 346 861 363 21
883 337 977 363 Rosato
990 340 1069 367 atque

36 383 193 411 absinthiato
207 381 300 415 vulgus
312 380 344 407 ad
359 376 500 407 bibendum
514 374 648 401 inuitauit.
687 346 852 410 Scdjtufsuat
864 374 905 400 hic
917 368 988 398 lectio
997 388 1005 400 ,
1025 368 1069 394 ab·
1089 373 1102 399 ς

37 419 148 452 sinthio,
168 417 329 449 absiiithato,
348 414 479 441 absentato
493 413 553 438 aliis
564 409 707 447 legentibus.
1028 441 1032 445 Δ

72 457 358 483 nmina-iuras,
383 457 428 480 ae,
449 457 484 473 in.
518 445 663 481 [ἅψινέτίτης
685 443 807 470 intelleflo
826 440 897 477 ἕως,
914 439 978 468 vnde
997 445 1072 464 ctiam

37 491 137 518 [Atinii-
151 490 281 525 massalino
294 494 379 523 genere
392 483 514 517 effertiw]
530 486 613 509 vinum
628 480 748 513 absinthio
761 480 897 508 conditum,
925 475 989 511 quod
1002 474 1072 517 :locet

30 528 120 565 facere
139 527 198 552 Col.
220 533 260 556 12,
279 530 314 554 35.
352 519 418 548 Add„
440 517 505 546 Plin.
530 527 573 551 14,
595 519 622 543 16
642 517 660 543 s.
681 525 708 548 ¹9
730 525 754 542 n.
782 524 803 549 ς.
847 513 883 540 Id.
902 519 949 544 23,
970 519 980 537 1
1002 515 1020 536 l.
1036 512 1071 550 26

36 563 104 597 Qus
127 563 204 588 satius
223 559 319 586 censeat
337 554 475 583 absinthite
489 555 552 581 vino
573 553 699 579 Vtendum
719 552 820 587 potius,
839 556 916 583 quam
937 545 1070 586 absinthio
1084 550 1113 569 10

38 599 103 634 ipso.
143 597 256 625 Meminit
269 596 340 619 etiam
354 600 402 624 20,
422 600 439 626 7
452 591 470 617 s.
480 592 521 617 26.
560 589 661 616 Scribo.
671 589 764 623 Comp.
778 595 821 621 192
840 582 1070 609 dicitabsinthium

38 640 130 670 potum
143 641 200 659 cum
213 630 286 669 vino.

75 665 274 698 Arsis,id1s.
311 661 499 689 vid..›ii>sis.
1020 691 1023 695 Ι

75 708 251 733 ABSlS‘rO,
271 699 341 731 stiti,
361 706 412 724 ere.
450 695 614 732 [ίπαςατὲω]
651 696 741 722 Aloco
758 692 798 731 vel
812 699 828 716 a
847 699 874 716 re
892 688 1071 751 αΙῐῃέα-ᾱψ-ε-

38 741 100 768 dere.
134 738 178 764 Cui
203 738 333 771 opponitur
358 730 482 769 Affistere.
533 732 606 758 Licet
626 731 672 758 alti
693 729 806 765 vulneris
827 734 890 752 orae
906 726 936 764 vA
957 725 1072 765 stiterint
1086 730 1112 757 15

37 777 107 804 Grat.
116 773 213 807 Cyneg.
228 780 272 805 352
284 771 387 797 i.hit'⁷1t.
427 770 483 795 Fere
497 771 610 804 iungitur
623 768 727 794 ablatam
733 765 787 802 stne
798 763 986 797 praepositione.
996 762 1070 794 Vri-g.

38 813 99 839 Aen.
116 811 149 841 6,
170 813 214 841 258
251 824 260 830 -
279 824 289 828 -
309 823 319 828 -
347 804 436 840 procul
456 804 473 831 ὀ
488 803 578 838 procul
592 803 643 829 este
658 798 800 840 prophani,
821 797 975 825 Conclamat
989 804 1070 836 vates,

34 852 143 880 totoque
157 843 269 870 abiistite
284 842 352 868 luco.
390 840 463 867 Bello
480 839 599 866 abtistere
612 840 699 865 Horat.
716 837 766 860 Sat.
783 842 810 873 13
834 842 861 866 3,
882 842 938 866 104.
977 833 1069 875 Tacit.

36 881 102 910 Hist.
117 889 151 913 4,
171 888 210 912 32.
253 876 399 906 isidoras
414 876 445 903 ad
455 876 501 902 Sil.
517 884 548 908 2,
569 883 621 908 325.
657 872 759 910 Conatu
773 870 832 909 Liu.
846 878 889 901 33,
910 877 930 902 5.
969 869 1071 894 rurore

36 918 94 945 Liu.
107 924 154 951 37,
178 935 184 942 .
270 915 394 948 Incoepto
410 913 469 939 Liu.
484 921 523 945 31,
546 931 552 938 .
574 930 580 937 .
611 909 736 947 ¹Imperio
750 907 810 932 Liu.
828 911 871 937 38,
893 924 908 945 ·.
922 925 928 931 .
980 905 1070 938 Oppu-
1080 913 1115 931 20

70 953 174 984 atione,
193 950 234 977 vel
248 949 385 976 obsidione
398 949 456 975 Liu.
475 956 525 980 24,
544 954 575 979 34
589 950 612 970 et
625 950 671 977 37,
691 949 728 977 17.
778 942 865 975 Pugna
878 941 938 967 Liu.
953 948 994 972 31,
1016 959 1022 965 .
1044 949 1050 966 .

34 990 50 1016 S
69 998 82 1014 e
102 987 146 1014 Sil.
161 987 217 1014 Ital.
232 988 276 1018 16,
295 993 342 1017 223
357 986 392 1019 sq.
544 990 558 1007 2
579 980 637 1006 Sum
659 985 682 1003 et
701 979 764 1004 aliae
777 975 985 1009 construebatur,
1006 985 1030 1001 v.
1044 984 1070 1012 g.

36 1025 52 1052 i>
65 1025 101 1051 in.
117 1032 148 1056 2,
168 1028 181 1054 8
206 1021 246 1048 Ab
261 1021 314 1048 sole
329 1028 462 1055 nunquam
477 1018 509 1045 ab
520 1016 592 1044 istens
607 1013 724 1049 partibus
743 1014 785 1040 sex
799 1019 878 1047 atque
898 1012 1071 1046 quadraginta

35 1060 154 1095 longius,
173 1057 289 1092 dejitlere
307 1058 417 1083 Veneris.
455 1052 594 1083 Abiistere,
613 1060 666 1076 cum
681 1048 787 1087 gerundi
801 1049 872 1075 verbo
887 1056 936 1083 pro
951 1048 1071 1086 ablatiuo.

34 1095 162 1123 Laudatur
175 1094 233 1120 Liu.
248 1102 298 1126 24,
320 1101 352 1125 34
372 1090 495 1118 Ablistere
509 1086 660 1114 obsidendo.
699 1084 746 1112 Sed
765 1092 832 1110 totus
853 1086 920 1110 locus
931 1086 971 1117 ,με
982 1083 1112 1114 h.zbet:2;

35 1133 125 1165 Qium
146 1130 232 1156 omnis
251 1135 357 1155 conatus
378 1125 494 1154 ludibrio
516 1124 590 1155 esset,
615 1121 736 1148 absistere
756 1120 968 1155 oppugnatione,
993 1126 1071 1154 atque

35 1166 177 1195 obsidendo
197 1172 299 1192 tantum
318 1171 404 1190 arcere
422 1168 491 1188 terra
511 1159 632 1193 marique
644 1157 835 1184 commeatibus
848 1156 949 1183 hostem
965 1155 1070 1190 placuit.

35 1204 132 1231 Certim
152 1200 185 1235 <ll
204 1210 260 1238 ergo
280 1198 376 1227 Abflste
390 1195 519 1232 precando
546 1195 621 1228 Virg.
635 1194 699 1219 Aen.
714 1198 744 1225 8,
760 1201 820 1226 403.
858 1191 1002 1224 Ablistere,
1016 1193 1072 1225 Jine

34 1239 105 1276 casu,
121 1244 170 1274 pro
184 1237 297 1270 diffinere.
312 1235 383 1268 Virg.
397 1234 460 1259 Aen.
477 1240 502 1263 1,
522 1238 566 1263 192
588 1230 644 1256 Nec
657 1230 729 1264 prius
746 1227 859 1260 ablistit,
881 1236 960 1262 quam
975 1228 1073 1262 septem

36 1276 151 1309 ingentia
163 1272 252 1300 ν1ἕ101·
287 1271 405 1305 Corpora
418 1267 509 1294 fundat
524 1266 608 1293 humi.
646 1265 790 1296 Ablistere,
809 1273 862 1290 cum
876 1266 1012 1298 inflammo,
1023 1272 1073 1298 pro
1084 1271 1116 1295 30

35 1310 147 1342 delinere.
192 1307 343 1335 Benefacere
356 1313 388 1331 ne
408 1304 516 1339 ingratis
531 1301 638 1337 quidem
653 1300 770 1327 abfistam
792 1300 852 1326 Liu.
869 1302 915 1332 36,
935 1307 972 1332 35.
1017 1300 1074 1326 Nec

36 1341 108 1383 prius
121 1344 265 1372 abstitimus
279 1343 379 1368 ferrum
392 1348 512 1366 exercere
529 1340 581 1365 Ou.
595 1338 659 1364 Met.
675 1345 718 1370 12,
739 1345 793 1369 534.
832 1336 906 1370 Virg.
915 1336 980 1362 Aen.
991 1337 1018 1368 6,
1025 1343 1074 1368 399

57 1399 67 1405 -
88 1400 97 1404 -
118 1399 127 1403 -
149 1379 245 1407 Absiste
266 1378 378 1405 moueri.
423 1375 527 1403 Colum.
553 1383 596 1406 iz,
618 1381 661 1406 19,
682 1382 700 1406 4
732 1372 789 1399 Nec
813 1371 914 1397 absistat
938 1371 965 1397 id
978 1372 1073 1397 facere.

38 1417 192 1450 Abfistitur,
212 1415 316 1449 Impers.
337 1411 531 1448 [αἶπος-σιτεῖται]
552 1410 611 1436 Liu.
631 1418 675 1441 21,
699 1410 716 1434 6
748 1407 841 1442 Legati
855 1407 919 1433 milli
937 1407 1075 1441 Carthagi-

37 1463 114 1486 nem,
135 1453 153 1479 si
166 1461 219 1479 non
239 1450 401 1478 absisteretur
420 1447 505 1480 bello,
535 1446 566 1472 ad
584 1445 675 1472 ducem
698 1444 784 1479 ipsum
802 1444 831 1470 111
853 1452 964 1478 poenam
985 1444 1076 1469 foede·
1090 1452 1118 1478 3,-

36 1490 74 1518 ris
96 1489 166 1523 rupti
186 1485 382 1522 deposcendum.

74 1532 95 1552 Α
104 1531 120 1552 Β
130 1531 141 1551 s
152 1532 159 1550 1
170 1530 213 1550 ετ
223 1530 238 1549 Ε
247 1528 305 1553 NS,
322 1518 486 1554 [inormi-Er]
500 1517 558 1543 Liu.
572 1525 623 1550 24,
638 1525 673 1543 20
701 1516 809 1543 Tamen
822 1516 865 1551 spe
878 1514 1075 1542 labefaeiandae

37 1559 98 1586 fidei
112 1558 180 1585 haud
193 1556 326 1588 absistens,
350 1554 476 1588 Salapiam
491 1552 583 1579 tendit.

72 1599 216 1621 ABSOCE
226 1599 261 1624 R,
278 1591 325 1618 eri.
338 1600 372 1616 m.
389 1590 501 1622 Socero,
512 1589 670 1624 prosocero,
687 1593 713 1613 et
730 1587 794 1614 item
807 1587 862 1614 alio
875 1588 1033 1622 prosocero,
1050 1592 1076 1614 et

35 1628 138 1657 duobus
152 1627 281 1655 absoceris
294 1625 401 1654 COSS.
439 1625 554 1660 Capitol.
570 1624 599 1650 in
613 1623 742 1650 Gordian.
762 1633 784 1650 c.
794 1620 821 1650 ⁸2.

70 1670 308 1695 A3301.13sco‚
333 1671 362 1688 ex
381 1661 458 1697 Jbli‘tn
480 1663 606 1697 injolitum
623 1659 693 1695 fieri.
734 1659 853 1686 Tertull.
874 1658 984 1686 Exhort.
1005 1658 1074 1686 Cast.

34 1709 88 1737 cap.
103 1701 121 1728 6
146 1699 288 1727 Absolescit
302 1698 417 1726 Crescite
431 1696 498 1723 illud
512 1703 537 1723 et
550 1695 774 1730 multiplicamini.
794 1695 866 1722 conf.
882 1696 948 1722 Not.
963 1697 1020 1721 Iun.

71 1742 268 1768 ABSOLVO,
289 1735 335 1767 ui,
359 1741 449 1765 utum,
466 1741 518 1759 ere.
537 1731 671 1767 [dri-omui,
691 1730 870 1765 οἰπαλλιίτω]
907 1732 1032 1762 Liberae,
1046 1729 1076 1756 de

26 1775 101 1806 ,omni
115 1770 180 1808 quod
196 1780 226 1798 ex
238 1780 301 1797 nexu
318 1776 362 1797 aut
376 1767 522 1803 conclusione
541 1769 624 1804 aliqua
644 1767 780 1798 liberatur,
801 1774 844 1794 aut
857 1766 948 1794 editur.
986 1768 1074 1794 Seuer.

35 1809 118 1836 Aetna
131 1808 182 1841 346
215 1807 335 1841 Corpora
348 1805 472 1840 diripiat,
492 1803 635 1839 validoque
648 1803 792 1830 absoluerit
811 1812 882 1829 arcu.
906 1806 924 1829 i.
942 1803 1115 1864 adfornice43

36 1845 130 1875 tolum,
150 1845 190 1869 uti
212 1842 335 1868 decidant.
382 1843 435 1877 an
458 1849 505 1866 non
522 1842 608 1867 liceret
630 1839 775 1872 matribus,
792 1840 884 1872 Qum
905 1847 958 1873 pon
977 1848 1007 1864 us
1021 1838 1077 1863 alui

34 1880 216 1911 absoluerent‚
235 1877 337 1904 Puerile
350 1877 443 1912 pignus
457 1875 551 1902 tollere
564 1874 749 1906 Prudflymn.
763 1873 891 1907 Epiphan.
903 1882 955 1905 ¹45·
974 1876 993 1898 i.
1002 1879 1077 1909 pare-

34 1923 98 1943 rent.
146 1916 196 1941 Hic
208 1917 287 1951 igitur
301 1916 353 1940 vim
383 1916 471 1939 rimam
484 1918 508 1937 et
520 1913 649 1945 propriam
659 1909 734 1943 ,habet
746 1909 792 1934 hoc
808 1907 916 1933 verbum.
955 1907 996 1932 Sic
1011 1906 1076 1931 libe-

35 1959 93 1979 rare
100 1949 249 1986 simpliciter
262 1948 295 1982 est
308 1952 335 1974 in
350 1951 359 1974 i
380 1956 391 1973 ο
407 1947 476 1973 Τ30.
492 1947 522 1971 A.
538 1954 573 1977 4,
590 1952 638 1976 23,
655 1951 664 1969 1
689 1944 713 1968 Is
727 1942 835 1969 demum
853 1950 939 1980 annus⁴
949 1941 1076 1974 populum

35 1987 85 2014 Ro.
105 1987 186 2020 longo
208 1985 346 2011 aduersum
361 1980 516 2008 'Numidam
539 1978 740 2005 Tacfarinatem
754 1977 825 2004 bello
838 1977 960 2001 absoluit.
997 1973 1075 2005 Apul.
1086 1982 1117 2006 50

33 2023 100 2051 Met.
116 2030 125 2048 1
139 2031 164 2056 p.
179 2022 224 2047 106
238 2026 305 2046 extr.
320 2017 385 2044 Elin.
421 2016 462 2042 Sic
477 2015 522 2042 illa
535 2014 678 2048 propitiata
694 2018 776 2036 totam
796 2010 933 2034 ciuitatem
952 2007 1075 2045 absoluit,

35 2061 53 2084 ι’.
63 2059 204 2093 poemiam
218 2052 317 2092 infima
329 2053 453 2080 liberauit.
490 2051 522 2074 Et
535 2049 567 2072 de
579 2046 662 2072 habit.
678 2044 762 2083 doeh-3
776 2043 849 2069 Plato
866 2051 890 2076 p.
905 2044 937 2074 6,
955 2050 982 2068 12
1011 2042 1075 2067 Am-

37 2101 108 2120 niam
127 2107 170 2112 ——
190 2099 244 2116 non
263 2103 308 2109 ——
326 2087 470 2120 perituram
487 2090 547 2108 cum
565 2088 677 2114 corpore
694 2079 777 2105 fuerit
791 2078 919 2104 absoluta.
1028 2076 1076 2104 Sed

486 2116 535 2154 sed
547 2119 652 2142 maxime
665 2114 699 2141 ad
708 2114 804 2141 iudicia
816 2114 929 2150 refertur
937 2133 944 2144 ‚
965 2113 1008 2140 vbi
1014 2113 1076 2140 Con-

1080 1634 1117 1660 40

35 2128 57 2165 ἦ
76 2135 93 2154 2
112 2126 269 2159 multiplicem
283 2122 355 2148 habet
367 2120 434 2156 osum
448 2129 456 2143 :

32 2164 140 2189 erarium
153 2163 204 2186 eius
217 2156 249 2191 est
264 2156 396 2184 damnare.
445 2154 549 2180 Varium
569 2152 638 2188 vsum
651 2158 675 2178 et
686 2147 890 2184 construfi’ionem
902 2151 1019 2185 exemplis
1031 2158 1076 2186 age
1091 2155 1118 2181 55

33 2197 159 2225 doceamus
173 2205 181 2221 :
217 2194 274 2221 Cic.
285 2193 375 2219 -Verr.
397 2200 432 2224 4,
454 2198 501 2216 100
514 2198 536 2215 0.
549 2195 583 2222 43
613 2187 707 2214 Seruus
730 2186 776 2213 ille
800 2186 926 2213 innocens
950 2185 1075 2212 omnibus

34 2231 167 2261 stntentiis
181 2229 336 2257 absoluitur.
373 2226 410 2253 Id.
424 2226 500 2253 Vei-r.
510 2233 519 2251 i
528 2244 537 2257 ‚
546 2232 581 2259 72.
593 2232 615 2250 0.
631 2228 662 2254 28
683 2223 748 2250 Non
761 2228 787 2249 te
802 2222 952 2249 absolutum
965 2222 1013 2248 effe
1026 2222 1075 2248 im-

37 2267 191 2305 probitatis,
207 2265 250 2293 sed
265 2265 325 2291 illos
341 2263 476 2290 damnatos
495 2262 542 2287 0110
562 2259 657 2286 caedis.
703 2258 744 2285 Ad
758 2259 857 2285 Heren.
871 2266 903 2290 2,
921 2266 949 2291 19
962 2267 985 2285 c.
1000 2266 1024 2290 13
1044 2258 1074 2284 C.

37 2303 140 2332 Caelius
155 2301 233 2330 iudex
248 2300 360 2328 absoluit
374 2298 534 2325 iniuriarum
546 2304 622 2328 eum,
633 2295 680 2330 qui
693 2295 827 2321 Lucilium
840 2295 946 2329 po'e'tam
960 2294 989 2320 in
1001 2294 1076 2320 scena

35 2339 193 2368 nominatim
207 2337 322 2364 laeserat.
359 2336 400 2363 Sic
411 2333 522 2360 Absolui
534 2331 675 2359 maiestatis
692 2331 748 2358 Cic.
764 2340 812 2366 pro
821 2330 955 2358 Cluentio.
993 2330 1117 2358 Inh0c60

35 2385 122 2414 gwere
129 2373 277 2412 subauditur
290 2374 382 2408 aliquis
394 2371 532 2401 ablatiuus,
551 2375 597 2401 vt,
618 2367 731 2394 crimine
744 2377 751 2394 1
781 2365 849 2401 ficut
861 2373 884 2392 et
897 2369 925 2392 in
938 2366 1021 2392 verbis
1035 2375 1076 2392 ac·

37 2422 65 2440 cu
78 2411 152 2442 andi,
170 2420 224 2437 cum
232 2412 374 2446 ‘iunguntur
387 2408 505 2444 genitiuo.
548 2404 683 2432 Ablatiuus
702 2413 755 2429 cum
772 2404 814 2429 vel
824 2401 880 2437 stne
895 2400 1077 2437 praepositione

37 2412 157 2475 adiicitur
169 2456 177 2471 :
215 2445 274 2472 Liu.
296 2453 330 2477 2,
347 2448 360 2474 8
381 2452 420 2477 pr.
447 2442 526 2468 Latae
546 2439 641 2466 deinde
660 2439 744 2474 leges,
765 2446 832 2474 quae
853 2437 988 2465 consulem
1000 2437 1078 2471 regni

36 2483 181 2518 suspicione
193 2481 367 2508 absoluerent.
387 2482 405 2505 i.
418 2477 483 2504 vnde
495 2476 689 2513 intelligeretur,
704 2475 775 2510 falso
789 2474 896 2500 illumin
910 2473 1077 2510 suspicionem

36 2519 104 2546 illam
116 2515 214 2552 veniffe.
249 2517 288 2543 De
300 2513 523 2551 praeuaricatione
537 2512 594 2539 Cic.
607 2511 641 2538 ad
649 2511 743 2544 Qiint.
758 2510 818 2536 frat.
829 2519 846 2537 2
855 2529 863 2542 ,
874 2511 910 2549 ¹⁶.·
931 2510 1036 2549 Elegans
1043 2505 1077 2541 est
1088 2512 1119 2545 63

36 2553 100 2582 illud
116 2554 175 2580 Cic.
188 2553 264 2579 Verr.
277 2561 309 2584 2,
322 2559 356 2578 22
369 2560 391 2577 0.
405 2555 419 2580 8
438 2551 516 2576 Hunc
529 2547 666 2575 hominem
679 2547 779 2574 Veneri
799 2545 929 2577 absoluit,
952 2544 1001 2572 fibi
1016 2553 1076 2571 con-

42 2589 154 2616 demnat.
164 2587 258 2614 maluit
269 2586 394 2613 videlicet
405 2585 525 2611 homines
540 2592 644 2620 peccare
653 2603 662 2616 ,
679 2591 758 2618 quam
772 2581 844 2609 deos,
901 2582 995 2617 Nempe
1007 2591 1023 2608 a
1037 2591 1077 2607 ca-

40 2626 186 2652 lumniatore
198 2621 357 2658 accusandum
372 2627 500 2647 curaiicrat
514 2630 524 2649 ,·
559 2620 663 2655 abeluit
675 2621 783 2654 acceptis
794 2620 884 2644 numi-t.
921 2617 990 2644 Tac.
1007 2617 1041 2643 H.
1050 2625 1076 2648 2,

41 2662 75 2688 60
95 2657 217 2686 Vitellius
231 2656 344 2685 credidit
358 2656 390 2683 de
405 2655 531 2691 perfidia,
545 2661 570 2682 et
584 2655 663 2682 fidem
674 2653 796 2682 absoluit.
817 2657 835 2680 i.
849 2652 957 2680 credidit
963 2652 1077 2688 persidos

41 2694 111 2729 ἧκ’-[Τι’
131 2695 269 2722 Paullinum
288 2700 311 2719 et
331 2693 474 2723 Proculum,
495 2691 559 2728 quod
579 2691 617 2718 illi
627 2690 762 2726 riecqffieate
775 2689 1033 2727 qwdamfingebarzt,
1054 2695 1118 2725 et70

40 2731 118 2759 fidem
125 2739 207 2757 earum
222 2733 247 2755 in
262 2729 396 2758 Othonem,
418 2737 489 2763 quam
497 2730 632 2763 puniturus
645 2734 713 2758 erat,
726 2725 752 2762 fi
761 2725 857 2753 credere
869 2723 1009 2760 perexiffit,
1018 2727 1076 2760 quia

38 2767 186 2805 negabatur,
206 2764 328 2792 absoluit.
371 2764 427 2790 Cic.
441 2772 490 2798 pro
507 2764 581 2790 Rosc.
595 2764 672 2790 Com.
686 2771 714 2796 3,
736 2765 753 2789 6
767 2772 789 2789 c.
805 2770 832 2789 12
854 2761 909 2788 Cur
918 2766 972 2788 tam
991 2761 1073 2795 inipe-

39 2804 90 2831 rite
102 2802 181 2835 facit,
201 2808 230 2828 vt
242 2809 289 2827 nec
301 2799 425 2828 Roscium
437 2799 604 2835 stipulatione
616 2799 721 2834 alliget,
733 2807 820 2834 neque
833 2807 848 2824 a
861 2797 962 2824 Fannio
973 2797 1076 2827 iudicio

39 2840 65 2866 se
79 2838 218 2866 absoluat?
253 2836 298 2863 vbi
318 2845 366 2863 non
388 2835 480 2862 iudicis
494 2833 541 2869 est,
561 2834 610 2872 sed
629 2838 696 2867 eius,
712 2838 754 2871 qui
774 2841 858 2864 cauet,
879 2842 908 2859 ne
920 2835 947 2859 in
957 2833 1076 2860 iudicium

38 2877 124 2902 uocari
131 2873 214 2911 poffit.
250 2873 307 2900 Cic.
319 2871 352 2899 ad
365 2872 458 2906 Quint.
473 2872 574 2904 frat.2‚
595 2879 608 2905 5
629 2871 785 2898 Senatorum
798 2878 863 2898 vrna
876 2869 980 2905 copiose
991 2868 1076 2896 absol·
1086 2884 1118 2913 7,-

41 2911 98 2943 vit,
118 2912 136 2937 i.
154 2910 239 2937 multis
251 2908 394 2944 sententiis.
444 2909 511 2934 Hor.
526 2908 577 2935 Sat.
590 2916 618 2941 2,
634 2916 657 2941 3,
672 2915 724 2942 279
755 2925 765 2929 -
786 2924 795 2929 -
816 2923 826 2928 -
845 2922 855 2927 -
875 2913 908 2931 an
928 2911 1076 2932 commotae

41 2945 151 2973 crimine
169 2944 264 2972 mentis
300 2943 426 2976 Absolues
448 2943 601 2977 hominem,
622 2949 649 2970 et
668 2943 771 2970 sceleris
789 2939 926 2969 damnabis
944 2941 1076 2969 eundem?

40 2982 118 3009 Luca.
133 2989 160 3016 7,
177 2986 227 3016 870
260 2979 334 3014 Qiid
353 2984 439 3007 totum
459 2980 596 3015 premitis,
616 2979 682 3014 quid
701 2985 788 3006 totum
808 2977 945 3005 absoluitis
963 2977 1075 3005 orbem?

8 3048 10 3050 q
41 3018 64 3045 0
78 3018 132 3048 Dii,
143 3026 186 3043 cur
197 3019 294 3043 noxium
301 3016 397 3052 facitis
408 3022 485 3042 totum
497 3016 590 3047 orbem,
611 3022 636 3041 et
646 3014 762 3052 insignem
776 3016 895 3043 Romanis
905 3013 1032 3044 cladibus,·
1051 3019 1076 3040 et

42 3061 68 3080 eo
81 3052 147 3088 ipso,
161 3050 224 3088 quod
236 3058 302 3079 totus
314 3049 347 3085 es}
359 3050 474 3078 madidus
485 3051 555 3078 caede
565 3049 658 3084 nostra,
670 3059 748 3078 totum
757 3058 847 3087 purum
857 3053 1039 3085 pronunciatis,
1053 3056 1077 3076 et
1085 3062 1117 3088 30

10 3095 11 3098 ¹
41 3089 132 3115 nullam
143 3091 194 3114 eius
203 3093 300 3126 partem
310 3086 426 3124 infignem
439 3086 482 3121 effe
489 3090 618 3123 patimini.
725 3086 746 3125 ff
762 3096 774 3120 3
795 3084 1075 3122 Absoluere,q[iPerfi-

41 3133 102 3155 ecre,
115 3130 140 3150 et
152 3126 189 3150 rei
195 3127 274 3159 pnem
285 3125 412 3158 imponere.
425 3123 573 3159 [αἶπος-των,
587 3121 755 3159 διαπράττειν]
776 3122 832 3149 Cic.
843 3121 894 3149 Off.
901 3130 959 3155 3³¹0
971 3131 994 3149 0.
1003 3131 1019 3149 2.
1040 3123 1076 3149 Vt

12 3166 13 3184 ς
40 3168 120 3187 1101110
136 3157 223 3194 916101·
235 3158 293 3184 ess‘et
307 3158 426 3186 inuentus
439 3159 486 3196 qui
500 3160 572 3186 Coae
579 3159 689 3186 Veneris
703 3168 760 3185 eain
775 3164 964 3193 partem‚quatn
973 3158 1076 3193 Apelles

40 3195 190 3223 inchoatam
205 3193 326 3228 reliquit,
337 3192 490 3222 absolueret.
511 3197 587 3223 Varr.
595 3195 626 3222 R.
634 3196 698 3228 R.2‚
706 3200 747 3228 8,1
763 3193 888 3220 Absoluta
900 3194 958 3221 sunt
969 3194 1041 3227 liba,
1057 3197 1075 3221 i.

12 3232 13 3272 J
41 3238 140 3267 parata.
164 3231 220 3257 Cic.
228 3229 260 3256 de
272 3229 335 3256 Nat.
343 3229 421 3256 neor.
428 3239 453 3263 2,
461 3238 487 3264 33
507 3240 528 3258 c.
536 3240 559 3265 13
580 3233 611 3258 In
623 3232 698 3258 omni
710 3237 804 3257 natura
815 3230 910 3257 necesse
923 3230 959 3257 est
971 3230 1075 3258 absolui
1107 3247 1118 3255 ,

11 3282 14 3295 :
41 3266 143 3302 aliquid
158 3272 203 3293 aut
217 3265 317 3301 perfici.
355 3263 393 3291 id.
406 3264 438 3291 ad
450 3266 502 3292 Att.
512 3275 546 3300 13,
554 3276 582 3300 19
603 3267 729 3302 Dialogos
743 3266 847 3293 confeci
862 3271 888 3293 et
901 3265 1010 3294 absolui.
1043 3268 1074 3294 Et
1105 3258 1117 3274 ²

12 3311 14 3315 ’
44 3302 76 3329 de
89 3302 138 3330 Fin
141 3321 263 3329 .....
302 3301 384 3341 Quae·
396 3300 533 3329 0011111πᾶ3
552 3312 612 3330 011111
630 3302 761 3335 honestis,
784 3302 868 3329 vitam
881 3301 982 3329 beatam
997 3302 1075 3338 perfi-

42 3338 111 3365 ciant
128 3343 154 3365 et
171 3337 316 3364 absoluant.
353 3337 410 3363 Cic.
425 3335 458 3362 de
471 3337 527 3364 Ein.
541 3346 566 3371 2,
579 3346 621 3372 105
641 3348 664 3366 c.
679 3347 709 3372 32
736 3339 793 3366 Nec
812 3338 884 3364 enim
895 3337 996 3365 absolui
1018 3340 1075 3366 vita

1548 141 1748 182 ABS

1127 227 1175 252 suo
1189 224 1282 257 debet,
1293 231 1324 265 γε
1338 225 1432 259 pignus
1441 226 1578 267 absoluat,
1592 238 1625 255 ne
1638 239 1653 256 a
1667 231 1692 257 se
1705 229 1873 260 distrahatur.
1914 233 2000 259 Varro
2015 233 2048 260 de
2060 234 2091 260 R.
2107 233 2138 261 R.
2147 242 2174 268 2,

1127 270 1160 294 11,
1176 270 1185 288 1
1208 263 1343 303 Qioniam
1359 263 1482 295 promifla
1495 263 1671 299 absoluimus,
1685 275 1782 294 eamus.
1820 267 1945 295 Valuulas
1958 268 2053 295 stabuli
2068 270 2175 297 absolue

1126 297 1204 332 Apul.
1220 297 1380 333 adscribitur.
1420 298 1579 330 Absoluere,
1599 300 1697 328 Finire.
1731 303 1813 330 Plaut.
1822 304 1954 337 Rud.3,2,
1963 313 1993 337 39
2015 307 2075 332 Vno
2090 306 2176 333 verbo

1126 333 1278 373 absolua1u‚
1293 332 1354 372 leno
1366 332 1410 358 est.
1454 333 1553 373 Sallust.
1568 335 1626 360 Cat.
1642 341 1679 367 38,
1693 347 1704 368 3
1727 338 1850 374 Namque
1870 341 1910 366 vti
1923 340 2012 375 paucis
2030 340 2175 369 absoluarn.

1128 369 1208 409 Catil.
1222 378 1249 401 4,
1263 377 1276 400 3
1302 369 1387 402 Igitur
1407 368 1439 394 de
1461 369 1592 395 Catilinae
1611 372 1796 400 coniuratione
1816 383 1896 410 quam
1916 376 2045 403 verissime
2064 382 2159 412 potero

1127 413 1215 439 paucis
1231 404 1376 430 absoluam.
1417 403 1578 437 Absoluere,
1593 412 1643 440 pro
1658 410 1737 432 vitam
1760 409 1867 437 adimere
1884 411 1967 438 Plaut.
1982 413 2056 447 Capt.
2070 421 2092 445 3,
2107 420 2130 446 ς,
2143 397 2176 448 ΊΞ

1127 441 1181 466 Diu
1198 448 1247 474 ego
1268 440 1496 479 nunc-cruciabo,
1518 449 1573 466 non
1596 449 1650 467 vno
1673 441 1809 470 absoluain
1827 446 1879 472 die.
1943 449 1999 474 Huc
2017 448 2177 485 referendum

1127 476 1228 515 videtur
1244 476 1307 501 illud
1321 476 1377 502 Cic.
1394 477 1465 502 Fam.
1481 485 1507 509 9,
1519 485 1546 503 zi
1568 483 1634 502 extr.
1675 478 1730 504 Iam
1745 486 1818 513 pater
1832 482 1887 507 eius
1902 485 2031 511 accusatus
2044 492 2059 511 a
2070 484 2108 511 M.
2123 485 2175 511 An-

1127 518 1204 538 tomo
1231 511 1334 537 sutorio
1355 518 1503 538 atramento
1528 511 1662 538 absolutus
1689 521 1805 548 putatur.
1865 518 1948 543 Placet
1974 523 2037 546 enim
2063 521 2178 546 Munatii

1126 545 1284 577 comessura,
1307 547 1468 582 praemi-nst}
1487 548 1551 574 hunc
1572 549 1691 574 hominem
1712 564 1757 568 -—-
1778 559 1869 577 veneno
1884 553 1966 587 sumto
1986 555 2165 582 damnationem

1127 583 1147 646 ἓ
1169 592 1188 617 4
1214 584 1354 619 Singularis
1369 582 1403 616 est
1416 586 1483 609 ratio
1497 584 1574 610 Solin.
1594 593 1616 610 c.
1631 589 1643 614 8
1666 584 1761 616 (Salm.
1773 595 1794 611 c.
1809 594 1825 612 2
1847 595 1870 621 p.
1885 595 1923 620 10,
1938 589 1984 620 B.)
2003 590 2118 618 Bocchus
2132 575 2177 619 ab:

1139 619 1222 651 oluit,
1237 618 1376 645 Gallorum
1390 626 1507 645 veterem
1522 620 1695 653 propaginem
1710 620 1821 647 Vmbras
1837 623 1893 648 esse.
1928 626 1947 650 i.
1961 633 2066 657 narrat,
2086 627 2178 660 utsta—

1126 658 1189 687 tim,
1211 655 1248 680 M.
1270 655 1402 680 Antonius
1420 655 1503 682 refert
1523 669 1568 674 —
1588 655 1730 682 Liciniano
1751 656 1834 691 placet
1854 671 1899 678 —-
1929 659 1978 685 Par
1994 661 2120 689 sententia
2140 663 2178 691 est

1127 691 1198 717 inter
1214 689 1344 716 auctores.

1164 732 1212 766 A'B
1221 733 1234 753 S
1243 732 1262 752 O
1271 732 1288 752 L
1298 725 1318 751 V
1327 732 1348 752 T
1357 731 1379 752 V
1388 732 1400 752 S
1409 745 1418 758 ‚
1458 725 1651 760 [ἐπολελνμὲνπ
1659 746 1667 759 ,
1697 725 1802 763 ἄφετος,
1830 727 1968 764 α’πὸλτννος,
1997 733 2180 769 τετελεσμένος]

1126 763 1220 789 Partic.
1231 764 1335 796 proprie
1356 760 1434 795 Apul.
1449 762 1514 787 Met.
1531 763 1547 787 6
1562 770 1587 796 p.
1603 767 1663 795 184,
1684 771 1715 795 30
1730 763 1796 790 Elm.
1836 764 1907 791 Nam
1928 764 1976 791 vbi
1989 774 2032 792 me
2045 768 2180 802 conspexit

1125 798 1291 830 absolutum,
1316 796 1344 823 de
1366 803 1431 831 asmo
1441 816 1448 827 ‚
1497 800 1522 823 ui
1549 797 1639 824 lorum
1673 799 1824 833 abruperat.
1881 802 1913 827 Et
1935 800 1982 828 lib.
1998 810 2015 834 9
2048 822 2054 828 .
2070 811 2110 835 23¹
2152 813 2181 837 ¹9

1127 835 1245 868 Eumque
1259 832 1331 859 nodo
1343 833 1476 860 ceruicisa
1496 832 1611 859 solutum
1619 833 1768 861 detractum
1788 844 1820 861 ue
1844 850 1889 856 —
1907 836 2014 864 tradunt
2023 811 2179 873 sepultu'rae.

1126 870 1249 897 Prudent.
1265 870 1358 896 Roma.
1374 876 1427 895 1110
1448 869 1544 895 Anima
1559 868 1677 896 absoluta
1691 845 1806 897 vinculis
1821 871 1926 898 coelum
1946 874 2020 907 petit.
2059 876 2100 901 Sic
2118 874 2181 902 Pall.

1129 907 1208 933 Mart.
1224 913 1267 938 12,
1288 914 1305 932 2
1344 904 1472 931 Absoluta
1484 905 1680 939 tempestatibus
1693 905 1764 940 dies,
1803 908 1834 933 Et
1849 915 1876 940 1,
1896 916 1908 940 3
1936 909 2063 936 Absoluta
2075 909 2182 937 nebula-

1127 951 1187 969 rum
1201 940 1325 968 nocfflbus
1338 941 1411 973 loca,
1430 943 1447 966 i.
1462 942 1549 967 libera.
1729 951 1746 969 2
1772 943 1845 978 Sensit
1865 943 2007 971 iuridiciali
2015 952 2118 980 praeter
2131 948 2184 972 iam

1127 985 1322 1017 commemorata.
1361 977 1491 1003 Omnium
1505 977 1643 1004 sententiis
1658 977 1690 1004 ab
1704 978 1793 1005 olutus
1813 978 1879 1006 Plin.
1895 984 1936 1013 18,
1958 982 1983 1007 6.
2021 984 2052 1007 it.
2067 982 2137 1016 Nep.
2155 983 2183 1014 6,

1129 1023 1158 1047 3,
1178 1023 1203 1046 4.
1226 1014 1326 1048 Capitis
1342 1012 1475 1039 absolutus
1495 1013 1564 1047 Nep.
1579 1022 1603 1046 i,
1625 1021 1660 1048 7,
1680 1016 1706 1040 6.
1744 1015 1835 1041 Tacit.
1851 1016 1957 1049 Ann.3,
1979 1021 2006 1049 38
2027 1018 2183 1044 CaesarAn-

1127 1049 1229 1076 tistium
1246 1051 1367 1075 Veterem
1382 1058 1396 1074 e
1408 1049 1574 1083 primoribus
1591 1049 1762 1077 Macedoniae
1777 1050 1927 1077 absolutum
1940 1051 2081 1085 adulterii,
2099 1054 2184 1080 incre-

1129 1086 1191 1120 pitis
1206 1084 1350 1117 iudicibus,
1364 1084 1396 1110 ad
1409 1085 1547 1111 dicendam
1561 1086 1703 1112 maiestatis
1720 1087 1822 1113 causam
1838 1090 1957 1114 retraxit.
2068 1088 2087 1127 ‘j
2108 1097 2121 1121 3
2144 1087 2186 1122 Efi

1127 1129 1202 1148 ettam
1221 1119 1369 1156 proffessus,
1391 1120 1424 1146 ad
1446 1123 1538 1147 exitam
1562 1119 1714 1155 perduellis,
1726 1122 1784 1158 ficis
1807 1125 1916 1149 numeris
1932 1124 2042 1150 omnibus
2061 1129 2184 1158 constans.

1128 1158 1185 1185 Cic.
1206 1157 1237 1183 dc
1259 1157 1316 1184 Fin.
1331 1165 1363 1189 2,
1385 1161 1416 1191 87
1438 1165 1460 1183 c.
1475 1164 1509 1191 27
1535 1157 1632 1191 Neque
1651 1157 1797 1192 appellatur
1817 1159 1930 1185 omnino
1948 1160 2005 1186 vita
2024 1160 2115 1193 beata,
2135 1160 2186 1188 111ίί

1128 1193 1249 1220 confeci&
1261 1198 1339 1228 atque
1353 1192 1479 1219 absoluta.
1538 1194 1569 1218 Et
1582 1194 1614 1219 de
1630 1193 1675 1219 fin.
1689 1203 1724 1227 4,
1746 1200 1771 1224 18
1784 1204 1806 1220 0.
1821 1202 1838 1229 7
1859 1195 1908 1221 His
1923 1196 2008 1223 initiis
2029 1211 2074 1216 —
2097 1197 2186 1223 omnis

1130 1230 1249 1256 honestas
1263 1229 1379 1264 perfecie
1393 1228 1512 1255 absoluta
1528 1228 1572 1254 est.
1624 1229 1691 1255 Plin.
1705 1238 1738 1263 9,
1759 1238 1771 1263 5
1798 1231 1891 1257 Visum
1906 1231 1938 1258 ab
1954 1231 1994 1258 his
2008 1232 2037 1258 in
2052 1232 2186 1259 Gaditano

1130 1267 1238 1293 Oceano
1254 1265 1387 1291 marinum
1404 1264 1559 1297 hominem,
1581 1270 1639 1290 toto
1660 1275 1772 1300 corpore
1785 1266 1905 1294 absoluta
1919 1267 2102 1295 similitudine.
2145 1268 2185 1295 Id.

1131 1311 1165 1334 2,
1186 1304 1217 1334 65
1238 1302 1398 1341 (30113οῥ-
1422 1300 1541 1340 absoluta
1555 1301 1718 1328 rotunditate
1733 1309 1885 1329 cernuntur.
1936 1305 1977 1330 Sic
1988 1304 2110 1337 bonitas,
2133 1304 2185 1331 ele·

1132 1339 1236 1373 gamia,
1257 1338 1383 1371 nigritia,
1405 1337 1459 1376 pila
1473 1336 1558 1363 eidsm.
1598 1338 1638 1364 Sic
1653 1346 1692 1370 11,
1714 1347 1726 1370 3
1760 1339 1779 1364 s.
1795 1346 1821 1372 55
1854 1339 1982 1374 Adeoque
2002 1341 2036 1367 iis
2063 1340 2186 1373 (oculis)

1131 1374 1250 1400 absoluta
1264 1374 1304 1399 vis
1321 1373 1426 1407 speculi.
1465 1372 1592 1399 Absoluta
1605 1379 1631 1399 et
1645 1374 1736 1408 pcrfec
1749 1383 1763 1401 a
1777 1374 1906 1409 elegantia
1927 1376 1993 1403 Ptin.
2007 1385 2041 1410 2,
2060 1385 2087 1410 4.
2127 1377 2184 1403 Nu-

1132 1411 1213 1436 meris
1225 1408 1349 1435 omnibus
1362 1408 1504 1435 absolutus.
1527 1408 1580 1434 vid.
1596 1415 1618 1435 N
1630 1416 1649 1435 v
1660 1417 1684 1436 Μ
1694 1417 1711 1436 Ε
1720 1416 1739 1436 R
1749 1418 1768 1437 v
1778 1418 1801 1438 s.
1839 1411 1966 1438 Absoluta
1985 1412 2141 1438 constitutio
2154 1411 2187 1438 ad

1133 1447 1232 1473 Heren.
1246 1453 1272 1478 1,
1291 1453 1328 1479 24
1342 1454 1363 1471 c.
1380 1453 1410 1477 14
1437 1445 1590 1470 affuintiuae
1604 1448 1752 1479 opponitur,
1773 1455 1833 1472 cuin
1854 1446 1881 1473 id
1900 1447 1986 1481 ipsum
2000 1447 2073 1483 quod
2085 1447 2187 1475 1116111111

1133 1482 1169 1508 est
1178 1502 1186 1515 ,
1208 1487 1236 1508 vt
1249 1480 1318 1507 nihil
1332 1480 1400 1506 foris
1411 1481 1567 1513 assumatur,
1588 1480 1659 1506 recte
1673 1481 1774 1508 facium
1787 1483 1835 1508 ess'e
1848 1482 1973 1510 dicemus.
2026 1486 2067 1511 Ita
2083 1485 2140 1510 Cic.
2154 1484 2188 1511 de

1132 1520 1190 1545 Inu.
1206 1526 1238 1551 2,
1260 1525 1299 1552 171
1314 1526 1334 1543 0.
1351 1524 1382 1551 57
1404 1518 1462 1542 1-100
1483 1515 1553 1542 1111111
1573 1516 1669 1543 videor
1688 1517 1798 1550 videre,
1821 1519 1868 1545 esse
1883 1520 2008 1553 quasdam
2022 1529 2082 1547 cum
2094 1519 2188 1546 adiun-

1132 1554 1223 1580 6110110
1234 1552 1445 1584 neceffitudines,
1466 1551 1592 1587 quasdam
1607 1552 1734 1587 simplices
1750 1554 1775 1579 ἀ
1792 1553 1932 1581 absolutas.
1971 1555 2004 1582 ad
2019 1556 2084 1582 Her.
2099 1565 2132 1588 2,
2154 1565 2166 1588 3

1131 1599 1154 1617 0.
1171 1599 1207 1623 24
1228 1589 1299 1616 Nam
1313 1588 1468 1615 huiusmodi
1483 1589 1511 1614 in
1524 1589 1674 1615 rationibus
1687 1598 1742 1615 non
1755 1590 1878 1616 Vniuersa
1891 1600 1978 1626 neque
1992 1591 2128 1625 absoluta,
2144 1564 2188 1619 [οΞ

1132 1631 1271 1652 extenuata
1283 1625 1387 1651 ratione
1400 1624 1529 1659 expositio
1544 1625 1726 1651 confirmatur.
1773 1626 1830 1652 Cic.
1844 1627 1936 1653 Partit.
1950 1636 1986 1661 94
2000 1637 2021 1654 c.
2036 1630 2071 1654 26
2098 1627 2189 1654 Confi·

1132 1662 1202 1688 ciens
1216 1662 1298 1688 caulsa
1313 1661 1365 1687 3113
1378 1660 1414 1686 est
1429 1660 1549 1687 absoluta
1563 1667 1588 1686 et
1601 1660 1718 1695 perfech
1730 1670 1777 1697 per
1790 1662 1831 1693 se;
1869 1663 1920 1689 alia
1934 1663 2037 1698 aliquid
2052 1664 2191 1696 adiuuans,

1132 1705 1159 1725 et
1172 1696 1305 1724 efficiendi
1320 1697 1390 1723 socia
1406 1697 1543 1731 quaedam.
1582 1698 1614 1723 In
1627 1699 1668 1723 his
1682 1705 1705 1723 et
1711 1700 1838 1732 Jimi‘libus
1844 1698 1971 1734 formulis
1989 1699 2141 1727 absolutum
2155 1698 2191 1733 est

1132 1734 1234 1761 liberum
1249 1733 1278 1759 ab
1296 1736 1362 1759 omni
1381 1735 1623 1767 circumscriptimze,
1644 1731 1768 1767 respeffu,
1789 1735 1938 1761 conditione.
2049 1737 2069 1773 ‘J
2096 1745 2116 1769 4
2142 1738 2192 1763 At-

1131 1771 1229 1797 tollitur
1239 1776 1286 1804 per
1301 1767 1410 1804 gradus,
1439 1774 1468 1792 vt
1480 1767 1547 1792 Plin.
1561 1774 1603 1798 33,
1624 1775 1643 1798 4
1658 1768 1676 1791 s.
1690 1775 1719 1792 21
1753 1768 1811 1793 Nec
1824 1769 1910 1795 vllum
1929 1770 2076 1797 absolutius
2095 1780 2192 1798 aurum

1131 1806 1176 1833 est,
1232 1804 1272 1831 ld,
1298 1811 1346 1834 34,
1365 1807 1378 1831 8
1422 1802 1485 1832 Qio
1499 1808 1579 1834 opere
1599 1800 1702 1827 nullum
1726 1801 1882 1829 absolutius.
1950 1806 2015 1838 Qio
2035 1806 2066 1832 fit
2085 1806 2190 1833 absolu-

1132 1843 1185 1867 tius
1199 1848 1245 1870 os,
1267 1844 1292 1862 et
1300 1835 1440 1870 expressior
1454 1835 1539 1861 sermo
1549 1835 1658 1868 Qiinc'i.
1668 1845 1677 1862 1
1686 1857 1694 1868 ,
1717 1845 1727 1863 1
1742 1846 1806 1864 extr.
1846 1840 1940 1874 Superl.
1961 1841 2080 1868 [tuehad
2088 1843 2188 1869 Heren.

1132 1884 1166 1907 4,
1187 1875 1222 1899 26
1238 1882 1259 1898 c.
1275 1880 1303 1904 19
1324 1878 1349 1897 et
1364 1870 1483 1897 Macrob.
1498 1871 1529 1896 de
1543 1871 1630 1896 Somn.
1644 1872 1711 1904 Scip.
1727 1880 1752 1903 1,
1775 1881 1797 1898 11
1811 1881 1875 1899 extr.
1932 1875 2127 1902 Absolutiffima
2143 1886 2191 1911 pu-

1132 1909 1205 1935 ritas.
1256 1908 1335 1933 Poeta
1348 1905 1547 1931 absolutissimus
1561 1905 1630 1930 Dial.
1645 1905 1677 1930 de
1691 1907 1799 1932 Orator.
1813 1917 1835 1933 c.
1852 1916 1874 1940 5.
1912 1909 1978 1935 Ρ1111.
2001 1918 2046 1943 35,
2068 1920 2096 1937 10
2117 1912 2136 1937 s.
2157 1913 2191 1943 36

1133 1953 1159 1968 11.
1173 1945 1190 1968 6
1211 1942 1300 1967 Pinxit
1313 1947 1338 1965 et
1351 1941 1441 1965 Hei-oa
1455 1939 1637 1965 absolutissimi
1650 1941 1748 1974 operis.
1786 1942 1827 1968 Ad
1842 1944 1907 1969 Her.
1920 1952 1954 1977 2,
1976 1951 2007 1976 28
2022 1955 2044 1972 c.
2059 1952 2084 1977 18
2105 1946 2189 1974 Absoa

1133 1975 1255 2002 lutissima
1268 1981 1293 2000 et
1305 1974 1490 2008 perfeeiissima
1502 1977 1706 2009 argumentatio.

1169 2016 1266 2050 ABso
1277 2017 1293 2036 L
1304 2011 1395 2050 ῡτξ,
1423 2009 1490 2036 Adu.
1513 2011 1639 2045 [ηλέως]
1666 2012 1793 2039 Perfecto.
1832 2014 1890 2041 Cic.
1915 2014 1948 2041 de
1964 2015 2022 2043 Fin.
2036 2025 2067 2050 3,
2088 2020 2125 2045 26
2137 2028 2158 2046 0.
2171 2027 2191 2055 7

1132 2045 1284 2072 Necessario
1305 2045 1425 2080 sequitur
1442 2055 1534 2073 omnes
1555 2047 1682 2082 sapientes
1693 2049 1795 2083 semper
1808 2049 1940 2084 feliciter,
1959 2051 2079 2080 absolute
2103 2055 2190 2082 fortu-

1132 2088 1192 2108 nate
1206 2082 1309 2108 viuere.
1348 2084 1389 2108 alc
1402 2082 1501 2108 Omnia
1517 2085 1695 2117 profluenter,
1717 2085 1855 2120 absolute,
1876 2088 2001 2123 prospere
2022 2074 2088 2117 Cic.2
2104 2091 2188 2118 Tusc.

1133 2126 1147 2150 5
1160 2127 1182 2144 c.
1199 2123 1223 2147 18
1238 2124 1303 2144 extr.
1313 2117 1352 2153 sc.
1367 2118 1506 2145 succedunt
1521 2119 1640 2154 sapienti.
1679 2121 1736 2147 Cic.
1751 2122 1830 2148 Acad.
1844 2131 1879 2156 4,
1893 2131 1920 2156 55
1933 2133 1954 2150 c.
1969 2131 1987 2159 7
2007 2124 2056 2152 Sed
2068 2127 2188 2163 vndique

1133 2153 1250 2188 perfeRe
1264 2159 1290 2180 et
1302 2153 1421 2180 absolute
1435 2154 1471 2180 ita
1484 2163 1574 2189 pares,
1595 2162 1623 2182 vt
1636 2156 1706 2182 inter
1718 2159 1763 2183 eos
1778 2157 1846 2185 nihil
1864 2160 1969 2194 prorsus
1983 2161 2092 2190 intersit.
2147 2165 2189 2191 Sic

1133 2189 1251 2216 Perfecte
1265 2196 1343 2224 atque
1359 2189 1477 2216 absolute
1493 2190 1591 2217 beatus.
1613 2191 1651 2218 Id.
1666 2193 1750 2219 Tusc.
1764 2203 1797 2227 4,
1819 2214 1826 2220 .
1849 2214 1855 2221 .
1879 2215 1886 2221 .
1925 2197 1955 2222 Et
1968 2196 2037 2223 Suet.
2054 2198 2085 2224 de
2094 2199 2187 2227 Gram.

1132 2235 1151 2260 4
1172 2227 1208 2252 Vt
1222 2226 1316 2252 Graeci
1330 2227 1531 2260 grammaticum
1544 2236 1558 2253 a
1573 2229 1751 2262 grammatista
1763 2240 1769 2255 :
1801 2237 1827 2256 et
1841 2230 1918 2257 illum
1933 2232 2041 2266 quidem
2056 2233 2175 2262 absolute

1132 2261 1204 2301 hunc
1215 2261 1387 2288 mediocriter
1404 2261 1513 2289 doctum
1527 2263 1687 2290 existimant.
1724 2264 1851 2293 Absolute
1865 2268 2025 2302 respondere
2037 2272 2055 2296 i.
2064 2256 2188 2306 simplici:

1131 2299 1234 2331 tei-,sine
1241 2298 1382 2324 conditione
1390 2305 1435 2324 etc.
1473 2298 1561 2325 Scaeu.
1571 2299 1600 2325 in
1613 2299 1630 2326 l.
1639 2301 1809 2333 Μ3011.·3.1).
1823 2302 1855 2328 de
1868 2311 1928 2330 ann.
1938 2304 1989 2339 leg.
2000 2313 2042 2338 33,
2064 2315 2083 2333 1.
2105 2308 2188 2344 Comp.

1130 2333 1251 2360 Macrob.
1266 2334 1354 2374 Sonin.
1369 2334 1437 2374 scip.
1451 2343 1484 2374 2.,
1505 2343 1536 2369 75
1566 2342 1595 2361 vt
1607 2335 1754 2363 absolutius
1776 2338 1887 2373 liqueat.
1969 2341 2037 2368 Plin.
2058 2342 2138 2377 Epist.
2157 2352 2188 2378 4,

1132 2377 1183 2404 27,
1204 2378 1221 2396 2
1243 2369 1321 2396 Nihil
1336 2378 1439 2404 generis
1461 2370 1579 2397 eiusdem
1598 2371 1744 2399 absolutius
1763 2374 1898 2408 scripturn.
1938 2376 2031 2411 Superi.
2054 2378 2132 2405 Auci.
2153 2379 2187 2406 ad

1133 2406 1250 2432 Herenn.
1265 2415 1297 2438 2,
1319 2412 1349 2436 28
1364 2415 1386 2432 c.
1403 2414 1431 2439 19
1458 2412 1487 2433 vt
1507 2407 1694 2434 absolutissime
1714 2415 1828 2437 vtamur.
1865 2410 2060 2440 Absolutiffime
2080 2415 2188 2450 respon-

1132 2440 1195 2468 dere
1207 2442 1320 2468 Hieron.
1333 2441 1366 2468 ad
1380 2442 1527 2469 Pammach.
1544 2444 1589 2478 Ep.
1606 2445 1634 2470 61
1647 2453 1670 2471 c.
1683 2453 1696 2477 3
1706 2451 1751 2480 pr.

1169 2484 1192 2504 A
1200 2483 1216 2503 Β
1227 2485 1239 2504 S
1249 2483 1268 2504 Ο
1278 2484 1294 2503 L
1304 2483 1325 2503 V
1334 2484 1355 2504 Τ
1363 2485 1372 2504 1
1381 2484 1400 2504 Ο
1409 2497 1417 2510 ,
1439 2478 1579 2505 Ρθΐῖθᾶὶὶο.
1601 2480 1751 2514 [τελείωσιὴ
1772 2480 1912 2517 inda-acis]
1939 2484 1996 2510 Cic.
2010 2483 2042 2511 de
2050 2485 2109 2512 Fin.
2118 2494 2145 2520 ς,
2157 2492 2188 2520 38

1133 2521 1154 2539 0.
1170 2521 1201 2546 14
1226 2512 1380 2553 Inthomine
1399 2520 1488 2540 autem
1504 2515 1605 2542 summa
1625 2517 1713 2542 omnis
1732 2517 1816 2543 animi
1830 2517 1875 2551 est,
1884 2519 1947 2545 etin
1958 2521 2050 2547 animo
2063 2522 2176 2549 rationis

1133 2557 1165 2574 ex
1175 2557 1231 2589 'qua
1243 2555 1328 2575 Virtus
1344 2549 1397 2582 est,
1418 2559 1486 2585 quae
1498 2551 1610 2577 rationis
1625 2551 1759 2579 absolutio
1772 2553 1907 2581 definitur.
1946 2549 2034 2583 'Hanc
2050 2566 2099 2592 ego
2113 2543 2189 2586 abso:

1131 2584 1262 2611 lunonem
1275 2585 1522 2622 perfetffionemque
1535 2586 1564 2613 in
1578 2593 1686 2614 oratore
1698 2588 1843 2615 desiderans
1877 2591 1934 2617 Cic.
1949 2591 1981 2618 de
1994 2593 2068 2619 Orat.
2084 2602 2094 2620 1
2110 2603 2131 2621 c.
2144 2601 2186 2626 28.

1133 2622 1165 2647 Et
1180 2619 1213 2647 de
1228 2622 1336 2662 Inu32,
1358 2630 1389 2654 30
1403 2629 1455 2662 029
1490 2622 1604 2649 Habitus
1624 2624 1654 2650 111
1673 2623 1763 2659 aliqua
1783 2625 1900 2660 perfecta
1915 2633 1941 2653 et
1953 2628 2083 2656 constanti
2102 2631 2188 2658 animi

1131 2662 1176 2697 aut
1190 2665 1310 2691 corporis
1324 2657 1492 2684 absolutione
1506 2659 1630 2685 consistit.
1749 2660 1768 2698 ‘ff
1789 2670 1806 2688 2
1828 2663 1878 2688 Pro
1890 2663 2035 2691 liberatione
2046 2675 2061 2692 a
2073 2670 2188 2694 crimine.

1133 2693 1190 2719 Cic.
1205 2694 1393 2733 111-0130111010,
1415 2695 1514 2729 Magna
1526 2694 1676 2722 mehercule
1692 2697 1782 2730 causa,
1805 2697 1922 2732 Iudices,
1936 2699 2112 2728 absolutionis
2126 2712 2187 2731 cuin

1132 2734 1241 2755 caeteris
1255 2729 1342 2756 caiissis
1355 2729 1417 2755 haec
1432 2729 1475 2756 est.
1515 2732 1556 2757 Sic
1569 2730 1703 2758 absolutio
1716 2733 1859 2760 maiestatis
1874 2735 1931 2762 Cic.
1947 2737 2019 2763 Fam.
2033 2746 2046 2770 3
2085 2747 2116 2765 11.
2155 2741 2189 2766 Et

1132 2764 1166 2792 ad
1179 2765 1233 2798 Q.
1247 2766 1289 2792 Fr.
1304 2774 1321 2798 9
1342 2765 1453 2806 Gabinii
1466 2765 1600 2793 absolutio
1614 2767 1656 2794 lex
1676 2768 1843 2803 impunitatis
1856 2778 1971 2806 putatur.
2015 2757 2110 2808 Et'pro
2125 2775 2186 2802 Clu.

1133 2808 1171 2835 74
1185 2810 1206 2828 c.
1221 2808 1256 2836 27
1285 2802 1315 2827 In
1327 2801 1466 2828 confilium
1477 2809 1553 2829 erant
1566 2804 1633 2830 ituri
1647 2803 1747 2831 iudices
1760 2806 1870 2840 triginta
1884 2813 1909 2834 et
1925 2807 1987 2835 duo.
2045 2809 2187 2837 Sententiis

1132 2836 1224 2863 decem
1237 2843 1262 2863 et
1276 2838 1319 2864 sex
1333 2837 1466 2865 absolutio
1483 2839 1579 2865 confici
1592 2846 1703 2874 poterat.
1741 2842 1853 2874 Quin&
1867 2851 1906 2875 11,
1928 2852 1954 2876 1,
1975 2853 1993 2877 9
2014 2845 2094 2871 Nihil
2102 2847 2186 2881 inagis

1132 2873 1305 2914 profuturum
1320 2873 1358 2914 *ad
1377 2873 1572 2902 absolutionem
1592 2876 1693 2903 Socrati
1705 2877 1789 2903 fuine.
1847 2880 1878 2904 Et
1892 2879 1911 2904 s.
1926 2887 1949 2905 11
1989 2879 2054 2906 Νο11
2067 2881 2121 2907 fuit
2134 2881 2187 2908 hoc

1132 2909 1199 2936 vtile
1212 2909 1393 2942 absolutioni,
1414 2910 1473 2943 sed,
1494 2911 1567 2946 quod
1581 2911 1617 2938 est
1630 2913 1730 2945 maius,
1752 2912 1858 2939 homini
1869 2913 1931 2940 fuit.
1967 2915 2108 2950 Abruptius
2114 2917 2184 2944 Tac.

1133 2945 1201 2972 Ann.
1215 2954 1245 2979 3,
1267 2954 1309 2978 13,
1330 2954 1346 2972 2
1377 2946 1460 2980 Qiod
1474 2955 1560 2982 neque
1574 2948 1745 2981 conuictum,
1766 2957 1851 2976 noxae
1863 2958 1926 2983 reo,
1948 2949 1966 2976 fi
1986 2946 2102 2978 recentia
2122 2961 2184 2987 pur.

1132 2987 1205 3022 garet
1219 2992 1225 3008 1
1261 2990 1347 3016 neque
1359 2981 1495 3022 defensum
1510 2983 1674 3010 absolutioni
1687 2991 1757 3017 erat,
1782 2984 1800 3012 fi
1824 2991 1958 3012 teneretur
1971 2987 2118 3014 maioribus
2139 2989 2184 3015 fla-

1131 3023 1222 3052 gitiis,
1244 3020 1260 3043 i.
1279 3019 1354 3044 Nthl
1368 3019 1477 3050 faciebat
1488 3019 1523 3046 ad
1534 3029 1601 3046 reum
1615 3020 1793 3082 aaloluendum.
1839 3022 1901 3048 Reis
1920 3022 2099 3050 absolutiones
2120 3033 2184 3051 ven-

1130 3053 1215 3081 ditare
1229 3053 1298 3081 Suet.
1314 3049 1390 3089 Vesp.
1404 3064 1425 3081 c.
1440 3057 1477 3082 16.
1514 3055 1627 3083 Add.1u
1651 3075 1657 3082 .
1673 3064 1700 3090 9,
1721 3065 1750 3089 4,
1771 3065 1809 3083 10.

1167 3097 1189 3116 Α
1199 3096 1216 3133 l}
1225 3096 1237 3117 S
1245 3096 1265 3116 O
1275 3097 1291 3116 L
1302 3097 1322 3116 V
1331 3097 1353 3117 T
1363 3097 1383 3130 Q
1393 3097 1413 3117 R
1424 3098 1433 3117 1
1443 3098 1463 3117 ν
1473 3098 1486 3118 s
1493 3111 1502 3124 ,
1523 3100 1538 3118 a
1547 3111 1555 3124 ,
1576 3101 1630 3118 uin.
1668 3092 1733 3128 quod
1745 3092 1780 3119 ad
1791 3092 1963 3128 absolutionem
1971 3096 2084 3128 pertinet
2104 3096 2186 3131 [dna-

1130 3126 1248 3160 λυτικος]
1268 3125 1402 3152 Sententia
1415 3125 1580 3154 absolutoria
1593 3129 1687 3155 Ascon.
1704 3129 1732 3154 in
1746 3129 1820 3155 Orat.
1837 3137 1886 3162 pro
1901 3128 2004 3155 Milone
2018 3137 2082 3157 extr.
2119 3133 2182 3162 Sue-

1132 3167 1187 3188 ton.
1204 3161 1313 3196 August.
1327 3170 1354 3194 33
1370 3162 1442 3189 >Non
1455 3168 1556 3189 tantum
1570 3163 1633 3190 duas
1650 3164 1773 3196 tabellas,
1794 3164 1986 3191 damnatoriam
2004 3171 2030 3193 et
2049 3166 2184 3196 absoluto-

1131 3198 1201 3224 riam
1213 3197 1288 3224 simul
1298 3198 1515 3232 cognoscentibus
1528 3199 1610 3226 dedit.

1168 3241 1192 3260 A
1200 3240 1217 3260 B
1226 3241 1238 3260 s
1247 3240 1267 3260 o
1276 3241 1292 3260 L
1301 3241 1322 3260 v
1331 3241 1352 3260 T
1361 3240 1380 3261 0
1390 3241 1409 3261 R
1418 3242 1427 3261 1
1436 3242 1457 3261 v
1465 3242 1490 3261 M
1499 3255 1507 3268 ,
1529 3245 1555 3262 n.
1576 3237 1589 3270 [
1596 3234 1816 3269 ἅλιξιφοῖρμακον]
1836 3234 1978 3262 Remedium
1991 3236 2187 3274 absoluensfflue.

1132 3269 1250 3296 liberans.
1288 3269 1354 3296 Plin.
1368 3275 1400 3300 28
1411 3290 1419 3303 ,
1440 3272 1459 3297 6
1493 3271 1606 3298 Clauum
1621 3271 1736 3298 ferreum
1749 3269 1863 3305 defigere
1879 3271 1907 3297 in
1922 3281 1976 3307 quo
1990 3271 2051 3300 loco
2063 3275 2184 3308 primum

1133 3311 1209 3340 caput
1217 3305 1339 3332 defixerit
1346 3315 1471 3334 corruens
1479 3307 1576 3334 morbo
1584 3306 1726 3334 comitiali:
1734 3305 1928 3334 absolutorium
1937 3308 1992 3334 eius
2000 3309 2064 3336 mali
2074 3310 2181 3338 dicitur.

1169 3348 1192 3369 Α
1202 3348 1218 3369 Β
1226 3348 1239 3368 s
1250 3339 1268 3368 ὁ
1277 3349 1299 3368 Ν
1308 3349 1329 3368 V
1337 3349 1350 3369 S
1359 3362 1367 3374 ,
1388 3350 1402 3368 a
1410 3362 1418 3375 ,
1439 3351 1494 3369 um.
1516 3342 1648 3378 [dmidium
1665 3340 1782 3376 οἱπηχῆς]
1803 3341 1930 3376 Di'ffimum
1938 3363 1944 3374 ‚
1966 3344 2076 3381 discors,
2090 3346 2182 3382 discre-

2126 159 2174 197 30

42 3372 117 3400 beata
131 3374 269 3409 sapientis,
281 3381 367 3408 neque
387 3371 419 3398 ad
434 3371 534 3399 exitum
552 3374 658 3408 perduci
672 3376 779 3410 poterit.
817 3373 958 3402 Absoluere
970 3375 1073 3402 Bellum
1128 3383 1211 3413 pam.-
1249 3376 1316 3413 quast
1328 3378 1413 3414 afimo
1426 3381 1545 3410 alienum,
1568 3378 1675 3414 celsano
1690 3377 1820 3413 absurdum
1835 3389 1846 3408 ;
1882 3379 1939 3406 Cic.
1961 3379 1993 3406 de
2007 3381 2080 3407 Orat.
2095 3390 2121 3414 1,
2143 3389 2183 3416 115

14 3443 15 3449 ¹
43 3409 139 3436 Lucan.
154 3418 179 3442 2,
193 3418 250 3442 ²30·
287 3407 452 3440 creditorem,
467 3409 535 3434 Ter.
549 3408 622 3436 Adel.
634 3419 660 3444 2,
673 3420 732 3444 4,13
753 3411 808 3445 Ego
823 3409 855 3436 ad
867 3409 954 3438 forum
968 3410 1031 3445 ibo,
1043 3417 1073 3439 vt

44 3443 112 3472 hune
123 3444 271 3478 absoluam,
295 3444 343 3471 Vbi
354 3443 488 3476 Donatus,
515 3442 543 3470 Id
556 3443 607 3476 est,
624 3451 654 3472 vt
669 3445 737 3473 hunc
756 3445 862 3473 reddito
881 3445 921 3474 illi
934 3448 1020 3481 pretio
1034 3447 1073 3474 di-

8 3482 9 3486 ’
46 3480 155 3507 mittam.
194 3479 262 3507 Ada'.
277 3480 309 3507 ib.
323 3488 351 3507 v.
361 3485 395 3510 18.
415 3480 497 3506 Plaut.
510 3478 584 3515 Epid.
601 3486 624 3512 ς,
636 3489 656 3513 ι,
666 3489 696 3514 25
716 3483 788 3517 Age,
801 3491 866 3517 age,
878 3481 982 3510 absolue
995 3489 1074 3519 atque

16 3521 17 3527 ¹
47 3522 178 3576 arpentum
191 3524 316 3548 numera,
336 3523 369 3542 ne
387 3517 496 3542 comites
512 3524 610 3542 morer.
652 3518 682 3542 Et
695 3517 788 3552 Amph.
804 3526 827 3551 5,
842 3526 862 3550 1,
876 3526 895 3551 4
913 3519 1017 3553 Qiaeso
1030 3520 1074 3547 ab-

13 3554 18 3562 ·
49 3551 142 3578 sonito
162 3551 222 3579 hinc
237 3561 280 3578 me
297 3551 445 3587 extemplo,
471 3551 577 3586 quando
598 3551 658 3578 satis
676 3551 808 3580 deluseris.
855 3554 947 3588 Diem,
963 3559 983 3583 i.
995 3559 1077 3583 vitam

43 3583 119 3620 finire
130 3586 196 3613 dixit
203 3587 317 3623 Auienus
329 3596 355 3614 v.
364 3595 420 3620 455.
453 3588 635 3614 Terentianus
647 3588 755 3615 Maurus
785 3609 791 3616 .
800 3597 871 3622 2422
885 3591 980 3627 Pintscb.
1001 3593 1076 3619 Tan-

50 3625 102 3648 um
111 3621 198 3650 nostra
209 3624 300 3659 nequit
313 3624 433 3650 mensura
447 3623 583 3650 absoluere
595 3623 700 3656 Litem,
719 3626 737 3650 i.
751 3598 876 3651 ssrimcre.
889 3626 1003 3656 Mattial.
1011 3637 1032 3662 1,
1046 3633 1075 3661 83
1087 3610 1104 3636 9

309 3659 380 3686 Haec
396 3667 463 3694 quae
476 3659 585 3694 puluere
600 3659 715 3694 diffipata
728 3660 817 3687 multo

308 3694 410 3730 Longas
426 3695 541 3730 porticus
555 3695 667 3730 explicat
684 3696 773 3722 ruinas
782 3716 790 3728 ‚

310 3729 348 3757 En
366 3738 464 3766 quanto
483 3731 550 3758 iacet
567 3731 686 3759 absoluta
704 3733 762 3758 casu
778 3732 783 3758 !
829 3734 849 3758 i.
868 3735 957 3768 quanto
973 3738 1078 3763 erimine
1096 3740 1101 3742 ’

49 3759 163 3791 liberata,
176 3761 241 3797 quod
249 3773 298 3791 non
310 3766 422 3801 opprellr't
436 3770 510 3793 ruina
516 3768 565 3804 sua
578 3769 676 3799 herum,
686 3771 729 3804 qui
738 3767 821 3804 paullo
834 3775 890 3795 ante
901 3773 1003 3798 exierat.
1025 3770 1226 3810 Ab-mosupina
1234 3792 1242 3805 ,
1262 3778 1288 3799 at
1309 3782 1341 3799 ue
1353 3772 1451 3799 absona
1463 3771 1539 3799 tecta.

50 3795 152 3822 soluere
167 3805 278 3842 nauem,
291 3807 339 3836 pro
357 3801 473 3835 soluere,
492 3803 557 3839 quod
573 3803 677 3830 laudant
690 3803 770 3831 Plaut.
785 3803 868 3830 Milit.
883 3812 951 3840 4,·7,
965 3815 993 3842 17
1012 3808 1079 3833 nihil

48 3829 91 3863 est.
125 3829 175 3872 ἸΨ
187 3841 249 3859 emm
261 3844 288 3860 m
299 3837 405 3864 ommibus
417 3838 505 3872 libris,
523 3838 633 3866 soluere.
670 3840 757 3868 Varro
767 3861 771 3867 .
780 3840 812 3866 de
824 3840 855 3866 R.
869 3840 900 3866 R.
914 3849 940 3874 2,
951 3850 978 3874 2,
991 3851 1002 3870 1
1028 3842 1078 3871 Sed

49 3873 176 3928 guoniam
196 3876 243 3895 nos
259 3870 374 3912 nostrum
392 3874 499 3908 pensum
519 3874 688 3902 absoluimus.
732 3875 787 3902 vid.
807 3875 916 3902 pensum
936 3880 963 3903 in
980 3879 1076 3905 Pendo.

69 3911 159 3936 ignus,
173 3912 222 3938 pro
235 3903 307 3932 luere
318 3914 419 3942 pignus.
454 3909 524 3936 Paul.
538 3910 651 3938 Sentent.
664 3920 690 3944 2,
698 3919 720 3945 5.
758 3911 884 3939 Creditor
896 3911 914 3937 fi
927 3911 1080 3948 simpliciter

51 3935 98 3964 fibi
115 3939 372 3976 pignusdepofitum
390 3942 532 3973 disti-ahere
550 3946 634 3980 velit,
652 3951 694 3975 ter
711 3954 771 3976 ante
789 3948 944 3976 denuntiare
961 3948 1078 3980 debitori
1087 3968 1133 3997 105

1134 3422 1156 3440 0.
1171 3421 1202 3447 23
1223 3413 1272 3440 Sed
1288 3414 1346 3441 sunt
1362 3414 1471 3449 quidam
1485 3421 1531 3442 aut
1545 3415 1582 3441 ita
1596 3415 1685 3447 lingua
1698 3412 1866 3447 haesitantes,
1886 3421 1932 3442 aut
1949 3415 1986 3442 ita
1999 3425 2064 3442 voce
2077 3416 2182 3451 absoni,

1133 3455 1179 3489 aut
1194 3449 1232 3476 ita
1242 3449 1318 3476 vultu
1331 3457 1460 3485 motuque
1472 3451 1591 3486 corporis
1605 3448 1670 3475 vasti
1683 3455 1761 3484 atque
1780 3450 1907 3485 agrestes,
1928 3457 1958 3478 vt
1975 3452 2055 3478 etiam
2074 3452 2092 3478 fi
2108 3454 2182 3489 inge-

1133 3485 1186 3512 niis
1201 3491 1280 3521 atque
1293 3491 1348 3512 arte
1363 3486 1484 3520 valeant,
1505 3493 1592 3513 tamen
1608 3485 1636 3511 in
1649 3491 1788 3512 oratorum
1801 3495 1942 3514 numerum
1956 3488 2048 3513 venire
2061 3496 2115 3516 non
2123 3491 2182 3525 pos.

1133 3521 1191 3548 sint.
1248 3522 1305 3549 Cic.
1319 3522 1352 3548 de
1365 3523 1440 3549 Orat.
1454 3532 1483 3556 3,
1503 3528 1531 3555 38
1543 3532 1565 3548 c.
1580 3529 1602 3547 11
1641 3521 1702 3548 Vox
1715 3528 1789 3549 extra
1803 3522 1913 3549 modum
1929 3522 2026 3549 absona
2042 3531 2122 3559 atque
2135 3525 2180 3553 ab·

1134 3557 1219 3584 surda.
1254 3558 1344 3584 Litera
1356 3558 1454 3585 absona
1467 3557 1576 3592 Qinft.
1589 3565 1633 3590 12,
1653 3565 1699 3590 io,
1719 3566 1758 3590 32.
1802 3559 1871 3586 Hor.
1884 3559 1913 3585 in
1925 3559 1989 3585 Arte
2004 3559 2076 3586 Po'e't.
2092 3569 2132 3588 112
2153 3562 2182 3589 Si

1134 3592 1246 3620 dicentis
1280 3600 1358 3620 erunt
1393 3595 1509 3620 fortunis
1542 3592 1640 3619 absona
1678 3593 1758 3620 011613.
1816 3597 1835 3620 ι’.
1876 3596 1968 3621 Parum
2000 3599 2182 3624 conuenientia.

1132 3627 1154 3667 fl
1174 3638 1191 3656 z
1214 3631 1280 3656 Nam
1299 3629 1436 3662 Absonus,
1454 3637 1503 3665 per
1521 3630 1701 3664 metaphoram,
1721 3628 1756 3662 est
1766 3630 1876 3661 alienus,
1883 3629 1938 3663 fiue
1951 3629 2103 3667 discrepans.
2117 3625 2179 3660 Liu.

1133 3673 1161 3700 7,
1175 3673 1192 3692 ι.
1213 3664 1270 3692 Νο0
1282 3665 1375 3692 absoni
1394 3674 1409 3691 a
1421 3673 1488 3692 voce
1501 3670 1588 3691 motus
1602 3670 1684 3692 erant.
1726 3665 1786 3692 Liu.
1803 3672 1822 3698 1,
1838 3673 1862 3698 15
1884 3666 2009 3698 Qiorum
2022 3667 2091 3695 nihil
2105 3669 2181 3696 abso-

1133 3710 1198 3728 num
1212 3700 1274 3727 fidei
1287 3701 1395 3728 diuinae
1414 3700 1537 3734 originis.
1578 3700 1656 3728 Lucr.
1670 3710 1698 3734 4,
1714 3709 1764 3734 520
1786 3701 1813 3728 Si
1831 3709 1912 3735 praua
1930 3700 1966 3727 est
1985 3703 2075 3737 regula
2093 3706 2181 3739 prima

1133 3737 1284 3764 —Omnia
1296 3736 1419 3763 mendose
1428 3735 1487 3763 fieri
1502 3741 1527 3763 et
1539 3735 1642 3772 obstipa
1653 3737 1781 3764 necessum
1797 3736 1834 3769 Ὠ,
1842 3738 1932 3767 Praua,
1945 3737 2078 3772 cubantia,
2086 3749 2180 3775 prona,

1221 3808 1227 3813 ⁴
1252 3808 1257 3813 .
1462 3808 1468 3812 ,
1493 3807 1497 3812 ¹
1581 3772 1692 3808 Quin&
1704 3774 1731 3805 6,
1746 3782 1768 3805 3,
1783 3779 1830 3807 107
1855 3772 1904 3798 1113
1921 3772 1958 3799 est
1977 3774 2129 3809 vrbanitas‚
2149 3776 2180 3802 in

1134 3817 1187 3844 qua
1200 3808 1269 3835 nihil
1283 3817 1297 3835 a
1318 3810 1410 3836 sonum
1419 3827 1427 3840 ,
1441 3807 1509 3834 nihil
1524 3809 1637 3843 agreste,
1656 3807 1726 3835 nihil
1737 3807 1904 3834 inconditum
1917 3816 1962 3836 etc.

1172 3851 1342 3877 ABSONE,
1371 3843 1438 3870 Adu.
1454 3843 1531 3879 Apul.
1547 3844 1624 3880 Apol.
1645 3853 1670 3879 p.
1686 3846 1748 3879 276,
1763 3846 1795 3876 36
1815 3843 1880 3870 Elni.
1898 3843 2003 3871 Absone
2025 3852 2051 3872 et
2071 3845 2180 3873 11111οὲ10

1135 3880 1225 3906 versus
1239 3880 1421 3915 pronuntiare.
1459 3879 1526 3907 Gell.
1535 3888 1570 3914 15,
1579 3889 1609 3914 25
1631 3879 1750 3907 Absurde
1765 3885 1844 3914 atque
1858 3879 1956 3907 absone
1968 3881 2077 3915 fingere.
2115 3882 2180 3909 Non

1135 3915 1172 3944 est
1185 3922 1272 3942 tamen
1285 3915 1381 3942 absone
1393 3915 1533 3950 suspicatus
1547 3915 1648 3943 Arnob.
1664 3924 1681 3942 2.
1707 3924 1731 3949 p.
1747 3922 1785 3947 52..

1173 3958 1197 3980 A
1206 3957 1223 3980 B
1232 3958 1245 3979 S
1254 3949 1273 3978 ὁ
1282 3958 1305 3979 Ν
1314 3958 1333 3978 o
1342 3971 1351 3983 ,
1376 3956 1387 3978 Ξ
1391 3959 1428 3978 re.
1473 3951 1637 3981 Discordare.
1677 3949 1781 3977 Cathol.

1407 3987 1431 4015 D
1833 3949 1987 3986 Absonans,
2011 3954 2029 3977 i.
2049 3951 2178 3979 Absonus.

1467 3996 1484 4016 2

2088 3988 2177 4014 lustin.
