2474 4182
49 186 111 224 145
483 156 694 205 AEE

48 260 160 296 hospitio
173 259 279 285 iuuenes
292 257 372 283 Aeeta
384 255 500 289 Pelasgos
520 251 592 279 Idem
604 247 674 277 Med.
690 246 722 274 ad
734 246 781 274 Ias.
791 254 817 274 12
826 266 834 279 ‚
855 254 896 279 29.
936 246 995 273 Fuit
1007 251 1087 272 amem

47 300 110 327 Salis
120 302 143 322 et
157 293 283 330 Perstfdos
295 292 414 327 nymphae
427 291 493 325 (alii
504 287 615 323 Persam,
633 286 679 311 alii
695 284 800 309 Hecaten
814 284 926 317 vocant)
932 283 1022 318 filius,
1035 282 1086 307 Rex

22 347 24 359 :
48 332 203 362 Colchorum,
224 337 246 356 et
261 339 289 355 ex
305 323 379 362 Hyia
392 325 502 354 Ait—deam
515 330 538 349 et
550 322 694 355 Chalciopen
708 322 804 355 gennit.
860 319 986 345 Diodorus
1006 323 1085 354 tamen

47 368 142 396 siculus
159 367 202 392 lib.
217 376 239 400 5.
246 364 355 400 scribit,
375 364 473 391 Aeetam
492 368 520 385 ex
539 358 644 387 Hecate,
658 355 761 392 fratris
773 355 818 391 sui
839 355 925 390 Persae
937 353 991 388 siue
1004 352 1086 385 Persei

22 409 24 415 '
39 403 112 441 filia,
136 410 208 437 quam
226 403 272 427 alii
291 406 380 426 uocant
938 427 941 430 Α
1016 424 1030 428 ..

24 453 25 458 ¹
44 445 68 466 'et
78 439 236 471 Aeaialcum,
257 445 324 472 quem
334 436 443 470 plerique
454 429 590 466 Absyrtum
610 430 764 462 nuncupant.
818 428 914 462 Pignus
931 430 1028 457 mipern
1041 421 1084 447 ha-

23 469 25 498 l
43 474 97 501 buit
109 469 208 500 :furvum
224 474 359 506 uellus.quo
373 467 442 503 lason
456 465 555 492 Medeae
568 471 610 499 ope
619 466 719 499 potitus
733 461 774 496 est.
816 462 874 489 Vns.
893 458 988 492 Hygin.
1009 457 1028 483 f.
1043 465 1084 482 22.

44 508 124 536 Ouid.
140 510 203 535 Met.
218 517 234 543 7
249 519 254 534 :
275 507 358 534 Multa
372 505 460 529 mentio
474 504 526 527 eius
541 503 567 526 in
582 501 780 535 Argonauticis‚
801 508 826 524 v.
836 507 860 534 g.
874 496 929 522 Val.
939 493 1006 520 Flac.
1023 498 1046 524 8,
1056 501 1084 518 ιο

44 545 69 572 O
82 545 150 571 mihi
167 545 182 570 si
199 544 322 578 profugae
334 539 437 574 genitor
449 546 516 563 nunc
529 535 575 562 ille
584 536 719 569 supremos
756 534 894 568 Amplexus
904 531 983 556 Aeeta
998 527 1083 560 dares,

22 608 26 650 l
45 617 116 644 ferus
150 617 239 642 Aeetes
264 621 291 645 5,
313 618 361 644 553.
433 609 519 636 Senec.
534 608 563 634 in
576 607 669 634 Medea
686 615 732 642 179
760 605 850 633 Medea
864 596 959 628 Colchi
972 600 1085 626 noxium

22 651 25 711 Α
47 654 141 679 Aeetae
154 659 238 686 genus.
370 681 375 686 ¹
454 679 471 689 Η
702 679 707 683 .

84 690 297 715 AEE‘PAEVS-
326 680 385 707 Adi.
407 680 557 714 [Ami-aeos]
595 678 681 706 Catul.
700 687 729 704 in
752 677 831 709 Nupt.
855 672 908 699 Pel.
927 677 953 698 et
973 671 1058 698 Thet.
1074 679 1086 703 3

23 723 25 807 1
46 722 163 752 Phasidos
175 721 207 747 ad
219 718 351 750 flu6his‚ct
367 716 430 742 sines
445 717 580 742 Aeetaeos.

81 757 179 786 Αιῖιέτ
190 764 197 782 1
207 760 228 782 Α
238 762 250 782 s
260 774 267 787 ,
290 752 431 779 Aeetiadis.
455 751 597 785 [Αἰητίας]
635 748 724 777 Medea
735 742 900 779 Aeetaefilia.
930 742 1087 770 Ouid.Met.
1102 742 1127 768 ¹3
1146 744 1200 769 Att.
1218 745 1245 769 16
1255 763 1261 774 ‚
1276 748 1298 772 8.

47 802 78 830 7,
97 801 112 826 9
121 791 253 825 ,Concipit
266 790 365 815 interea
378 787 480 814 validos
495 787 598 813 Aeetias
614 786 694 820 ignes.

80 829 236 859 AEss‘ris,
258 826 317 851 idis.
339 824 461 858 [Αἰήτα]
482 823 569 849 eadem.
607 821 694 848 Valer.
709 816 789 855 Flacc.
804 815 836 846 6,
858 821 913 848 479
939 828 984 833 -
1005 820 1030 840 et
1045 822 1087 848 pa-

24 876 25 893 ι
45 873 93 892 vor
105 870 175 890 artus
211 861 347 892 Protinus,
366 866 445 894 atque
461 859 551 893 ingens
566 857 673 884 Aeetida
685 851 794 889 percullt
809 850 915 876 horror-

21 895 25 927 l
78 905 148 926 ΑΕΒ
157 905 195 925 '1⁸1
208 905 256 925 vs.
280 896 338 923 Adi.
368 895 500 929 [Αἰήτης]
525 894 559 921 ad
573 891 798 924 Aeetenpertinenr
812 897 819 911 :
858 885 945 911 Valer.
962 885 1044 911 Flacc.
1059 887 1086 917 6,

1139 316 1244 339 iiciatur
1258 313 1391 339 videamur.

1550 152 1779 194 AEG

1142 249 1209 281 3,ιι,
1229 248 1263 281 25
1279 240 1357 267 Diua
1370 247 1426 268 erat
1440 250 1516 277 aegra
1531 244 1610 271 mihi.
1647 253 1787 280 praeceps,
1807 253 1951 280 amensque
1963 247 2081 273 cucurri:
2119 248 2189 275 Veni

1143 284 1170 303 et
1184 277 1265 303 riuali
1280 286 1335 303 non
1350 285 1406 303 erat
1421 286 1496 311 aegra
1511 289 1579 306 meo.
1729 283 1750 320 Ἴ
1772 290 1784 314 3
1807 283 1859 308 Iam
1874 283 1959 317 quibus
1968 284 2135 317 substantiatis
2154 284 2196 310 adv

1253 349 1269 360 Γ
1433 315 1480 340 Vm*
1491 319 1600 349 primum
1612 316 1778 352 obstruamus,
1800 317 1851 343 dici·
1864 320 1938 343 etiam
1952 319 1980 343 de
1993 321 2069 344 mutis
2081 321 2196 345 animali-

1237 349 1311 383 Xirg.
1326 349 1424 382 Georg.
1441 357 1470 381 3,
1491 357 1545 384 497
1582 365 1625 370 —
1646 359 1671 378 et
1686 353 1772 387 quatit
1786 362 1878 387 aegros
1918 353 2006 379 Tuffis
2021 354 2114 380 anhela
2130 355 2194 381 sues.

2126 164 2196 210 ¹46

1140 349 1194 374 bus.

400 396 506 432 Ipseam,
526 400 577 420 tres
590 389 826 427 [lber-ossustultfle,
847 392 947 418 Circen,
967 386 1085 414 Medeam,
1104 386 1116 411 ἰ
1143 386 1183 411 Sic
1196 383 1242 409 Sus
1257 393 1334 418 aegra
1356 385 1414 411 Col.
1431 387 1462 417 6,
1485 393 1512 417 5,
1532 393 1550 410 ι.
1587 386 1682 413 Amans
1698 397 1774 423 aegra
1794 391 1869 423 Virg.
1883 389 1946 415 Aen.
1956 398 1975 421 ι,
1992 397 2043 422 355.
2061 393 2078 416 i.
2094 391 2195 416 Moesta

1143 427 1168 446 et
1183 420 1277 452 anxia,
1294 423 1378 456 inquit
1396 420 1491 446 Festus.
1529 421 1614 446 Amor
1626 430 1702 455 aeger
1724 426 1798 458 Virg.
1814 426 1912 460 Georg.
1929 434 1962 458 4,
1980 427 2044 459 464.

1142 462 1183 482 tus
1197 464 1273 490 aeger
1290 457 1376 491 quatit
1389 456 1475 482 vastos
1491 463 1562 482 artus
1582 457 1656 490 Virg.
1672 458 1735 484 Aen.
1753 467 1779 491 ς,
1800 470 1858 493 432,

1142 500 1205 518 nere
1218 512 1227 524 ,
1265 495 1282 517 i.
1303 494 1387 518 l'⁷1'tam
1419 492 1523 518 Lucret.
1539 494 1569 522 6,
1584 500 1647 517 1221.

1143 529 1206 554 Met.
1222 536 1256 560 9,
1273 536 1327 562 179.

2088 426 2195 452 Anheli-

1897 461 2020 488 Animam
2034 469 2137 495 aegram
2151 471 2196 496 po-

1413 527 1417 532 .
1640 528 1644 532 .
1718 494 1840 521 Animam
1854 505 1959 531 aegram
1973 497 2078 523 auferre
2114 497 2196 524 Ouid.

1367 529 1479 554 Annuus
1493 537 1570 562 aeger
1592 527 1673 554 Ouid.
1689 527 1721 554 de
1736 530 1810 555 Rei-ii.
1827 532 1883 556 Am.
1899 542 1950 564 129.
1991 532 2107 559 Ausonia
2120 541 2198 567 aegra

43 581 171 616 fletusque
185 580 293 607 videres.
330 577 421 601 Aeetes
428 573 544 607 soligena
566 573 666 605 Argon.
681 579 708 604 ς,
731 579 782 606 317.
803 573 820 596 ι’.
837 569 898 596 Soli:
910 565 988 599 filius.
1027 564 1084 590 Nec
1098 567 1127 584 ¹0
1143 564 1254 590 vulnere
1274 564 1319 591 Sil.
1334 564 1389 590 Ital.
1400 571 1456 598 7,2
1477 567 1494 589 i.
1508 565 1584 590 ltalia
1599 564 1667 589 clade
1680 567 1777 596 tratis,
1800 572 1822 590 et
1834 566 1972 594 debitam.
2010 568 2113 595 Balatus
2126 569 2198 603 aegri

1143 599 1224 625 Ouid.
1241 600 1305 639 Met..
1321 607 1354 634 7,
1371 608 1430 632 540.
1489 599 1544 626 Cor
1566 598 1648 625 Ouid.
1663 599 1749 626 Trist.
1765 609 1795 632 3,
1809 608 1840 632 2,
1855 604 1891 627 16.
1939 604 1996 630 Val.
2011 605 2093 631 Flacc.
2108 614 2136 638 3,
2151 613 2198 640 74.

1144 636 1248 669 Corpus
1269 636 1344 669 Virg.
1361 637 1426 661 Aen.
1442 643 1470 668 3,
1485 644 1541 668 ¹40·
1614 635 1672 661 Cic.
1687 635 1719 661 ad
1733 636 1835 668 Qiirit.
1851 636 1906 670 post
1919 638 1995 665 redit.
2014 649 2022 665 1
2044 641 2116 667 Bona
2130 642 2199 667 vale-

1144 671 1209 697 tudo
1224 670 1367 696 iucundior
1381 671 1416 696 est
1431 671 1532 706 eis,qui
1544 679 1558 696 e
1572 671 1647 705 graui
1661 670 1758 697 morbo
1772 672 1883 697 recreati
1892 673 1965 705 sunt,
1987 684 2064 709 quain
2079 677 2125 711 qui
2135 685 2200 703 nun-

1145 716 1225 741 quam
1239 715 1319 741 aegro
1332 715 1445 741 corpore
1460 708 1577 733 fuerunt.
1625 706 1737 732 Dolores
1756 708 1860 733 Lucret.
1875 716 1902 739 3,
1918 714 1970 740 918.
2017 711 2126 738 Familia
2144 713 2199 739 Cic.

1355 743 1452 768 Femur
1475 743 1550 777 Virg.
1568 743 1632 768 Aen.
1650 751 1693 775 io,
1708 745 1763 776 856.
1816 744 1907 769 Genua
1930 745 2003 778 Virg.
2018 747 2081 772 Aen.
2098 756 2109 780 ς
2140 751 2200 781 468.

1146 780 1229 805 Hiatu
1244 787 1324 813 aegro
1340 778 1465 811 effoetus,
1487 778 1514 804 cle
1527 776 1664 809 luciam-e,
1679 787 1746 814 quem
1755 778 1867 814 spiritus
1880 778 1963 815 deficit
1996 781 2056 807 Stat.
2069 768 2161 809 Th'eb.
2175 786 2191 810 6

1145 816 1203 847 869.
1266 814 1371 841 Inuidia
1384 815 1459 840 laetis
1471 822 1564 849 aegra,
1583 815 1620 841 Ob
1636 816 1741 840 alienam
1750 815 1850 850 scilicet
1860 814 2015 850 felicitatem
2029 820 2118 850 ermis.
2140 805 2203 846 Stati

1145 850 1237 877 Theb.
1252 859 1277 882 i,
1292 853 1345 876 126.
1383 850 1482 876 Luchis
1504 849 1587 877 Ouid.
1604 851 1669 876 Met.
1686 859 1718 882 2,
1734 859 1790 883 329.
1829 851 1971 883 Lucret.3,
1986 853 2041 885 946
2061 867 2106 872 -—
2123 856 2203 881 nimis

1144 887 1230 921 aegris
1245 886 1373 912 Luc'tibus
1390 886 1527 920 indulges?
1544 892 1593 912 etc.
1632 887 1726 912 Manus
1745 885 1827 912 Ouid.
1844 886 1922 921 Epist.
1938 896 1969 919 2,
1982 889 2045 920 246.
2083 888 2205 916 Membra

58 943 92 969 42
112 935 168 961 Nee
182 934 269 960 miuus
284 932 373 959 Aeolii
388 931 474 966 proles
490 931 582 957 Aeetia
594 925 681 955 Phrixi
719 924 814 949 Fertur
828 928 854 948 et
868 921 921 956 ipsa
937 921 1027 947 fui-ens
1037 941 1044 952 ‚
1067 924 1085 947 ι’.
1098 933 1132 951 20
1144 922 1226 949 Ouid.
1241 922 1320 956 Epist.
1338 930 1379 954 ιι,
1395 927 1431 954 38.
1470 922 1532 948 Stat.
1546 921 1639 948 Theb.
1654 924 1686 954 6,
1701 930 1748 954 5¹1·
1786 923 1862 948 Mens
1882 922 1964 948 Ouid.
1979 923 2065 949 Trist.
2081 933 2115 956 4,
2129 933 2151 956 3,
2167 934 2204 951 21,

24 981 25 991 ι
42 970 134 998 Phrixi
149 978 171 996 et
183 967 402 1004 Chalciopesfilii,
421 969 511 994 Aeetae
525 972 625 1002 nepotes.
661 959 753 987 Aeetia
775 959 870 993 virgo,
890 956 978 983 Medea
1005 957 1088 983 Flacc.

24 1027 25 1054 ζ
44 1007 72 1040 6,
94 1007 155 1040 267.
428 1042 455 1073 A
549 1038 574 1069 E
670 1034 698 1065 G

78 1119 150 1141 AEG
160 1120 198 1145 Α,
219 1122 256 1140 ἃς,
296 1112 427 1148 Nymphae
440 1118 535 1139 nomen,
552 1114 611 1142 quae
623 1114 651 1131 ex
666 1105 741 1131 Oleno
753 1100 925 1137 ls'iaelcariIfilio
939 1107 1010 1133 nata,
1023 1101 1089 1126 souis
1099 1100 1130 1125 25
1145 1111 1203 1128 cere
1224 1102 1316 1128 Tacit.
1332 1102 1401 1128 Hist.
1416 1110 1442 1134 2,
1454 1110 1492 1127 ρο.
1508 1104 1526 1127 ι’.
1541 1101 1646 1127 umidis.
1683 1103 1720 1129 Os
1741 1101 1786 1128 Sil.
1802 1102 1858 1128 Ital.
1876 1111 1896 1134 ¹3
1906 1122 1914 1134 ,
1937 1122 1943 1128 .
1966 1122 1972 1128 ,

39 1152 127 1178 nutrix
133 1148 211 1186 ftuste
218 1149 317 1186 fertur.
390 1146 493 1173 (midam
510 1144 604 1179 Argum
625 1143 706 1167 Panos
726 1148 827 1165 vxorem
848 1138 946 1167 disere,
967 1147 981 1162 a
1001 1146 1047 1172 qua
1064 1143 1087 1163 et

41 1187 119 1222 Aegis
130 1183 208 1212 dieta.
260 1173 423 1211 Recordemfiss
431 1180 490 1214 o’c'iyoe
504 1177 546 1212 effe
559 1185 674 1213 capram,
687 1175 832 1203 Amaltheae
844 1180 945 1209 capram
963 1174 1030 1199 [oms
1044 1183 1087 1199 nn-

39 1224 126 1248 tricem
135 1241 141 1252 ‚
157 1222 245 1247 Panem
266 1218 421 1255 caprzPedem.
464 1215 520 1242 Vid.
535 1215 610 1249 plura
623 1212 690 1248 apud
702 1211 840 1246 Hyginum
859 1210 932 1236 Poet.
942 1208 1008 1235 Astr.
1017 1217 1041 1241 2,
1053 1217 1086 1241 13.

77 1264 123 1284 ΑΕ
132 1263 152 1284 G
165 1258 211 1283 AT
221 1263 236 1283 E
246 1264 268 1283 s.
282 1265 316 1282 ni.
332 1254 365 1290 pl.
401 1251 495 1288 Instilae
508 1251 593 1277 Maris
607 1250 684 1276 Siculi
698 1257 709 1273 e
722 1250 822 1284 regt‘one
842 1246 955 1280 Lilybaei
970 1252 1088 1280 promon-

478 1337 523 1342 —-
558 1322 665 1355 insuper
684 1328 743 1345 aeui

59 1337 70 1355 ε
84 1329 187 1355 Ham&
301 1361 378 1388 Flore
391 1360 478 1387 virens
492 1363 551 1385 auet
567 1358 675 1391 Aegates
689 1355 796 1381 abolere
811 1358 949 1388 parentum

46 1507 105 1533 Vici.
119 1506 207 1534 Iustin.
221 1513 254 1540 7,
269 1514 286 1532 1.
342 1505 359 1530 E
400 1511 421 1530 et
435 1502 512 1529 eodem
525 1504 619 1527 nomine
635 1499 749 1535 oppidum
765 1499 874 1524 Ciliciae.
912 1497 979 1523 Plin.
1002 1503 1031 1528 5,
1052 1502 1087 1529 27

23 1567 25 1572 ,
41 1543 104 1570 Item
117 1541 236 1569 Aeolidis.
292 1539 356 1566 Plin.
373 1547 400 1572 5,
420 1548 459 1571 3ο.
513 1536 606 1564 Strabo
620 1535 666 1562 lib.
683 1540 695 1565 8
710 1541 735 1561 et
749 1543 765 1567 9
792 1535 904 1560 meminit
918 1535 1044 1569 Acgurnm
1058 1534 1087 1556 in

43 1577 257 1611 Euboeastmrum,
273 1579 299 1601 in
318 1576 404 1610 quibus
416 1575 521 1601 locatum
534 1571 567 1605 est
579 1574 671 1608 Aegaei
686 1573 798 1606 Nepmm'
811 1571 942 1604 templum,
969 1575 992 1594 et
1006 1577 1020 1593 a
1034 1570 1087 1604 qui-

38 1613 83 1639 bm-
98 1615 218 1648 Aegaeum
233 1612 337 1646 pelagus
354 1618 437 1636 nomen
456 1607 546 1644 astequi
552 1615 630 1643 putat
643 1606 686 1641 este
705 1606 875 1640 verllimdius.
947 1604 991 1631 Ad
1003 1605 1088 1640 Aegas

36 1683 148 1717 NtPtum'
156 1680 335 1716 praesentiam,
351 1683 393 1716 qui
406 1683 459 1706 iaie
472 1680 594 1716 impendio
618 1680 748 1706 colebatur.

72 1724 94 1744 A
103 1723 148 1744 EG
158 1724 179 1744 A
189 1723 205 1743 E
215 1724 236 1743 A
245 1723 270 1743 E.
299 1716 438 1751 [Αἰγαῖαι]
475 1717 572 1753 Injiclae
594 1717 678 1742 Ioniae
697 1715 853 1746 adiacentes,
872 1722 932 1749 quae
949 1720 1087 1739 commemo-

36 1760 126 1780 rantur
139 1761 154 1779 a
168 1753 234 1779 Plin.
249 1761 274 1785 i,
296 1760 329 1784 31.

71 1796 93 1816 A
101 1795 118 1816 Ε
126 1795 147 1816 G
156 1795 200 1815 AF.
210 1795 230 1816 ο
239 1796 259 1815 Ν
268 1808 276 1820 ,
292 1788 360 1814 (mis.
382 1786 526 1821 [Alyzia-lv]
550 1788 628 1824 Gigas
636 1807 645 1820 ,
663 1787 729 1813 Caeli
748 1792 771 1812 et
789 1786 883 1811 Terrae
889 1783 972 1819 filius.
1009 1783 1086 1817 Virg.

35 1869 87 1896 que
113 1869 222 1892 manus,
241 1859 434 1895 quinquaginta
453 1859 546 1885 oribus
565 1860 655 1894 ignem
676 1857 885 1891 Pectoribusque
898 1856 998 1888 arsisse,
1014 1855 1088 1882 Iouis

22 1933 114 1963 Jenses.
150 1931 255 1958 Seruius
269 1931 303 1958 ad
315 1932 340 1958 h.
353 1933 370 1958 1.

23 1967 168 1994 *etTerrae
176 1967 256 1994 filius.
451 1975 466 1992 2
487 1965 610 2000 Aegaeon
621 1964 848 1997 centumgeminus
870 1960 963 1987 Claud.
971 1960 1003 1985 de
1012 1960 1088 1993 Rapt.

33 2039 108 2074 Rapt.
131 2040 248 2073 Proserp.
265 2047 292 2070 ι,
308 2045 340 2071 45
368 2038 518 2070 Rursusque
534 2042 656 2062 cruentos
671 2035 779 2069 Aegcon
793 2032 882 2067 positis
895 2031 970 2056 arfflo
983 2030 1015 2055 de
1030 2038 1087 2054 cor-

32 2115 136 2138 motu.'
154 2111 276 2144 Aegaeon
291 2107 415 2141 Cycladas
435 2107 567 2140 amplexus
587 2106 649 2130 Stat.
668 2102 760 2128 Theb.
780 2109 808 2132 5,
821 2104 864 2128 288
885 2096 918 2130 ‹st
941 2106 1014 2123 mare
1036 2098 1087 2123 Ae.

33 2155 135 2181 gaeum.
174 2146 212 2172 lta
219 2143 330 2175 Hesych.
352 2143 453 2174 Αἰγαίων
467 2141 495 2165 τό
508 2140 562 2174 περὶ
573 2138 618 2164 τοὶς
632 2135 757 2163 muudus
768 2137 884 2167 πέλαγος.
928 2133 986 2160 Vid.
995 2133 1086 2159 Turn.

35 2182 102 2209 Adu.
118 2189 162 2213 19,
176 2189 200 2206 2.
237 2180 278 2206 Sic
289 2185 313 2204 et
333 2178 424 2210 Aegon
437 2175 582 2210 usurpatur.

71 2224 91 2244 A
105 2223 121 2243 E
130 2221 206 2242 ΘΑΕ
215 2221 235 2239 v
247 2220 270 2239 M
291 2213 380 2244 Mare,
402 2212 415 2244 [
424 2213 520 2244 Αἰγαῖον
535 2209 661 2243 πέλαγος]
683 2205 717 2240 eft
734 2208 862 2233 Graeciam
874 2208 941 2231 inter
955 2203 1086 2240 Asiamque

34 2297 68 2322 4,
82 2296 105 2315 ιι
127 2287 228 2321 Aegaeo
255 2285 324 2311 mari
343 2292 440 2309 nomen
460 2280 532 2308 dedit
553 2268 674 2315 scopulus
695 2280 766 2306 inter
787 2277 932 2305 Tenedum
946 2283 972 2303 et
985 2275 1084 2304 Chium

33 2324 124 2351 verius
143 2331 220 2358 quam
239 2320 337 2352 insula,
355 2320 409 2346 Aex
430 2318 549 2350 nornine,
562 2327 576 2344 a
597 2317 681 2351 specie
701 2323 808 2350 caprae,
830 2322 898 2348 quae
920 2314 957 2340 ita
977 2313 1085 2339 Graecis

39 2400 111 2429 parte
123 2392 240 2420 Andrum
252 2392 407 2426 nauigantes
418 2390 450 2417 ab
463 2390 580 2422 Achaia,
601 2389 690 2415 dirum
704 2396 732 2414 ac
747 2386 910 2422 pestiferum.
948 2385 989 2411 Ab
1002 2387 1083 2421 Aegeo

44 2429 131 2466 Thesei
137 2435 210 2464 patre
223 2429 268 2454 alii
282 2434 322 2463 ap.
331 2427 438 2455 Suidam.
475 2426 562 2453 Festus
576 2427 650 2451 aliam
663 2423 741 2458 affert
755 2425 861 2449 nominis
874 2420 1084 2455 rationem,quod

41 2465 70 2492 in
83 2473 115 2492 eo
127 2465 288 2492 Amazonum
302 2463 393 2498 regina
407 2463 508 2497 Aegaea
521 2461 639 2497 perierit.
682 2461 740 2489 Vel,
756 2458 805 2485 eod.
820 2455 934 2487 austere,
949 2456 1022 2491 quod
1030 2465 1084 2482 ere-

40 2501 102 2528 brae
121 2500 148 2527 in
166 2509 198 2526 eo
217 2499 264 2526 sint
281 2499 394 2531 Insulae,
408 2507 475 2534 quae
489 2498 580 2533 procul
600 2495 766 2524 intuentibus
785 2494 856 2526 αἰγῶν
870 2494 1015 2527 Caprariim
1030 2493 1083 2527 spe-

39 2537 106 2564 ciem
117 2535 265 2572 praebeant.

41 2574 154 2608 Aegeum
169 2580 249 2599 mare.
287 2573 399 2598 Omnium
412 2569 588 2605 uerofimillime
600 2571 633 2596 D.
648 2567 764 2601 Heinsius
785 2566 817 2592 ad
839 2566 884 2592 Sil.
903 2573 927 2597 ι,
949 2566 1000 2598 468
1021 2565 1085 2590 deri-

38 2615 84 2635 vat
96 2608 126 2634 ab
138 2604 322 2643 “fres-flustris,
337 2606 465 2642 procellae,
475 2615 533 2641 quae
541 2609 569 2631 i'n
577 2605 617 2632 illo
632 2607 697 2631 mari
711 2602 976 2638 mmxlvii·fintiuntur.
999 2600 1081 2632 Adde,

42 2646 83 2678 qui
96 2642 186 2678 copr'ose
198 2649 220 2668 et
233 2641 325 2668 maire
338 2641 465 2667 admodum
476 2643 520 2667 boc
534 2646 701 2677 argumentum
715 2635 823 2670 trae-lat,
833 2637 904 2664 Boch.
916 2638 1003 2672 Geogr.
1015 2638 1084 2664 Sacr.

39 2685 110 2714 part.
123 2679 164 2705 21.
180 2687 191 2704 1
203 2686 224 2703 c.
240 2686 272 2708 ¹3-
324 2677 393 2702 Hor.
405 2675 482 2710 Epist.
496 2685 521 2708 1,
534 2685 570 2709 ιι,
587 2678 614 2703 ι6
634 2675 737 2702 Idcirco
757 2683 850 2700 nauem
866 2679 936 2699 trans
950 2673 1083 2707 Aegaeum

43 2722 116 2740 mare
128 2712 232 2739 vendas.
274 2711 364 2738 Altum
378 2712 509 2746 Aegaeum
530 2711 626 2746 Virgil.
640 2712 704 2738 Aen.
721 2720 764 2743 12,
779 2712 832 2743 365.

42 2750 106 2778 Met.
118 2757 145 2782 9,
159 2755 223 2782 447.
261 2747 370 2774 Caerula
384 2748 485 2782 Aegaea
505 2748 593 2775 Valer.
608 2747 690 2774 Flacc.
706 2756 732 2780 1,
748 2748 798 2780 561.
835 2746 925 2771 Patens
939 2745 1084 2779 Aegaeum,

35 2784 138 2822 fichaud.
153 2785 226 2810 Mare
257 2784 324 2810 Hor.
339 2783 391 2810 Od.
406 2792 438 2816 2,
459 2785 488 2810 16
494 2803 503 2816 ,
522 2792 540 2810 1.
611 2783 775 2811 Profundum
806 2781 864 2807 Val.
880 2781 962 2807 Flacc.
979 2789 1004 2813 1,
1027 2783 1082 2807 160.

42 2821 149 2856 Aequor
161 2820 292 2855 Aegaeum
332 2818 412 2846 Ouid.
427 2820 491 2846 Met.
509 2827 546 2852 11,
568 2820 625 2852 663.
697 2818 821 2852 Cyclades
843 2818 959 2851 Aegaeae
999 2815 1081 2843 Ouid.

42 2856 127 2883 Trist.
142 2864 167 2888 i,
179 2859 225 2888 'ii‚
246 2860 268 2885 8.
306 2854 412 2882 FluEtus
429 2855 490 2882 Stat.
505 2854 590 2882 Achil.
606 2864 639 2889 2,
657 2864 676 2883 1.
713 2856 815 2889 Gurges
836 2853 897 2880 Stat.
905 2852 996 2879 Theb.
1006 2861 1031 2885 2,
1040 2860 1080 2887 43.

43 2892 103 2920 Cic.v
117 2891 145 2919 in
160 2891 231 2918 Arat.
243 2892 303 2926 426.
359 2892 474 2923 Hyemes
492 2892 555 2918 Stat.
570 2891 636 2918 Silu.
650 2900 677 2924 ι,
698 2900 727 2924 3,
748 2899 788 2924 95.

40 2931 58 2954 ι’.
71 2928 145 2955 Mare
155 2930 276 2963 Aegaeum
308 2927 369 2953 Stat.
384 2926 476 2954 Theb.
492 2934 520 2960 5,
541 2935 585 2961 49.
659 2927 799 2962 Neptunus
820 2925 895 2959 Virg.
910 2925 973 2951 Aen.
992 2934 1014 2957 3,
1035 2932 1080 2960 74.

41 2965 136 2991 Pontus
154 2962 210 2990 Seri.
227 2963 255 2992 in
269 2962 363 2997 Oedjp.
378 2968 434 2996 488.
479 2963 526 2990 Sil.
540 2971 565 2996 1,
585 2965 645 2998 468.
702 2964 795 2990 Portus
822 2960 914 2988 Claud.
929 2961 957 2987 in
970 2962 1081 2995 Eutrop.

43 3008 74 3032 2,
95 3001 156 3033 246.
204 2998 336 3026 Procellae
354 2999 415 3025 Stat.
429 2998 515 3025 Achil.
532 3008 556 3032 ι,
578 3008 635 3032 390.
709 2999 798 3025 Salum
820 2998 936 3032 Propert.
951 3005 977 3029 1,
998 2999 1033 3030 6,
1057 3006 1081 3023 2.

43 3035 134 3070 Stagna
152 3034 213 3061 Stat.
225 3034 316 3061 Theb.
330 3037 362 3067 6,
382 3043 424 3061 20.
480 3035 629 3062 Tumultus
644 3036 742 3069 Aegaei
755 3038 772 3060 ι’.
788 3034 874 3060 Maris
887 3034 980 3070 Aegaei
993 3039 1082 3068 tempe-

38 3068 119 3103 states
162 3070 229 3097 Hor.
242 3070 292 3097 Od.
308 3079 336 3103 3,
357 3078 403 3104 29,
424 3072 463 3103 63.

43 3112 108 3133 orta.
143 3105 233 3132 Vndae
252 3105 348 3132 Tibul.
358 3114 378 3138 1,
390 3115 414 3139 3,
428 3114 447 3132 1.

78 3147 153 3168 AEG
163 3146 222 3173 HR,
237 3143 326 3176 aegra«,
343 3150 458 3176 aegrum.
479 3139 622 3176 [dbkvssaon
636 3144 766 3174 ἓπίλωτος,
787 3138 1020 3176 ὄρῤωςσςκνᾶσιμσς]
1036 3140 1082 3166 Fe-

42 3176 110 3209 stus,
131 3177 246 3216 Aegrum
266 3184 298 3203 ex
321 3177 421 3204 Graeco
443 3177 518 3213 αἰάζω
538 3178 703 3226 appellatur:
741 3186 755 3204 a
770 3175 926 3211 quibusdam
941 3182 1048 3211 putatur
1069 3185 1084 3202 a

42 3221 107 3253 voce
123 3211 226 3252 doloris
239 3211 378 3246 appellari,
401 3222 467 3248 quae
479 3213 516 3240 est
529 3215 554 3240 αἰ
567 3217 601 3240 ati
637 3214 758 3245 Seruius,
781 3213 865 3246 Aeger
885 3217 910 3238 et
930 3220 1042 3246 corpore
1056 3218 1083 3238 et

41 3257 133 3275 animo
145 3247 244 3274 dicitur
257 3257 262 3273 :
299 3246 360 3274 ficut
373 3249 452 3275 etiam
466 3250 604 3284 Aegrotus.

42 3293 98 3311 rem
117 3283 185 3310 Ter.
202 3284 265 3309 Hec.
282 3291 307 3315 i,
327 3291 358 3315 2,
379 3292 423 3317 ¹¹3-
478 3286 534 3312 Cic.
548 3285 580 3312 de
594 3286 658 3313 Nat.
672 3287 753 3312 Dcor.
769 3293 802 3316 2,
824 3292 851 3310 12
883 3284 924 3311 Ne
937 3284 1010 3319 aegri
1023 3284 1082 3319 qui-

42 3319 102 3347 dem
132 3327 223 3360 omnes
253 3318 443 3358 conualeseunt.
488 3323 526 3347 De
559 3322 642 3348 morbo
675 3323 762 3347 animi.
805 3320 880 3354 Virg.
897 3321 962 3346 Aen.
985 3329 1010 3353 1,
1032 3325 1082 3350 208

62 3369 107 3375 —
124 3364 195 3382 turis
216 3362 248 3381 ue
272 3353 422 3389 ingentibus
445 3363 528 3390 aeger.
601 3357 674 3384 Idem
697 3358 762 3384 Aen.
782 3365 817 3389 4,
838 3363 864 3389 35
899 3370 952 3376 --
975 3365 1082 3391 aegram

43 3389 110 3418 nulli
123 3399 195 3426 quon
213 3399 256 3417 am
271 3391 366 3416 flexere
380 3390 477 3417 mariti.
496 3393 515 3418 i.
535 3391 662 3425 Moesiam.
859 3400 876 3418 2
897 3393 990 3418 Nomen
1003 3392 1083 3419 morbi

44 3433 86 3452 aut
100 3429 184 3463 partis
200 3423 308 3460 affeflae
327 3426 462 3458 Ablatiuo,
483 3427 609 3459 Genium,
627 3430 668 3455 vel
686 3427 835 3464 Accufhtiuo
855 3426 910 3463 cafit
923 3427 1119 3466 adiungitur,90

18 3484 20 3489 .
44 3470 110 3502 ug.
124 3462 188 3503 tiu.
206 3471 251 3496 30,
271 3471 292 3489 ιι
313 3461 486 3488 stimulabant
500 3470 605 3497 aegrum
617 3464 716 3491 Amore
729 3472 813 3495 vxor,
832 3464 963 3498 socerque.
1016 3465 1080 3491 Ani-

47 3505 84 3524 mi
101 3497 205 3539 L1u32,
225 3499 264 3538 3⁶:
299 3497 375 3524 Curt.
389 3507 424 3531 4,
441 3506 470 3530 3,
489 3505 522 3523 ιι.
568 3499 661 3526 Medea
675 3500 766 3526 animo
780 3507 859 3533 aegro
879 3498 934 3526 Cic.
947 3508 994 3534 pro
1008 3500 1081 3527 Cael.

47 3536 106 3572 c.·8.
140 3533 204 3560 Plin.
217 3531 294 3574 Epitt.
310 3541 343 3567 9,
364 3541 413 3566 22,
434 3542 447 3565 3
468 3534 518 3559 Pro
532 3531 582 3559 hoc
597 3542 646 3568 ego
659 3536 761 3568 amico,
777 3544 826 3570 pro
839 3533 888 3561 hoc
901 3535 1017 3570 ingenio,
1025 3545 1080 3563 non

49 3575 133 3595 minus
144 3577 218 3604 aeger
231 3570 346 3602 Ammo,
364 3577 444 3605 quani
459 3569 580 3603 Corpore
595 3568 648 3596 ille.
683 3571 724 3598 Ab
738 3572 828 3597 animo
848 3569 926 3598 Plaut.
939 3571 1014 3607 Epid.
1025 3581 1044 3604 i,
1053 3581 1080 3605 2,

36 1647 162 1678 Achaiae,
181 1655 246 1672 nemo
264 1647 536 1680 praesti-nauigaritium
548 1642 712 1680 tempestatem
734 1646 813 1668 maris
820 1640 905 1678 pastus
916 1640 1042 1670 creditur,
1060 1639 1128 1668 ob40
1144 1651 1217 1676 aegn
1259 1643 1295 1668 Ex
1308 1641 1382 1667 abitu
1396 1649 1468 1672 Vll-1,
1490 1649 1570 1675 quam
1585 1648 1617 1666 ex
1633 1640 1748 1666 aduentu
1777 1640 1922 1675 voluptatis
1943 1642 2010 1675 cepi,

36 1825 99 1852 Aen.
115 1833 158 1857 10,
179 1826 224 1857 565
261 1825 382 1864 Aegaeon
405 1823 506 1858 qualis,
529 1831 634 1849 centuni
649 1823 692 1850 cui
706 1821 815 1849 brachia
829 1820 937 1852 dicunt,
954 1822 1124 1849 centenas-43
1144 1831 1196 1857 que
1210 1821 1350 1847 medendo.

35 1905 95 1922 cum
115 1896 227 1923 fulmina
247 1902 338 1922 contra
356 1896 416 1922 Tot
442 1894 550 1929 paribus
584 1895 710 1930 streperet
742 1894 857 1927 clypeis,
877 1898 918 1918 tot
949 1891 1089 1924 stringeret

413 1932 423 1957 Ι
444 1932 468 1957 se
482 1931 527 1963 est,
545 1934 642 1966 lnquit,
653 1931 702 1964 qui
715 1934 741 1955 et
756 1930 880 1955 Briareus
895 1926 1005 1957 dicitur,
1014 1925 1090 1950 Caeli

32 2004 148 2038 Proserp.
163 2011 175 2035 3
185 2023 192 2036 ‚
212 2011 267 2036 343.
284 2002 348 2039 quod
362 2002 436 2036 Virg.
446 2002 511 2027 Aen.
525 2003 558 2032 6,
572 2006 621 2034 287
644 2001 744 2026 Briarei
758 1997 882 2033 epitheton
895 1994 936 2028 est.
950 1995 1043 2022 Claud.
1058 1995 1090 2020 dc
1098 2000 1129 2025 50
1145 1998 1176 2022 de
1191 1996 1279 2022 sedens
1293 1995 1418 2029 aegrescit
1433 2002 1494 2019 cura
1509 1994 1633 2027 pai-entis.

33 2084 99 2111 pore
120 2075 198 2101 nodis
221 2074 386 2107 (catenarum
409 2071 594 2107 infernalium)
617 2070 699 2096 obuia
715 2075 826 2094 centeno
838 2066 950 2090 vexass'et
972 2063 1089 2088 fulmina

22 2251 137 2288 'amplum
150 2257 172 2277 et
183 2251 273 2276 multas
286 2248 376 2275 habens
390 2247 484 2283 infidas
493 2257 500 2271 .·
515 2247 588 2272 vulno
600 2245 672 2272 hodte
685 2243 780 2269 dicitur
786 2242 980 2278 Archipelcigus.
1019 2241 1088 2267 Plin.

890 2709 981 2743 Aquae
1000 2707 1123 2740 Ouid.70

846 2889 950 2915 Nereus
964 2890 1081 2923 Aegaeus
1091 2894 1123 2922 75

509 3072 599 3098 Venus
627 3071 689 3098 Stat.
711 3069 802 3097 Theb.
823 3074 853 3103 8,
871 3075 935 3104 477.
967 3072 986 3095 i.
1009 3070 1083 3096 Mari
1091 3073 1122 3099 80

660 3251 773 3284 Aegram
795 3248 843 3274 esse
855 3247 974 3274 simulant
988 3248 1082 3274 mulie·
1093 3254 1122 3282 8,·

1145 959 1219 992 Virg.
1232 959 1330 993 Georg.
1348 967 1377 990 3,
1394 967 1437 990 512
1458 958 1486 983 de
1502 961 1571 993 equis
1613 973 1657 976 ——
1680 957 1780 992 ipsique
1802 959 1861 983 suos
1880 959 1933 984 iam
1956 960 2045 985 Morte
2066 959 2113 986 sub
2129 968 2206 994 aegra

1146 994 1267 1020 Disciss'os
1288 994 1366 1020 nudis
1387 993 1522 1020 laniabant
1541 993 1667 1020 dentibus
1686 1000 1765 1020 artus.
1786 996 1803 1019 ι’.
1825 1004 1897 1029 quarn
1918 999 2058 1030 aegrotatio
2073 1003 2095 1021 et
2109 997 2207 1022 morbus

1145 1030 1286 1066 adferebat.
1323 1031 1398 1063 Virg.
1415 1031 1480 1056 Aen.
1496 1039 1528 1062 2,
1543 1032 1592 1059 268
1612 1030 1735 1064 Tempus
1751 1036 1806 1056 erat
1819 1039 1874 1064 quo
1896 1030 1981 1064 prima
1997 1031 2072 1065 quies
2088 1032 2208 1058 mortali-

1145 1066 1194 1092 bus
1209 1066 1295 1100 aegris
1330 1066 1437 1100 Incipit.
1476 1069 1494 1091 i.
1515 1068 1613 1092 Anam-
1627 1072 1650 1091 et
1657 1066 1779 1102 solicitis.
1817 1065 1908 1092 Oculis
1924 1067 2010 1101 aegris
2024 1067 2127 1102 aliquid
2141 1068 2207 1102 aspi-

2028 1103 2084 1129 Cic.
2117 1112 2148 1129 ro
2155 1104 2207 1130 Mi-

1145 1138 1201 1164 lon.
1215 1140 1246 1168 68
1262 1147 1282 1163 c.
1298 1146 1329 1169 25
1349 1137 1398 1164 Sed
1414 1138 1474 1172 quis
1487 1146 1541 1163 non
1558 1137 1686 1171 intelligit
1700 1146 1792 1163 omnes
1813 1137 1866 1163 tibi
1878 1138 1992 1172 Reipub.
2008 1113 2207 1174 partespaegras

1144 1181 1169 1200 et
1184 1173 1300 1200 labantes
1313 1174 1361 1199 esse
1375 1173 1539 1199 commissas?
1586 1174 1670 1199 Passus
1692 1174 1749 1199 Val.
1766 1174 1834 1200 Flac.
1849 1182 1861 1205 3
1871 1194 1879 1205 ,
1892 1182 1947 1208 357.
2004 1174 2114 1201 Ρεᾶοῑει
2128 1184 2207 1206 aegra

1145 1210 1215 1236 curis
1237 1209 1294 1236 Val.
1310 1209 1378 1236 Flac.
1394 1211 1426 1239 6,
1442 1212 1498 1241 623.
1536 1208 1624 1235 Pudor
1641 1209 1697 1235 Val.
1714 1210 1780 1235 Flac.
1796 1217 1828 1243 7,
1845 1217 1894 1242 123.
1932 1210 2047 1244 Respub.
2063 1211 2118 1237 Cic.
2129 1203 2205 1238 Verr.

1147 1255 1172 1279 1,
1188 1253 1200 1279 5
1220 1247 1313 1280 Itaque
1327 1245 1396 1272 mihi
1410 1245 1507 1271 videor
1521 1253 1659 1279 magnam,
1675 1251 1700 1271 et
1716 1245 1832 1271 maxime
1849 1254 1968 1280 aegram,
1992 1252 2018 1272 et
2032 1256 2115 1281 prope
2127 1247 2205 1282 depo-

38 1292 153 1325 toriaad
167 1302 227 1328 quas
234 1293 329 1328 praelio
342 1288 423 1316 bellum
437 1289 553 1315 Punicum
564 1288 673 1322 primum
682 1283 741 1323 suit
753 1280 907 1318 compositum
937 1281 982 1307 Sil.
999 1288 1008 1306 1
1021 1301 1029 1313 ,
1052 1283 1087 1307 60
1097 1280 1129 1304 30
1145 1282 1219 1309 sitam
1227 1282 1294 1316 reip.
1304 1288 1405 1316 partem
1414 1282 1554 1315 suscepiffe.
1592 1281 1650 1307 lml.
1662 1288 1681 1307 A
1688 1288 1822 1308 izoRoTA
1829 1281 1987 1315 respublica.
2027 1283 2174 1317 Virg.Aen.
2184 1293 2206 1316 3,

1145 1327 1192 1351 142
1218 1318 1335 1344 Arebant
1346 1317 1463 1349 herbae,
1477 1324 1503 1343 et
1519 1316 1622 1343 vielum
1632 1318 1701 1351 seges
1718 1326 1796 1351 aegra
1810 1317 1930 1351 negabat.
1950 1317 2032 1344 Ouid.
2046 1320 2204 1352 Fast.1,688.

1144 1353 1284 1386 Senectus,
1295 1361 1342 1389 Ρη·
1356 1356 1529 1387 metonymiam
1545 1363 1574 1378 ex
1588 1351 1690 1386 qJJefla,
1705 1353 1771 1388 quod
1784 1357 1893 1379 homines
1907 1363 1995 1390 aegras
2009 1355 2097 1380 redunt
2122 1355 2204 1382 Ouid.

23 1417 25 1421 ,
298 1396 430 1429 Dedecus,
448 1404 475 1421 ac
489 1393 576 1421 Siculo
591 1391 866 1431 demergere-foedera
883 1389 977 1431 Ponto.
1144 1390 1209 1416 Met.
1224 1398 1276 1423 143.
1332 1390 1393 1424 Spes
1409 1389 1503 1415 Claud.
1519 1389 1550 1415 de
1565 1389 1649 1423 Nupt.
1665 1390 1737 1415 Hon.
1753 1395 1779 1415 ct
1793 1390 1910 1421 Mariae,
1925 1398 1961 1415 is.
1977 1398 2014 1423 14·
2088 1391 2206 1425 Suspiria

23 1434 25 1469 J
77 1441 226 1467 AEGAE,
252 1442 335 1460 arum.
372 1435 401 1458 it.
436 1432 521 1466 Aege,
548 1430 665 1463 Aegaea,
687 1428 801 1466 Aegia,
828 1427 893 1451 almi·
926 1423 1014 1464 Edessa
1045 1423 1089 1449 vel
1119 1458 1128 1465 .
1144 1426 1206 1452 Stat.
1221 1424 1314 1451 Theb,
1328 1427 1360 1457 6,
1376 1432 1412 1459 17·
1486 1424 1618 1451 Valetudo
1634 1425 1741 1451 infirma
1755 1432 1834 1460 atque
1847 1430 1925 1460 aegra
1946 1426 2003 1452 Cic-
2019 1426 2046 1452 in
2062 1427 2134 1453 Brut.
2152 1433 2204 1456 [80.

41 1471 155 1498 Aedess'a.
196 1469 353 1496 Macedoniae
366 1478 378 1495 o
394 1467 494 1503 pidum,
516 1466 543 1492 in
560 1474 614 1500 quo
626 1472 682 1490 mos
698 1463 804 1498 sepeliri
819 1470 893 1496 reges
921 1461 987 1487 Plin.
1002 1468 1031 1492 4,
1048 1468 1086 1485 io.
1101 1460 1126 1484 3>
1144 1461 1473 1493 VerbaVal,F12c‚g,143,
1510 1461 1558 1486 Vis
1576 1462 1638 1487 Stat.
1647 1461 1740 1487 Theb.
1749 1467 1819 1493 &531
1858 1476 1900 1480 .-.
1923 1470 2000 1496 aegra
2014 1471 2104 1488 ammo
2120 1463 2206 1494 vis‚ae

1143 1497 1242 1524 fiducia
1256 1496 1332 1523 ceffit.
1406 1497 1462 1523 Cic.
1479 1495 1511 1522 de
1524 1497 1616 1522 Diuin.
1632 1505 1657 1528 i,
1673 1505 1699 1528 53
1727 1498 1757 1522 ln
1772 1505 1804 1522 eo
1821 1497 1903 1530 igitur
1919 1497 2021 1531 oppido
2035 1499 2072 1523 ita
2088 1499 2206 1531 grauiter

1143 1543 1252 1568 aegrum
1275 1532 1423 1560 Eudemum
1442 1533 1534 1565 fuiss'e,
1556 1538 1584 1558 vt
1597 1541 1689 1558 omnes
1703 1532 1801 1558 medici
1816 1531 1975 1558 diffiderent.
2012 1534 2069 1559 Cic.
2084 1534 2167 1560 Tusc.
2183 1543 2205 1567 3,

1143 1579 1176 1597 22
1198 1570 1301 1604 Corpus
1316 1568 1418 1595 etiamsi
1432 1568 1607 1595 mediocriter
1621 1577 1730 1602 aegrum
1742 1567 1794 1600 est,
1808 1569 1897 1594 sanum
1913 1577 1968 1594 non
1982 1568 2026 1594 est.
2078 1570 2206 1604 Aegrum,

1143 1606 1250 1646 absolute
1261 1604 1383 1641 positum,
1400 1612 1449 1645 pro⁸
1461 1606 1553 1631 Animi
1567 1603 1733 1640 aegritudine.
1772 1604 1853 1630 Plaut.
1867 1604 1964 1638 Amph.
1974 1613 1996 1636 2,
2013 1613 2035 1638 2,
2045 1613 2066 1631 11
2088 1621 2132 1625 -—
2148 1607 2205 1641 plus

2063 1642 2168 1669 Lucret.
2187 1650 2196 1657 “

1143 1686 1190 1713 172
1225 1691 1272 1697 --
1290 1677 1333 1704 scd
1348 1677 1392 1703 cui
1406 1676 1477 1703 nihil
1491 1676 1588 1703 accidit
1598 1677 1679 1711 aegri.
1717 1677 1812 1711 Siiperl.
1834 1676 1911 1711 Apul.
1927 1677 1992 1703 Met.
2008 1679 2025 1703 6
2038 1686 2063 1712 p.
2081 1683 2124 1712 178
2148 1660 2207 1711 Psy

1144 1714 1192 1741 che
1212 1714 1371 1748 aegerrima.
1886 1726 1889 1729 ι

1180 1757 1202 1777 Α
1211 1757 1228 1777 E
1238 1756 1257 1777 G
1268 1757 1287 1776 R
1295 1757 1312 1776 E
1321 1757 1333 1776 S
1342 1756 1359 1776 c
1369 1756 1389 1776 o
1399 1769 1407 1782 ‚
1430 1751 1484 1775 ere.
1506 1747 1519 1782 [
1528 1745 1710 1782 δνθυμοῦμαι]
1747 1750 1896 1785 Aegriorem
1909 1748 1974 1784 fieri
1981 1769 1987 1779 ‚
2012 1756 2035 1775 et
2049 1753 2155 1784 proprie
2169 1759 2206 1776 re-

1138 1786 1230 1822 fertur
1243 1785 1278 1812 ad
1289 1788 1406 1811 animum.
1444 1785 1519 1817 Virg.
1534 1785 1599 1810 Aen.
1614 1792 1655 1815 12,
1669 1786 1705 1816 46
1740 1798 1786 1803 --
1807 1791 1933 1818 exuperat
1946 1785 2046 1818 inagis,
2069 1786 2206 1820 aegrescit-

1429 1819 1478 1845 Vbi
1496 1818 1618 1849 Seruius,
1639 1818 1703 1843 Inde
1720 1827 1815 1852 magna
1834 1821 1891 1845 eius
1912 1820 2052 1853 aegritudo
2065 1822 2206 1853 crescebat,

1144 1857 1214 1884 vnde
1228 1858 1252 1883 se
1266 1856 1292 1881 ei
1306 1855 1416 1881 Latinus
1429 1853 1578 1880 remedium
1593 1853 1712 1886 sperabat
1726 1853 1829 1880 afferre.
1868 1855 2034 1888 Aegrescere,
2043 1865 2092 1889 pro
2105 1858 2205 1890 Aegro.

1145 1900 1209 1918 tare.
1247 1891 1313 1916 Plin.
1327 1899 1372 1921 ιο,
1388 1897 1415 1914 12
1428 1889 1446 1915 s.
1463 1897 1487 1921 ¹5
1504 1887 1589 1914 Corui
1605 1894 1665 1914 ante
1681 1888 1822 1915 solstitium
1836 1897 1962 1924 generant
1976 1901 1981 1916 ε
2019 1891 2099 1918 iidem
2116 1901 2204 1920 aeine·

1145 1928 1218 1953 scunt
1232 1925 1365 1959 sexagenis
1378 1924 1472 1950 diebus
1486 1924 1527 1950 siti
1541 1924 1657 1949 maxime
1670 1930 1826 1958 ante,quam
1841 1925 1885 1951 fici
1900 1934 2049 1960 coquantur
2057 1924 2203 1954 Autumno.

1145 1962 1257 1988 Animus
1272 1961 1397 1995 aegrescit
1411 1961 1515 1986 Lucret.
1532 1968 1543 1990 3
1553 1978 1563 1990 ,
1576 1966 1632 1990 520.
1671 1959 1733 1984 Stat.
1748 1959 1839 1985 Theb.
1856 1968 1880 1991 ι,
1896 1970 1950 1992 400
1970 1961 2092 1987 Tantum
2108 1964 2135 1987 in
2148 1972 2205 1989 cor-

1691 1993 1796 2019 Morbis
1811 1996 1960 2028 aegrescere
1987 1996 2092 2022 Lucret.
2109 2007 2135 2030 5,
2150 2006 2204 2031 350.

1143 2031 1231 2056 Rebus
1245 2031 1320 2055 laetis
1335 2029 1499 2062 aegrescere,
1520 2029 1556 2054 Ob
1571 2030 1678 2053 alienam
1687 2028 1842 2063 felicitatem
1855 2031 1936 2056 dolere
1959 2031 2019 2057 Stat.
2029 2032 2120 2059 Theb.
2135 2043 2150 2060 2
2166 2036 2204 2061 16.

1144 2065 1227 2098 Ripae
1240 2065 1393 2098 aegrescunt
1406 2063 1515 2098 puluere
1534 2063 1608 2090 Idem
1623 2063 1716 2090 Theb.
1731 2074 1766 2098 4,
1781 2074 1832 2100 114.
1885 2066 1956 2093 Cura
1974 2069 2139 2102 aegrescente
2153 2054 2206 2096 ⁷du.

1143 2109 1202 2127 cere
1217 2099 1339 2126 dolorem
1354 2100 1399 2126 Sii.
1415 2100 1472 2126 Ital.
1487 2104 1517 2132 8,
1531 2108 1585 2126 212.

1181 2142 1287 2163 AEGR
1298 2143 1331 2168 Ε,
1350 2135 1418 2162 Adu.
1438 2133 1596 2169 [δυσκόλως]
1633 2136 1709 2170 Virg.
1725 2136 1822 2171 Georg.
1837 2145 1859 2169 3,
1868 2145 1915 2172 534
1931 2138 2001 2173 Ergo
2017 2148 2095 2174 aegre
2115 2141 2205 2169 rastris

1100 2175 1128 2202 55
1144 2177 1243 2198 terram
1254 2172 1396 2199 rimantur.
1409 2175 1427 2198 i.
1437 2182 1455 2198 e.
1472 2170 1638 2203 Difficulter,
1654 2175 1691 2198 ait
1707 2172 1821 2199 Seruius.
1859 2174 1916 2199 Cic.
1932 2174 1963 2200 de
1977 2176 2084 2202 frouin.
2095 2177 2203 2204 Consul.

1143 2209 1161 2234 6
1191 2208 1260 2234 Cum
1284 2208 1406 2241 Byzantii
1425 2213 1513 2234 totum
1533 2209 1645 2233 Pontum
1665 2215 1796 2235 armatum
1817 2209 2029 2237 effervescentem
2057 2222 2086 2238 in
2101 2213 2203 2239 Atiam·

1142 2249 1221 2279 atque
1235 2250 1435 2279 erumpentem,
1459 2252 1536 2278 aegre
1550 2243 1684 2278 repulsum
1700 2244 1864 2271 sustinerent.
1911 2247 1997 2281 Aegre
2017 2249 2100 2274 risum
2119 2234 2204 2276 conti:

1141 2289 1205 2307 nere
1234 2280 1316 2307 Plaut.
1331 2280 1401 2306 Afin.
1417 2289 1446 2313 3,
1463 2288 1477 2306 2
1488 2300 1495 2312 ,
1509 2281 1548 2312 36.
1595 2280 1681 2314 Aegre
1695 2288 1815 2315 repertus
1832 2281 1897 2307 Plin.
1913 2289 1944 2316 7,
1959 2291 2005 2315 44.
2054 2285 2140 2318 Aegre
2155 2286 2192 2312 cst

1141 2324 1190 2351 pro
1204 2316 1346 2343 Molestum
1361 2316 1398 2342 est
1433 2315 1516 2342 Plaut.
1533 2315 1617 2341 Casiri.
1632 2324 1663 2346 2,
1675 2325 1706 2348 2,
1721 2322 1743 2346 8.
1785 2332 1830 2336 —
1849 2317 1892 2343 sed
1906 2318 1971 2352 quid
1985 2318 2020 2344 est
2057 2320 2139 2354 Qiod
2152 2306 2201 2348 tuci

37 2358 194 2394 appellatur,
208 2362 340 2392 repetente
352 2356 380 2381 in
394 2354 484 2381 medio
496 2353 567 2380 mari
580 2352 708 2379 exsiliens.
746 2352 865 2378 Cermint
879 2359 940 2376 eum
955 2348 1122 2378 adextera60
1139 2361 1208 2378 nunc
1223 2353 1315 2379 animo
1329 2361 1408 2387 aegre
1421 2351 1475 2378 est?
1510 2350 1584 2377 Idem
1597 2352 1669 2378 Men·
1683 2361 1702 2385 4
1711 2373 1718 2384 ⁵
1732 2361 1747 2379 2
1756 2373 1763 2385 ³
1778 2355 1818 2379 52,⁸
1839 2353 1888 2379 Dic
1902 2362 1960 2380 mm
1972 2363 2055 2388 vxor,
2068 2357 2133 2391 quid
2147 2358 2200 2383 tibi

1116 2399 1118 2405 .
1139 2397 1216 2422 aegre
1234 2389 1287 2415 est?

1181 2425 1186 2428 ῃ
1339 2387 1499 2428 Teia-Adel.
1516 2396 1540 2419 1,
1555 2396 1587 2420 2,
1603 2396 1633 2422 57
1649 2387 1777 2424 fieppreſjb
1796 2388 1868 2425 casii,
1890 2389 1975 2424 Aegre
1990 2391 2035 2417 est.
2093 2392 2140 2419 §eci
2156 2394 2200 2423 Ne

1141 2423 1207 2459 quid
1222 2433 1299 2459 aegre
1313 2424 1373 2450 esset
1386 2423 1456 2449 mihi
1485 2423 1554 2449 Ter.
1571 2425 1635 2449 Hec.
1652 2432 1680 2456 2,
1696 2433 1721 2456 1,
1733 2433 1773 2456 3ο.
1846 2426 1931 2459 Aegre
1944 2426 2030 2459 ferre,
2046 2435 2074 2453 vt
2086 2429 2198 2456 Moleste

1140 2460 1219 2486 ferre.
1270 2460 1327 2487 Cic.
1343 2459 1374 2485 de
1388 2459 1481 2486 Diuin.
1499 2467 1525 2491 1,
1541 2467 1572 2494 73
1592 2459 1707 2486 Disceffit
1720 2469 1798 2495 aegre
1812 2460 1907 2487 ferens.
1951 2462 2020 2488 aad.
2030 2463 2098 2490 Ter.
2116 2465 2198 2491 Andr.

1142 2504 1167 2529 ι,
1184 2504 1212 2528 2,
1232 2502 1258 2530 7.
1294 2496 1408 2530 Aegi-ius
1421 2495 1539 2530 accipere
1554 2495 1621 2521 Tac.
1631 2497 1740 2528 Ann.4,
1756 2504 1799 2530 71,
1812 2505 1833 2528 3.
1871 2498 1937 2523 Rem
1958 2500 2105 2532 aegerrime
2125 2501 2198 2527 ferre

322 2535 394 2572 Conf.
409 2536 483 2561 Varr.
500 2534 532 2561 de
548 2535 578 2560 R.
593 2534 624 2560 R.
639 2541 655 2559 2
666 2552 673 2564 ,
690 2541 715 2564 1,
729 2537 742 2561 8
777 2530 952 2564 Appellarunt
967 2537 981 2554 a
1000 2528 1085 2563 capris
1094 2526 1124 2558 55
1140 2531 1199 2558 Sall.
1215 2532 1270 2566 lug.
1287 2541 1308 2558 c.
1323 2537 1360 2564 85.
1398 2531 1455 2557 Cic.
1471 2532 1550 2557 Verr.
1565 2539 1599 2563 4,
1613 2533 1662 2564 146
1681 2531 1759 2558 Nihil
1774 2533 1878 2566 aegrius
1893 2533 1992 2560 faetum
2007 2534 2043 2561 est
2057 2536 2143 2562 multo
2163 2537 2199 2563 la-

1140 2566 1207 2594 bore
1221 2576 1297 2599 meo,
1315 2576 1394 2602 quam
1407 2573 1436 2593 vt
1450 2576 1542 2593 manus
1556 2566 1588 2593 ab
1602 2567 1652 2593 illo
1667 2568 1827 2602 appellatore
1842 2569 2045 2596 abstinerentur.
2093 2573 2198 2599 Inuete-

1139 2610 1195 2629 rata
1209 2603 1276 2629 vitia
1289 2603 1394 2637 aegrius
1408 2602 1577 2638 depelluntur
1591 2603 1647 2629 Cic.
1656 2603 1795 2638 Tusc.4c.
1805 2612 1846 2639 37.
1885 2606 1906 2631 A
1920 2615 1974 2640 quo
1987 2615 2077 2633 caueas
2094 2609 2197 2635 aeorius

1138 2639 1221 2666 Plaut.
1238 2639 1307 2665 Asin.
1324 2648 1350 2671 i,
1366 2648 1393 2671 1,
1407 2641 1462 2665 106.
1501 2639 1574 2665 Caes.
1591 2638 1655 2665 Bell.
1670 2639 1737 2665 Gall.
1755 2649 1781 2672 1,
1796 2649 1814 2673 4
1827 2650 1848 2666 c.
1864 2649 1886 2673 13
1907 2642 2063 2669 Aegerrisne
2076 2631 2197 2671 consece-

1138 2682 1199 2702 rant
1213 2681 1241 2702 vt
1256 2676 1354 2701 flumen
1368 2675 1515 2701 transirent.
1554 2675 1641 2701 Omne
1655 2675 1757 2701 bellum
1771 2676 1840 2702 sumi
1854 2676 1933 2703 facile
1942 2667 2098 2710 :caeterum
2108 2689 2196 2715 aeger-

1138 2712 1208 2738 rime
1224 2711 1341 2738 definere
1357 2711 1417 2737 Sall.
1432 2711 1488 2746 Iug.
1503 2720 1524 2737 c.
1538 2716 1575 2741 83.
1613 2711 1698 2745 Aegre
1713 2711 1791 2738 alicui
1808 2712 1896 2739 facere
1916 2713 1984 2740 Ter.
1995 2715 2060 2741 Eun.
2075 2725 2092 2749 4
2124 2725 2131 2742 ι
2159 2726 2194 2744 ιο.

1140 2751 1157 2774 i.
1173 2745 1306 2781 molestiam
1320 2748 1450 2773 exhibere:
1488 2756 1558 2772 culus
1571 2748 1674 2772 relatum
1689 2745 1730 2780 est.
1769 2748 1836 2774 Ter.
1849 2748 1963 2784 Adelph.
1979 2758 1998 2783 1,
2012 2759 2034 2783 Ξ,
2043 2754 2073 2783 63
2096 2736 2143 2771 L:
2152 2753 2195 2779 sed

1139 2783 1294 2816 ostendere,
1330 2784 1376 2810 Me
1391 2791 1467 2817 aegre
1481 2783 1552 2818 pati,
1566 2782 1608 2808 illi
1624 2782 1709 2809 nolui.
1754 2784 1823 2810 Ter.
1840 2785 1905 2811 Hec.
1921 2793 1942 2818 5,
1958 2794 1978 2818 ι,
1993 2795 2024 2819 39
2047 2787 2095 2814 Sed
2110 2789 2194 2823 repri-

1138 2828 1210 2846 mam
1222 2828 1265 2846 me
1280 2830 1286 2846 z
1323 2828 1356 2845 ne
1369 2828 1446 2853 aegre
1461 2819 1603 2853 quicquam
1618 2827 1649 2845 ex
1663 2828 1705 2845 me
1717 2819 1815 2846 audias.
1879 2821 1925 2847 Vbs
1940 2822 2075 2855 Donatus,
2097 2825 2194 2851 Vtrum

1138 2856 1224 2890 Aegre
1237 2864 1286 2890 pro
1300 2855 1386 2888 Male,
1398 2864 1431 2881 an
1444 2855 1529 2895 Aegre
1543 2863 1591 2889 pro
1605 2855 1693 2881 Inuita
1707 2856 1716 2881 ἓ
1754 2853 1775 2894 ff
1796 2865 1812 2882 2
1834 2857 1920 2891 Aegre
1932 2867 1984 2884 cum
1998 2861 2120 2889 molestia,
2136 2871 2194 2886 ora-

1137 2899 1195 2932 vate
1205 2912 1213 2924 ,
1228 2894 1282 2918 vix.
1321 2891 1407 2926 Aegre
1421 2891 1511 2926 aliqua
1523 2900 1552 2917 re
1567 2899 1656 2917 carere
1673 2891 1728 2918 Cic.
1744 2892 1797 2918 Att.
1812 2901 1841 2924 3,
1856 2902 1878 2918 2.
1916 2893 1989 2919 Idem
2003 2884 2192 2929 pro‘Lege'fvta-

1136 2927 1185 2954 nil.
1202 2936 1236 2959 13.
1273 2928 1359 2962 Aegre
1374 2928 1398 2954 se
1412 2934 1511 2953 tenere.
1568 2927 1624 2954 Cic.
1640 2928 1693 2954 Att.
1708 2929 1750 2959 16,
1766 2937 1786 2954 ιι
1807 2929 1845 2954 De
1857 2928 1928 2954 Sicca
1943 2929 1979 2954 ita
1993 2930 2029 2955 est
2041 2937 2070 2956 vt
2083 2931 2191 2958 scribis:

1137 2963 1173 2990 ast
1186 2972 1264 2998 aegre
1277 2972 1320 2989 me
1336 2963 1420 2989 tenui.
1466 2963 1524 2989 Cic.
1538 2962 1569 2989 de
1581 2963 1681 2990 Sene&
1697 2971 1731 2997 72
1759 2965 1815 2990 Iam
1835 2964 1922 2989 omnis
1941 2965 2138 2999 conglutinatio
2150 2976 2191 2994 re-

1137 3008 1197 3026 eens
1205 3020 1213 3032 ,
1225 3008 1303 3034 aegre
1311 3019 1320 3032 ,
1333 2999 1481 3026 inueterata
1490 3019 1496 3029 ,
1511 2999 1590 3025 facile
1602 2999 1750 3025 diuellitur.

1175 3042 1221 3062 ΑΕ
1231 3042 1280 3062 GR
1290 3042 1351 3068 ΕΟ,
1372 3039 1426 3061 e're.
1462 3036 1573 3072 Aegrum
1588 3034 1638 3068 tfle.
1676 3036 1780 3061 Lucret.
1796 3043 1818 3067 3,
1833 3040 1880 3069 837
1899 3035 2004 3061 Morbis
2020 3044 2079 3062 cum
2095 3046 2190 3073 corpo-

1137 3071 1174 3098 ris
1188 3077 1286 3106 aegret.
1322 3072 1364 3098 sic
1382 3074 1446 3097 enim
1467 3071 1608 3107 legendum,
1633 3081 1681 3097 non
1699 3070 1799 3105 aegrit,
1818 3080 1847 3096 ex
1865 3070 1977 3097 dcrmam
1989 3074 2126 3106 aegresco,
2141 3084 2191 3101 non

1137 3108 1269 3142 aegrisco,
1285 3114 1372 3134 contra
1390 3108 1530 3134 annebnm
1543 3107 1647 3142 Adaei-J}
1662 3115 1703 3138 3ο,
1719 3115 1747 3133 ιο
1771 3106 1877 3139 rfiendit
1894 3106 1988 3140 Vqffius
2001 3109 2080 3140 Etym.
2089 3116 2118 3144 p.
2129 3118 2166 3137 io.

1175 3145 1461 3175 AEGRIMtffNlA,
1484 3151 1523 3169 ae.
1559 3140 1709 3177 [δυθυμίοι]
1760 3144 1800 3169 Sic
1820 3142 1850 3167 ab
1872 3143 1958 3176 Aeger
1970 3137 2090 3178 fabium,
2110 3152 2140 3171 vt
2157 3146 2189 3173 ab

1139 3180 1222 3212 Acer,
1243 3180 1420 3209 Acrimonia3
1446 3178 1509 3205 idem
1526 3177 1659 3215 fignificat
1683 3177 1748 3214 qnod
1764 3177 1921 3212 Aegritudo.
1958 3179 2014 3206 Cic.
2027 3181 2081 3207 Att.
2097 3190 2122 3207 12
2129 3202 2138 3214 ,
2158 3188 2188 3215 33

1139 3216 1246 3242 Ferrem
1260 3216 1389 3250 grauiter,
1405 3215 1422 3241 si
1436 3223 1522 3242 nouae
1536 3215 1717 3249 aegrimoniae
1730 3214 1802 3240 locus
1818 3214 1886 3239 esset.
1922 3214 2096 3249 Aegrimonia
2111 3225 2187 3244 vetus

1137 3251 1204 3278 Plin.
1219 3257 1261 3284 28,
1276 3257 1298 3282 8.
1335 3251 1487 3281 Deformis,
1503 3254 1560 3287 quia
1577 3249 1686 3283 tri-'stitia
1700 3249 1822 3285 defhrmes
1834 3249 1908 3285 facit
1927 3251 1994 3277 Hor.
2011 3252 2094 3287 Epod.
2107 3259 2185 3286 13,18.

1137 3287 1204 3314 Idem
1219 3287 1301 3322 Epod.
1322 3295 1361 3322 17,
1382 3295 1413 3322 73
1434 3287 1584 3314 Ἑειίὶὶάιοΐει
1603 3286 1685 3312 tristis
1704 3285 1877 3320 aegrimonia.
1914 3287 1969 3313 Duo
1981 3287 2044 3323 fient
2065 3290 2185 3321 ablatiur',

1136 3323 1301 3358 aegrimonia
1310 3323 1453 3350 fastidiosa.
1472 3323 1542 3349 Dum
1555 3322 1675 3349 abscedat
1688 3329 1702 3347 a
1715 3329 1757 3346 me
1772 3319 1836 3347 haec
1849 3321 2014 3356 aegrimonia
2023 3324 2106 3351 Plaut.
2116 3325 2184 3352 Rud.

1135 3369 1165 3393 4,
1183 3369 1210 3392 4,
1225 3362 1281 3393 146.
1319 3358 1392 3386 Idem
1406 3358 1486 3386 Stich.
1500 3368 1528 3392 3,
1544 3367 1570 3391 1,
1589 3366 1601 3391 5
1622 3357 1696 3384 Olim
1716 3365 1783 3391 quos
1802 3356 1893 3383 abiens
1911 3358 1987 3386 affeci
2007 3360 2184 3395 aegrimonia,

1137 3396 1187 3422 Eos
1201 3405 1270 3422 nunc
1282 3395 1408 3422 laetantes
1421 3395 1517 3421 faciam
1532 3394 1644 3421 aduentu
1658 3401 1728 3418 meo.

1173 3439 1195 3458 A
1206 3439 1222 3458 Ε
1231 3438 1251 3458 G
1261 3431 1387 3458 R1Tx7D
1397 3437 1432 3463 0,
1453 3431 1513 3457 i'nis.
1542 3431 1561 3456 f.
1597 3427 1761 3490 [κατήφειαίξ
1802 3426 1845 3462 Est
1865 3430 1958 3456 Animi
1978 3431 2051 3465 aegri
2068 3430 2180 3464 affic‘lio.

1136 3467 1192 3494 Cic.
1206 3468 1288 3494 Tusc.
1303 3476 1331 3500 4,
1345 3475 1375 3500 14
1396 3467 1468 3493 Haec
1485 3467 1570 3501 prima
1589 3463 1711 3490 definitio
1725 3473 1739 3490 e
1767 3484 1776 3496 ,
1795 3471 1824 3491 vt
1836 3465 1975 3500 aegritudo
1994 3466 2024 3493 fit
2038 3467 2121 3493 animi
2138 3467 2182 3494 ad·
2210 3483 2214 3491 ι

1135 3504 1254 3533 versante
1268 3503 1372 3529 ratione
1385 3502 1540 3529 contraetio.
1568 3502 1598 3526 Et
1607 3499 1690 3534 paullo
1699 3498 1763 3535 post,
1772 3500 1813 3526 Est
1826 3501 1911 3536 igitur
1923 3502 2072 3536 aegritudo,
2086 3503 2183 3537 opinio

1135 3547 1224 3565 recens
1238 3539 1303 3566 mali
1317 3539 1468 3574 praesentis,
1483 3538 1510 3564 in
1524 3544 1578 3571 quo
1592 3535 1713 3568 demitti,
1727 3537 1903 3572 contrahique
1915 3538 2005 3564 animo
2016 3537 2119 3564 refluni
2133 3540 2183 3565 esse

1135 3574 1266 3602 videatur.
1303 3575 1372 3602 Ibid.
1384 3583 1406 3607 3,
1423 3583 1449 3606 23
1471 3576 1495 3600 c.⁴
1508 3582 1536 3599 10
1557 3571 1605 3597 Sed
1619 3572 1727 3606 proprie
1745 3578 1774 3599 vt
1786 3574 1934 3607 aegrotatio
1954 3573 1982 3598 in
1996 3582 2123 3608 corpore,
2146 3574 2181 3601 sie

50 3604 92 3629 26·
137 3603 235 3632 Auidus
247 3613 340 3639 aeger,
355 3605 381 3632 h.
395 3614 414 3631 e.
430 3606 600 3640 Intemperans
630 3605 756 3640 Porphyr.
772 3608 840 3633 Hor.
856 3606 906 3633 sat.
919 3615 944 3640 1,
966 3617 1000 3641 4,
1024 3610 1078 3634 126.
1088 3619 1120 3646 95
1135 3611 1275 3646 aegritudo
1290 3611 1318 3637 in
1331 3611 1422 3637 animo
1434 3617 1531 3635 nomen
1546 3606 1640 3640 habet,
1656 3616 1710 3634 non
1724 3608 1872 3635 seiunti'tum
1887 3618 1901 3635 a
1913 3608 2016 3635 dolore.
2053 3611 2085 3636 Et
2093 3611 2179 3645 paullo

19 3642 22 3647 ¹
52 3636 159 3665 Consilii
186 3639 246 3667 Stat.
260 3638 350 3668 Theb.
368 3649 406 3673 11,
427 3647 478 3674 141.
510 3641 534 3666 h.
551 3649 570 3666 e.
589 3638 688 3672 Tristia
708 3645 831 3678 cogitans.

53 3673 141 3715 Dolens
152 3674 180 3701 ab
192 3673 304 3702 desistam
323 3676 374 3713 ase
387 3674 533 3710 commrffiam
560 3675 605 3702 Sil.
619 3675 676 3702 Ital.
691 3685 731 3709 13,
749 3685 787 3710 52.
840 3677 876 3704 Ex
889 3678 996 3706 vulnere
1017 3679 1078 3706 Liu.

54 3707 103 3746 26,
119 3727 126 3735 .
145 3728 152 3735 .
174 3709 260 3746 ‚Cure
267 3717 338 3751 J,‘7‚
356 3719 378 3746 5.
414 3712 512 3739 Fluore
521 3711 587 3739 Cels.
603 3720 631 3744 3,
642 3713 658 3738 6
678 3711 725 3738 sub
739 3712 784 3739 fin.
799 3713 840 3738 cui
856 3722 947 3749 corpus
960 3715 1078 3750 profluit.

54 3742 121 3775 Hie,
137 3752 196 3770 eum
215 3752 287 3772 venit
305 3746 332 3774 in
350 3746 489 3781 balneum,
509 3748 582 3783 prius
601 3747 754 3782 vngendus,
773 3748 868 3775 deinde
887 3749 915 3776 in
927 3751 1022 3778 solium
1035 3751 1079 3778 de-

886 3642 998 3677 Desisti,
1019 3644 1043 3670 h.
1058 3653 1078 3670 e.

53 3820 132 3875 3¹7,
152 3822 161 3840 i
179 3814 215 3854 ξι
225 3814 299 3845 Pulsi·
310 3825 435 3860 venarum
449 3820 579 3860 comperit
594 3820 668 3846 cuius
682 3819 772 3846 morbi
785 3828 861 3854 aegei·
872 3822 939 3849 esset.
978 3822 1079 3850 Sallust.

26 3878 27 3904 1
51 3857 88 3911 d}
106 3848 207 3917 SilCagl
220 3857 266 3918 ξ,
283 3859 296 3884 3
316 3853 444 3916 Aatonius
456 3854 568 3882 Pedibus
582 3864 667 3890 aeger.
706 3854 784 3897 Pedes
800 3855 869 3883 Gell.
883 3865 927 3890 19,
937 3867 974 3885 io.
1007 3858 1080 3901 I’eri-

26 3911 27 3914 ’
51 3921 122 3960 ιω,
137 3904 206 3956 ,aa
218 3901 273 3947 ,εἷ’
282 3898 439 3958 ωιαῃῗΣΨ
469 3897 603 3953 ἠ’ἒῗῖιῗὲἳῗξ
629 3891 1081 3963 {ise‘1d¹;'5·7³;.¹⁷.’v{i..{;.i².?.·

53 3955 144 3983 Tacit.
156 3963 298 4018 vingss-
313 3962 334 3984 ·.
365 3959 525 3989 Vulneribus
562 3962 631 3997 Nep.
666 3972 692 3995 i,
716 3971 750 3999 7,
776 3970 798 3996 5·

53 3776 181 3805 ducendus
193 3779 238 3806 est·
273 3781 456 3818 Morbo-graui
473 3783 522 3810 Cic
544 3784 572 3810 in
580 3784 649 3810 Catil
676 3792 684 3810 ι
721 3792 745 3816 31
761 3793 774 3809 c
800 3792 820 3810 n
865 3785 938 3812 δρᾶν
1132 3754 1413 3795 ῐηὶᾞετῐιιώειῑίοηεηι
1425 3750 1563 3791 appellant.
1662 3788 1666 3792 ⁵

99 3805 104 3811 φ
142 3806 145 3811 ”
524 3804 530 3809 ”
654 3804 661 3809 “
695 3804 702 3816 ’
777 3804 782 3810 ·
824 3804 829 3809 “
939 3787 1286 3825 alel'·1⁸⁹1³¹³<=iooquicunque
1301 3789 1336 3816 est
1349 3794 1435 3814 motus
1452 3796 1480 3813 in
1495 3795 1584 3814 animo
1596 3787 1726 3814 ωὼιάῃς,

1134 3653 1192 3673 ante
1205 3655 1238 3673 22
1266 3648 1358 3682 Itaque
1372 3645 1504 3681 praeclare
1518 3643 1617 3676 nostri,
1637 3649 1666 3670 vt
1685 3644 1739 3671 alia
1758 3645 1858 3677 multa,
1878 3643 2041 3677 molestiam,
2061 3646 2180 3673 solicitu-

1135 3683 1241 3715 dinem,
1261 3691 1403 3717 angorem,
1423 3686 1531 3715 propter
1544 3678 1743 3706 similitudinem
1758 3689 1901 3715 corporum
1916 3688 2074 3714 aegrorum,
2095 3683 2180 3716 aegri-

1133 3718 1253 3745 tudinem
1267 3718 1481 3745 nominauerunt.
1519 3715 1577 3741 Hoc
1589 3716 1782 3750 propemodum
1797 3715 1880 3742 verbo
1894 3716 1987 3741 Graeci
2002 3725 2108 3743 omnem
2123 3718 2179 3744 ani-

1634 3753 1736 3779 Vocant
1749 3755 1812 3778 enim
1826 3751 1926 3782 πάθος,
1939 3750 1968 3777 id
1986 3752 2022 3778 est
2035 3753 2180 3785 Morbum,

1550 3816 1557 3827 ³
1783 3788 1840 3813 Nos
1854 3786 1957 3812 melius.
1993 3788 2086 3823 Aegi-is
2107 3789 2178 3815 enim

1135 3826 1292 3861 corporibus
1308 3823 1440 3851 simillima
1455 3822 1491 3848 est
1506 3823 1598 3849 Animi
1616 3823 1764 3858 aegritudo.
1836 3822 1930 3856 Species
1949 3824 2123 3858 aegritudinis
2141 3827 2179 3850 ita

1135 3868 1260 3888 enumerat
1292 3861 1350 3888 Cic.
1361 3859 1443 3886 Tusc.
1457 3866 1540 3893 4517
1553 3868 1574 3885 c.
1591 3864 1604 3889 8
1624 3859 1791 3889 Inuidentia,
1812 3857 1979 3891 Aemulatio,
1999 3859 2176 3891 Obtrectatio,

1136 3896 1336 3928 Misericordia,
1354 3895 1461 3929 Angor,
1481 3897 1523 3930 qui
1536 3895 1572 3921 est
1586 3895 1723 3929 aegritudo
1736 3895 1874 3926 Premens,
1898 3894 2013 3927 Luctus,
2033 3896 2144 3921 Moeror
2157 3899 2175 3921 i.

1136 3933 1275 3968 aegritudo
1282 3931 1400 3962 Flebilis,
1420 3930 1551 3957 Aerumna
1563 3939 1633 3965 aegr.
1651 3944 1696 3950 —
1714 3929 1867 3962 Laboriosa,
1875 3930 1960 3956 Dolor
1977 3944 2021 3950 -
2042 3931 2178 3963 Crucians,

875 3963 956 3992 Ouid.
986 3966 1079 3994 Amor.
1089 3967 1303 4005 io5Lamentatio
1321 3981 1367 3988 —
1386 3974 1446 3994 cum
1458 3966 1574 3999 eiulatu,
1593 3964 1738 3994 Solicitudo
1758 3978 1804 3985 —
1821 3974 1884 3993 cum
1897 3966 2074 4001 cogitatione,
2094 3966 2177 3992 Mole-

1459 4002 1491 4030 T
2134 4001 2181 4027 stia
