2474 4182
36 160 105 210 365
416 146 649 193 ANT
1532 153 1766 194 ANT
2107 163 2181 211 366

33 245 107 280 regis.
142 244 196 271 Cic.
211 243 262 268 Att.
281 249 315 274 13,
330 246 355 271 18
381 241 447 267 Ante
467 240 511 266 has
524 238 620 265 literas.
674 235 779 263 Seruius
797 236 830 277 ad
843 236 898 264 Cic.
917 238 988 265 Fam.
1002 247 1030 272 4,
1043 246 1072 266 12.
1129 237 1201 265 vitae
1214 236 1356 264 anteattae.
1404 239 1528 266 Anteaeh
1542 248 1611 269 aetas
1635 244 1739 271 Lucret.
1756 251 1782 276 1,
1798 252 1854 279 234.
1890 250 1914 270 et
1926 245 2047 273 Vetustas
2075 246 2181 276 Lucret.

33 281 116 308 Paullo
128 285 184 305 ante
196 279 301 304 Lucem.
337 276 403 303 Add.
418 277 473 303 Cic.
486 276 556 302 Fam.
571 274 608 303 16,
624 279 637 304 5
646 278 703 312 pr3
735 274 776 299 Sic
789 274 844 299 Cic.
859 275 915 300 Cat.
931 284 958 307 4,
973 284 1014 307 c.3
1050 276 1074 300 Is
1130 282 1142 305 3
1152 293 1159 305 5
1180 278 1234 305 983-
1261 274 1390 313 utrobique
1406 275 1424 299 E
1439 276 1543 301 medium
1556 278 1666 305 eliditur.
1740 280 1790 306 Res
1816 280 1950 307 anteactae
1975 281 2045 316 Nep.
2060 287 2090 314 8,
2108 292 2135 315 3,
2157 293 2182 311 2.

32 317 114 343 honos
127 314 236 340 anteMe
249 313 286 338 est
302 312 406 338 habitus
420 310 528 338 nemini.
584 307 652 334 Add.
665 308 731 347 Plin.
748 309 829 334 Pracf.
887 312 944 336 Hoc
958 317 1018 336 ante
1032 318 1073 335 me
1129 308 1198 335 Alci.
1213 309 1303 334 lustin.
1320 317 1346 342 5,
1370 318 1414 341 10,
1432 319 1473 349 ¹¹⁸.
1516 312 1552 337 Ex
1565 315 1682 340 anteafia
1696 315 1752 341 vita
1767 316 1852 342 facere
1867 316 1997 342 iudicium
2024 317 2073 343 Cic
2097 318 2128 344 de
2141 320 2183 345 In-

0 362 1 372 1
32 351 94 378 focit
110 350 136 376 in
149 349 232 375 literis
253 348 347 374 nostris
371 347 490 374 Valerius
504 345 624 371 Soranus.
667 343 732 369 Plin.
746 353 782 376 23,
800 354 807 370 1
835 346 882 371 Per
902 346 999 380 viginti
1017 345 1073 371 dies
1129 350 1200 369 vent.
1213 353 1243 376 2,
1263 347 1303 380 36.
1353 345 1486 371 AnteacMs
1500 347 1568 373 male
1583 350 1687 375 credere
1706 351 1788 377 Ouid.
1803 353 1867 378 Met.
1882 360 1925 385 12,
1946 360 1992 385 115.
2047 355 2128 379 Etiam
2141 355 2182 381 hic

0 407 1 412 ,
33 379 90 414 an'te
109 385 177 411 canis
197 391 302 416 ortum,
331 383 494 416 totidemque
515 379 609 414 postea.
652 379 707 405 Cic.
730 381 805 406 Verr.
820 389 829 407 1
851 390 871 407 c.
887 390 918 415 43
939 381 1072 411 Minucius
1092 382 1106 408 5
1129 379 1267 406 Ecliditur.
1280 382 1486 415 Nempeceiamin
1496 385 1670 418 nominc‚q1‹0d
1675 383 1765 416 statim
1767 387 2145 422 [ψιῖιιυ-,ΑΝΤΕΑΜΒῊο.

0 425 3 454 1
52 420 139 447 uidam
152 426 272 446 mortuus
286 419 388 445 estante
401 418 477 444 istum
486 416 643 442 Praetorem.
681 415 770 441 lustin.
780 425 805 447 2,
814 425 869 449 ¹0‚1
892 417 985 443 Darius
999 415 1071 441 dece·
1164 422 1185 441 A
1195 422 1217 441 N
1227 421 1248 441 T
1257 422 1274 441 Ε
1282 423 1303 441 Α
1313 422 1328 441 Ε
1337 423 1355 442 1)
1365 423 1373 441 1
1383 423 1398 442 F
1408 423 1415 442 1
1426 424 1442 442 (3
1455 424 1462 442 1
1473 424 1494 443 A
1504 423 1560 445 Lis
1569 437 1576 449 ,
1597 427 1620 444 e.
1659 420 1711 446 Ara
1725 421 1796 447 Iouis
1803 423 2018 450 anteaedificialis
2027 423 2098 450 Diei.
2108 425 2181 451 Cret.

2 467 4 482 1
33 432 71 484 {iit
83 455 183 482 relictis
201 455 262 481 tiliis
282 461 307 481 et
322 455 348 481 in
368 461 447 487 regno
460 457 485 477 et
499 456 558 476 ante
571 451 691 484 Regnum
706 452 834 486 susceptis.
885 452 974 478 Celsus
987 451 1070 485 praef.
1127 457 1157 484 5,
1179 459 1216 477 12.
1251 451 1305 477 vid.
1326 459 1377 477 not.
1393 453 1520 478 Obrechti.

2 493 5 512 ’-
34 491 119 519 Paucis
135 499 193 517 ante
207 492 264 517 Nos
278 489 392 516 saeculis.
429 487 484 513 Cic.
499 486 544 516 Ac.
561 494 569 511 1
584 495 604 511 e.
618 495 636 518 4
657 486 755 512 Omnes
768 494 827 514 ante
841 488 972 514 Socratem
981 486 1068 512 Philo·
1164 493 1216 513 AN
1226 493 1247 512 Τ
1257 493 1273 513 E
1283 495 1302 513 Α
1318 494 1341 513 Μ
1354 494 1370 513 Β
1381 487 1401 513 V*
1410 495 1426 513 1,
1436 495 1472 519 O,
1490 487 1558 513 onis.
1581 497 1616 514 m.
1638 488 1815 524 [προπομπὸς]
1851 493 1880 517 ab
1894 493 1962 519 Ante
1983 500 2008 520 et
2028 494 2182 527 Ambulare,

32 527 115 562 sophi.
153 529 193 553 si.-
205 536 257 552 curn
266 526 423 561 participiis,
444 529 473 547 vt
487 521 543 547 Cic.
560 521 590 546 de
606 521 698 548 Diuin.
717 532 725 548 1
749 532 769 548 c.
786 533 816 556 39
838 524 933 557 Neque
947 528 1005 548 ante
1013 521 1070 556 phi·
1127 524 1170 557 qui
1183 523 1286 556 aliquem
1300 523 1402 549 honoris
1414 524 1486 559 coujt'z
1495 523 1645 558 praecedam
1659 528 1801 551 comitatur.
1849 528 1966 555 Martial.
1984 539 2026 562 10,
2048 538 2084 565 74
2104 532 2183 557 Anto-

32 563 178 597 losophiam
199 560 352 596 patefastam
366 559 411 584 hac
426 557 457 583 de
475 566 504 583 re
522 558 669 583 communis
684 558 739 584 vita
754 559 899 585 dubitabat.
937 559 967 584 Et
987 557 1113 583 Tusc.10
1127 557 1282 583 ambulones
1305 564 1331 584 et
1354 559 1485 592 togatulos
1508 560 1577 585 inter
1612 560 1726 585 Centum
1750 560 1873 588 merebor
1898 564 2035 597 phnnbeos
2057 566 2100 592 die
2114 573 2182 593 toto,

5 608 7 629 ξ
32 607 92 633 5⁶-3
115 599 180 625 Ante
195 598 258 624 hanc
271 595 376 622 verbem
389 592 530 618 conditam.
568 594 598 619 Et
612 593 642 620 de
657 594 893 628 l)iuin.1,101c.45
912 594 976 620 Non
985 593 1070 619 multo
1127 593 1244 619 Martial.
1258 602 1290 625 2,
1310 599 1334 623 18
1366 595 1427 620 Sum
1453 604 1540 620 comes
1566 595 1620 628 ipse
1643 602 1718 627 tuus,
1737 596 1888 630 tumidique
1910 601 2080 628 anteambulo
2103 603 2180 637 regis.

32 641 91 661 ante
106 633 197 660 vrbem
212 639 317 666 captam.
354 630 421 662 Nep.
437 636 519 660 15,10,
534 639 552 662 4
573 630 640 655 Ante
653 630 860 664 Epaminondam
873 635 962 654 natum
981 629 1070 663 etpost
1127 629 1198 654 Suet.
1217 629 1245 654 in
1264 630 1338 663 Vesp.
1357 638 1411 664 cap.
1431 638 1447 656 2
1483 630 1553 656 Dum
1567 639 1629 656 eum
1644 631 1791 658 identidem
1804 640 1851 665 per
1865 636 2053 663 contumeliam
2068 644 2184 665 anteam-

31 671 88 696 eius
101 669 244 696 interitum.
288 666 346 692 Huc
359 663 528 691 Mithridates
541 671 600 690 ante
607 665 709 700 aliquot
721 666 775 692 dies
789 666 862 692 venit
880 665 947 698 Nep.
958 673 997 697 14,
1007 673 1070 694 11,1..
1128 664 1255 691 bulonem
1270 664 1360 691 fratris
1378 666 1500 700 appellat.

1 708 9 737 *3
32 707 68 738 11)
89 703 108 743 ᾗ
130 714 146 737 9
167 702 342 737 Praistwtiam,
361 698 529 735 conspersum,
550 702 644 734 locum,
665 702 779 733 denotat,
815 711 838 726 υ.
858 709 883 736 g.
923 700 996 734 virg.
1017 700 1069 726 Ecl.
1164 706 1406 734 ANTEssASis,
1442 701 1495 727 vid.
1535 708 1588 727 AN
1600 707 1621 727 Τ
1635 708 1772 729 11111813.

1 753 6 769 1,
33 749 63 775 ς,
84 748 117 775 70
138 741 204 765 Ante
217 738 321 768 focum,
342 735 359 761 si
374 736 458 770 frigus
480 736 539 762 erit.
595 738 650 763 Cic.
669 739 744 764 Verr.
758 746 792 770 4,
808 744 820 768 5
834 745 854 761 c.
870 744 882 768 3
912 737 979 762 Ante
992 736 1069 762 hosce
1086 736 1111 762 15
1164 743 1186 763 Λ
1199 743 1220 762 Ν
1231 742 1353 762 ΤΕΒΙ-ῑῐ,
1365 744 1379 762 1.
1390 745 1426 769 O,
1448 741 1500 763 ire.
1539 737 1618 763 Gloss'.
1634 738 1680 764 Gr.
1696 738 1752 764 Lat.
1766 740 1926 774 προπολεμῑΕ,
1946 741 2087 769 antebello.

2 785 5 795 s
32 776 93 802 deos
105 780 177 801 erant
189 772 284 798 arulae.
328 771 401 805 Virg.
414 773 480 797 Aen.
496 781 505 798 1
515 792 522 804 ,
537 774 571 803 96
591 774 674 806 Qieis
687 779 745 799 ante
758 780 805 798 ora
819 777 941 805 patrum,
963 772 1069 798 Troiae
1162 779 1184 798 Α
1194 778 1214 796 Ν
1226 778 1247 797 T
1258 779 1273 798 Ε
1283 779 1299 798 C
1309 770 1330 798 s<
1340 780 1361 798 N
1371 780 1378 798 1
1388 780 1410 799 s.
1430 771 1575 807 [προκύων]
1619 774 1711 799 Volunt
1725 772 1768 806 effe
1784 774 1988 807 Nomen—sideru.
2025 778 2072 803 Sed
2087 779 2182 806 Ciede

3 810 6 839 j
31 810 77 837 sub
91 808 226 836 moenibus
241 807 299 833 altis
341 807 462 842 Contigit
476 814 610 842 oppetere.
658 809 712 835 Cic.
726 809 796 834 Fam.
813 816 844 839 2,
866 816 897 841 14
918 807 988 833 Nam
999 808 1069 834 mihi
1126 807 1188 834 Nat.
1205 808 1285 833 Deor.
1299 816 1330 840 2,
1351 817 1393 843 ¹¹4
1406 817 1427 834 c.
1443 817 1481 841 44
1499 807 1539 842 fic
1546 812 1643 843 optimi,
1658 809 1710 834 Hie
1724 810 1846 835 Geminis
1858 810 1894 835 est
1908 811 1954 836 ille
1966 811 2012 837 sub
2027 813 2086 846 iptis
2116 816 2183 841 Ante

31 851 87 873 ante
100 844 187 870 oculos
202 843 256 869 dies
270 843 412 878 noetesque
428 844 548 869 versaris.
585 845 659 879 Virg.
674 846 736 870 Aen.
751 851 783 875 2,
807 850 856 877 773
879 842 978 869 Vmbra
986 844 1069 870 Creu·
1126 852 1216 869 canem
1226 863 1233 875 ,
1256 845 1374 876 Procyon
1388 845 1472 870 Graio
1487 845 1534 878 qui
1548 844 1658 871 nomine
1671 845 1765 870 fertur.
1805 846 1872 871 Ante
1893 855 1984 873 canem
2009 857 2066 884 ergo
2081 849 2184 880 dicium,

4 877 14 926 11
34 882 71 910 sae
82 880 143 906 Visa
156 878 223 905 mihi
236 885 295 905 ante
311 879 408 906 oculos.
446 880 510 906 Non
525 879 639 906 libenter
651 885 705 907 erat
717 884 776 904 ante
789 878 880 904 oeulos
894 879 996 905 ciuium
1012 881 1069 905 suo·
1125 886 1155 905 vt
1169 880 1218 905 Pro
1228 880 1341 905 Consule
1357 880 1490 913 etstmilia.
1527 879 1682 906 Scholiastes
1695 887 1775 906 tamen
1787 880 2063 910 adGermaniciCaes.
2078 885 2184 917 Aratea,

6 921 7 926 ¹
35 925 88 950 mm
104 915 170 949 Nep.
186 923 226 946 12,
242 923 269 947 3,
283 923 304 940 2.
340 915 452 950 Metaph.
474 915 518 942 Ad
530 919 637 942 animum
650 916 777 950 refertur,
798 914 853 940 Cic.
870 914 900 940 de
914 915 1070 947 Orat.1,192
1081 919 1114 937 20
1127 915 1213 949 Lepus
1246 915 1291 941 sub
1321 915 1432 950 pedibus
1463 915 1599 942 Anticanis
1632 917 1701 952 (leg.
1733 917 1891 949 Antecanis)
1925 923 1951 943 et
1978 919 2089 946 Orionis
2123 929 2184 946 con-

8 929 15 992 1
35 951 123 984 ania
137 951 208 976 enim
221 952 279 976 sunt
294 950 375 984 polita
389 958 448 977 ante
461 952 560 977 oculos.
602 952 776 978 vehementiam
790 958 819 975 ex
830 951 969 985 pleonajmo
982 951 1071 976 habt-nt
1127 950 1233 976 stitutus
1254 951 1298 976 est.

0 1004 3 1005 ν
36 985 80 1023 fia
91 997 99 1012 .-
135 986 208 1020 Virg.
223 986 286 1012 Aen.
304 995 316 1011 2
325 1007 332 1017 ‚
354 995 402 1019 531.
424 988 457 1013 Vt
472 987 575 1013 tandem
588 993 646 1013 ante
658 985 748 1012 oculos
762 984 858 1017 euasit,
879 992 904 1011 et
918 994 964 1011 ora
981 995 1071 1020 paren·
1164 992 1215 1012 AN
1225 992 1246 1011 T
1256 993 1272 1012 E
1281 993 1298 1013 C
1308 993 1329 1013 Α
1338 994 1360 1012 Ν
1373 993 1395 1013 T
1407 995 1428 1014 Α
1438 995 1461 1014 Μ
1473 995 1488 1014 Ε
1499 994 1520 1013 Ν
1530 993 1582 1014 TV
1592 994 1617 1013 M
1629 1007 1637 1020 ,
1658 987 1676 1013 i.
1696 996 1722 1013 n.
1760 987 1834 1022 Qcod
1845 994 1903 1013 ante
1916 991 2030 1020 canitur,
2044 989 2097 1023 siue
2112 998 2185 1025 prae-

8 1034 9 1038 ’
36 1027 86 1056 mm
120 1021 252 1048 Concidit.
306 1022 372 1048 Ter.
387 1024 451 1049 Eun.
467 1032 500 1056 4,
516 1030 549 1057 7,
566 1031 598 1056 24
619 1023 693 1054 Qiae
713 1020 781 1046 mihi
795 1027 854 1047 ante
868 1021 958 1047 oculos
972 1028 1070 1048 amato·
1127 1024 1232 1047 eluitur.
1270 1022 1347 1056 Apul.
1363 1024 1426 1050 Met.
1444 1033 1465 1050 11
1482 1033 1506 1057 p.
1520 1025 1561 1049 261
1584 1023 1694 1049 Interim
1709 1023 1843 1049 maiorum
1864 1030 2090 1051 antecantamenta
2109 1034 2185 1052 voto-

13 1062 17 1094 ]
33 1067 84 1088 rem
96 1066 184 1084 coram
196 1057 328 1084 adduxisti
342 1064 416 1084 tuum
432 1060 440 1085 3
507 1058 562 1085 Cic.
579 1059 652 1084 Verr.
668 1064 697 1094 5,
720 1058 756 1090 64
780 1058 867 1091 Qiam
881 1056 995 1084 libenter
1009 1066 1070 1083 eum
1128 1066 1198 1083 rum.
1236 1058 1371 1084 Beroaldus
1386 1070 1393 1084 :
1436 1061 1484 1090 Vt,
1505 1058 1666 1094 Anteloquia
1688 1059 1807 1086 dicuntur
1819 1060 1999 1095 praqfamina,
2011 1061 2052 1094 Jic
2070 1068 2092 1086 ft
2107 1062 2186 1088 Ante-

15 1095 17 1107 ¹
33 1093 111 1131 palam
125 1099 183 1120 ante
194 1093 285 1119 oculos
299 1095 420 1120 omnium
434 1094 481 1120 esse
495 1094 617 1128 patiatur.
655 1093 723 1119 Ter.
732 1092 842 1127 Adelph.
853 1101 880 1125 3,
895 1101 923 1125 3,
938 1101 963 1125 33
985 1093 1071 1119 1111111ε
1082 1094 1113 1120 25
1128 1099 1292 1120 cantamenta
1299 1094 1362 1130 sunt
1375 1094 1428 1127 illa,
1437 1104 1496 1130 quae
1508 1098 1687 1129 praccinuutur
1701 1102 1758 1121 onte
1770 1102 1828 1121 uota
1841 1102 1864 1120 et
1873 1103 1961 1130 preces
1974 1097 2110 1133 legitimas.
2126 1100 2133 1123 l
2145 1097 2184 1123 id.

11 1137 13 1158 J
33 1128 66 1157 est
77 1130 178 1164 sapere,
196 1138 249 1155 non
264 1129 337 1163 quod
351 1136 410 1156 ante
423 1130 498 1163 pedes
512 1128 592 1155 modo
605 1128 658 1160 est,
676 1128 777 1161 videre,
787 1128 830 1155 sed
843 1129 924 1155 etiam
938 1129 993 1161 illa,
1003 1138 1072 1164 quae
1128 1129 1177 1155 Iul.
1194 1128 1264 1155 Flor.
1284 1139 1308 1164 p.
1324 1137 1382 1164 370.
1430 1132 1547 1156 Pricaeus
1575 1139 1599 1164 p.
1614 1138 1663 1164 245
1684 1132 1746 1167 legit
1758 1131 1985 1157 Antecantamina.

12 1172 13 1177 ¹
32 1166 116 1194 futura
124 1166 191 1198 sunt,
205 1165 362 1199 prospicere.
410 1166 465 1192 Cic.
481 1173 529 1199 pro
543 1165 618 1190 Rosc.
634 1165 722 1190 Amer.
737 1173 764 1190 12
785 1166 820 1190 Vt
832 1173 886 1190 non
900 1164 981 1191 modo
994 1166 1072 1198 clam,
1166 1171 1218 1191 AN
1228 1171 1249 1191 T
1260 1172 1302 1192 EC
1312 1164 1334 1191 Ᾰ
1344 1172 1358 1191 Ρ
1369 1172 1424 1198 10,
1446 1166 1520 1200 chi,
1539 1173 1661 1200 captum,
1682 1168 1735 1192 ere.
1753 1166 1961 1199 [προλα,ἰιβοὲνω,
1982 1167 2089 1201 φθάνω]
2111 1169 2186 1194 Prae-

22 1204 120 1228 vverum
132 1201 212 1227 etiam
227 1201 269 1227 hie
285 1202 311 1226 in
328 1202 388 1227 soro
401 1207 460 1227 ante
472 1199 588 1226 tribunal
601 1206 678 1226 tuum
693 1201 730 1226 M.
746 1201 829 1227 Fanni
849 1206 908 1226 ante
929 1200 1005 1235 pedes
1028 1210 1072 1228 ve·
1127 1203 1227 1231 venire,
1246 1208 1371 1236 occupare.
1407 1202 1499 1228 Tacit.
1516 1201 1584 1227 Hist.
1599 1210 1631 1234 4,
1649 1203 1684 1227 66
1702 1203 1773 1235 Qiia
1789 1200 1896 1236 pontem
1909 1204 2000 1229 Mosae
2015 1204 2133 1229 fluminis
2141 1213 2186 1230 an-

30 1236 92 1265 ssros
105 1236 223 1269 Iudices,
244 1238 312 1263 inter
325 1238 378 1271 ipsa
392 1236 512 1262 subsellia
531 1235 621 1262 caedes
641 1236 746 1262 futurae
766 1236 823 1263 sint.
893 1236 952 1263 Col.
967 1238 1000 1270 6,
1013 1245 1042 1270 2,
1055 1245 1072 1263 2
1128 1242 1269 1271 teceperat.
1340 1237 1441 1264 Sallust.
1450 1238 1479 1264 in
1492 1237 1572 1264 Catil.
1588 1246 1642 1272 cap.
1659 1246 1685 1270 55
1708 1238 1805 1264 Consul
1819 1238 1950 1273 optimum
1966 1238 2039 1265 factu
2053 1245 2124 1265 ratus
2138 1249 2186 1266 no—

30 1273 95 1300 Ante
109 1272 241 1298 stabulum
254 1273 341 1299 nullae
353 1271 483 1307 angustiae
497 1271 553 1297 sint.
626 1273 656 1298 Et
671 1281 723 1298 cum
731 1279 809 1302 motu,
829 1273 901 1298 Caes.
915 1273 943 1298 B.
958 1273 988 1299 C.
1003 1281 1028 1305 1,
1045 1280 1072 1306 55
1086 1273 1118 1298 30
1129 1272 1199 1298 &em
1213 1281 1280 1307 quae
1294 1272 1422 1306 instabat,
1440 1280 1611 1308 antecapere,
1629 1273 1735 1308 nequid
1751 1283 1784 1300 eo
1797 1275 1881 1309 spatio
1890 1282 2042 1301 nouat-etur.
2116 1275 2185 1301 lbid.

4 1333 6 1337 ,
31 1309 95 1336 Ante
107 1315 219 1335 caeteras
235 1315 307 1335 extra
319 1309 402 1335 aciem
415 1313 592 1343 procurrerat.
629 1309 660 1334 Et
675 1316 703 1340 2,
716 1315 778 1340 34,5
796 1307 882 1334 Curio
918 1323 963 1327 —
999 1317 1072 1342 prae·
1130 1317 1185 1343 cap.
1199 1317 1223 1341 13
1244 1309 1309 1335 Non
1322 1309 1420 1336 famem
1434 1316 1478 1336 aut
1492 1309 1577 1342 litim,
1598 1318 1683 1344 neque
1696 1309 1797 1343 frigus,
1815 1319 1901 1345 neque
1922 1310 2093 1337 laffimdinem
2106 1320 2186 1346 oppe-

30 1344 112 1371 currit
126 1351 184 1371 ante
200 1353 298 1370 omnes.
467 1345 519 1375 ΙΙΙ)
583 1352 611 1370 10
638 1344 850 1378 Comparationem
860 1342 1007 1379 fignificat,
1018 1343 1072 1378 siue
1129 1345 1180 1370 riri
1195 1355 1200 1370 :
1236 1344 1278 1370 sed
1293 1353 1322 1371 ea
1336 1346 1427 1372 omnia
1441 1346 1504 1372 luxu
1520 1352 1681 1379 antecapere.
1738 1347 1768 1371 Et
1781 1355 1804 1372 c.
1819 1355 1848 1378 32
1869 1347 1905 1372 Ac
1920 1348 1993 1381 prius
2009 1355 2087 1381 quain
2102 1347 2187 1381 Iccio-

34 1382 110 1407 otius
122 1380 293 1407 Excellentiam
308 1391 314 1405 :
350 1379 381 1406 Ei
394 1379 442 1406 vni
456 1386 515 1405 ante
529 1388 543 1405 a
556 1381 595 1406 ios
615 1379 667 1405 fuit
686 1378 827 1405 cariffimus
864 1379 932 1414 Nep.
947 1387 994 1412 25,
1009 1389 1036 1412 3,
1050 1388 1071 1412 3.
1130 1389 1174 1406 nes
1189 1380 1382 1413 scriberentur,
1403 1382 1486 1407 multa
1499 1388 1670 1415 antecapere,
1686 1390 1754 1416 quae
1778 1382 1851 1408 bello
1864 1383 1923 1408 vsui
1939 1383 2035 1409 forent.
2091 1384 2129 1409 111.
2144 1385 2186 1409 111-

11 1433 13 1437 ι
29 1415 113 1450 Virgo
131 1425 182 1442 vna
202 1416 278 1451 longe
296 1421 354 1442 ante
374 1416 438 1442 alias
451 1416 535 1450 specie
548 1424 575 1442 ac
589 1414 786 1449 pulchritudine
799 1414 907 1449 insignis
927 1416 986 1441 Liu.
1002 1425 1027 1448 1,
1047 1425 1072 1449 9.
1129 1415 1217 1450 gurth.
1233 1424 1288 1450 cap.
1301 1424 1324 1442 21
1350 1417 1521 1451 Maximeque
1534 1417 1660 1443 festinans
1674 1424 1776 1451 tempus
1799 1418 1947 1452 legatorum
1966 1427 2129 1451 antecapere.
2167 1421 2185 1444 i.

6 1462 17 1479 c
27 1451 96 1478 Adai.
111 1459 154 1485 35,
170 1461 208 1485 14.
280 1452 377 1478 Nullos
398 1451 552 1477 mortalium
575 1450 655 1477 armis
669 1457 712 1476 aut
728 1450 780 1476 fide
791 1457 851 1476 ante
864 1452 1011 1477 Germanos
1025 1452 1073 1478 esse
1088 1453 1115 1479 33
1130 1453 1399 1488 Legatospraeutnirc.
1437 1453 1557 1487 Exprtffit
1570 1454 1614 1479 hoc
1628 1453 1719 1484 Dielys
1732 1454 1772 1478 uie
1784 1462 1816 1486 2,
1833 1459 1846 1483 8
1873 1455 1913 1479 vti
1930 1462 2042 1488 propere
2057 1453 2186 1479 instrufm

29 1487 96 1514 Tac.
110 1489 158 1514 An.
175 1496 213 1520 13,
228 1495 267 1521 ς4.
303 1487 396 1514 Gloria
411 1487 475 1513 belli
489 1493 547 1513 ante
561 1487 693 1513 Romanos
707 1486 783 1512 fuisse
811 1486 911 1513 Sallust.
927 1487 984 1513 Cat.
998 1496 1019 1513 c.
1036 1495 1073 1520 53.
1130 1487 1248 1514 exercitu
1263 1492 1367 1522 tempus
1380 1488 1556 1522 profectionis
1577 1494 1768 1522 antecaperent.

28 1523 95 1550 Ante
108 1524 200 1549 Iouem
215 1523 308 1549 haberi
327 1525 401 1549 Curt.
416 1528 444 1556 8,
458 1531 489 1557 7,
504 1531 536 1555 13,
573 1522 637 1548 Ρ1111.
654 1531 697 1554 12,
718 1524 746 1549 16
773 1522 946 1549 Sembracena
965 1523 1074 1555 myrrha
1166 1529 1248 1549 ΑΝΤ
1259 1529 1384 1550 ECAPT
1396 1531 1415 1550 v
1425 1531 1448 1550 S.
1474 1525 1568 1550 Partic.
1605 1524 1790 1558 [προληφθείς]
1827 1523 1887 1549 Liu.
1902 1530 1930 1556 5,
1940 1529 1968 1556 38
1989 1524 2053 1550 Non
2070 1524 2130 1550 loco
2147 1533 2187 1550 ea-

28 1563 86 1585 ante
105 1558 168 1585 alias
187 1558 288 1585 hilaris.
360 1559 433 1592 Virg.
454 1561 518 1584 Aen.
538 1566 576 1590 11,
594 1560 643 1591 416
678 1572 724 1577 —
760 1564 819 1584 ante
835 1559 901 1585 alios
914 1559 1074 1586 fortunatus.
1130 1558 1190 1585 stris
1204 1564 1358 1594 antecapto,
1384 1569 1439 1586 non
1454 1559 1622 1594 praemunito
1637 1559 1718 1585 vallo.
1774 1558 1821 1586 &cd
1835 1561 1935 1585 Gruter.
1949 1567 1972 1585 et
1988 1562 2093 1586 Gronou.
2105 1568 2188 1585 unun-

28 1593 99 1622 Idem
112 1595 176 1620 Aen.
191 1603 219 1626 3,
233 1603 274 1626 321
292 1594 316 1620 O
329 1594 394 1620 felix
406 1603 457 1620 vna
470 1600 528 1619 ante
541 1594 605 1619 alias
617 1594 747 1620 Priameia
760 1595 847 1629 virgo.
885 1595 960 1629 Virg.
976 1596 1041 1622 Aen.
1054 1604 1074 1628 1,
1130 1602 1202 1632 gunt.
1241 1596 1398 1630 Antecaptus
1412 1597 1543 1630 cogitatus
1556 1595 1666 1621 alterius
1681 1595 1760 1629 Apul.
1774 1596 1838 1621 Met.
1854 1604 1872 1628 4
1886 1604 1908 1629 p.
1922 1604 1979 1628 144.
2017 1597 2188 1630 Amet-optus,

29 1637 69 1664 351
87 1630 241 1664 Pygmalion
253 1629 349 1656 scelere
361 1635 420 1655 ante
436 1629 501 1655 alios
514 1629 659 1656 immanior
672 1638 772 1656 omnes.
843 1630 881 1656 Id.
898 1632 964 1657 Aen.
979 1640 1012 1664 4,
1033 1640 1116 1666 ¹4140
1132 1633 1206 1656 etium
1245 1633 1355 1668 legitur,
1367 1631 1395 1666 fi
1413 1633 1480 1658 locus
1499 1631 1585 1658 mendo
1605 1638 1679 1657 vacat
1693 1651 1702 1664 ,
1738 1631 1796 1658 Cic.
1815 1632 1847 1657 dc
1862 1631 1924 1657 Nat.
1938 1632 2019 1657 Deor.
2036 1640 2063 1664 1,
2077 1641 2108 1665 43
2123 1641 2143 1658 c.
2163 1634 2189 1658 16

30 1679 81 1686 --
97 1666 163 1700 petit
175 1671 234 1691 ante
248 1665 314 1691 alios
329 1664 521 1699 pulcherrimus
535 1674 626 1691 omnes
663 1666 786 1693 Turnus.
821 1666 904 1693 Plaut.
919 1666 1074 1700 Afin.5‚2,8
1133 1668 1220 1700 Qam
1245 1667 1358 1702 appellat
1383 1667 1502 1702 πρόληψιν
1524 1667 1661 1702 Epicurus.
1699 1665 1728 1693 id
1744 1666 1796 1699 est,
1822 1668 1994 1701 Anteceptam
2023 1668 2114 1694 anim-o
2148 1668 2189 1694 rei

11 1699 17 1730 f
30 1700 98 1728 Scito
111 1701 188 1728 illum
197 1707 255 1728 ante
263 1701 469 1727 omnesminimi
477 1701 600 1728 mortales
608 1701 697 1736 pretii.
735 1702 1074 1738 HicAliosfiebaudiendum.
1132 1702 1264 1737 quandam
1278 1703 1318 1730 rei
1334 1703 1565 1730 informationem.

14 1771 15 1775 Ἰ
29 1739 34 1760 Ι
44 1736 180 1772 d.Trin.4,
191 1746 211 1769 1,
219 1744 232 1770 5
250 1736 321 1763 Tibi
330 1742 389 1763 ante
396 1737 461 1763 alios
469 1736 530 1763 deos
539 1737 634 1772 gratias
643 1746 692 1772 ago
699 1743 778 1772 atque
788 1737 874 1764 habeo
881 1739 1003 1765 summas.
1023 1739 1075 1764 An·
1169 1745 1191 1765 A
1200 1746 1221 1764 Ν
1231 1745 1251 1764 Τ
1261 1746 1278 1766 E
1286 1745 1302 1766 C
1313 1740 1330 1765 ἑ
1338 1746 1357 1765 D
1367 1745 1386 1765 O
1396 1759 1403 1770 ‚
1423 1739 1448 1765 ffi
1457 1760 1465 1772 ,
1485 1740 1564 1773 1111111,
1583 1740 1636 1765 ὅτε.
1665 1739 1857 1773 [προέρχομαι]
1878 1738 1946 1764 Idem
1978 1739 2025 1765 uod
2032 1738 2188 1771 praecedere,

14 1788 23 1804 ς.
40 1773 167 1800 emmelos
182 1773 302 1807 claritate
309 1773 406 1799 Peneus
421 1773 552 1806 Plin.4,8.
588 1773 643 1800 Cic.
653 1774 780 1807 Att.8,24
787 1775 857 1800 Caue
866 1780 939 1809 putes
948 1774 998 1801 hoc
1011 1780 1076 1801 tem·
1127 1774 1152 1811 s.
1167 1775 1233 1800 Ante
1248 1776 1353 1810 aliquem
1367 1774 1498 1801 incedere.
1571 1774 1702 1801 Columel.
1716 1782 1750 1808 7,
1765 1776 1782 1800 6
1821 1776 1856 1799 Vt
1869 1748 2004 1800 antecedat
2017 1784 2139 1808 gregem,
2159 1774 2189 1799 de

16 1806 22 1823 '¹
35 1817 92 1836 nore
105 1809 162 1844 plus
174 1818 217 1835 me
224 1817 383 1844 quemquem
400 1810 526 1841 cruciari,
540 1809 612 1844 quod
626 1818 695 1841 eum,
704 1818 784 1844 quem
798 1816 857 1837 ante
871 1819 914 1836 me
927 1810 1022 1845 diligo,
1034 1811 1075 1837 vi-
1087 1815 1120 1841 45
1133 1808 1252 1846 magistro
1266 1813 1368 1845 caprini
1375 1813 1482 1845 pecoris.
1520 1809 1685 1836 Antecedere
1699 1808 1917 1843 aliquem-biduo
1937 1810 1993 1835 Cic.
2006 1811 2069 1835 Fam
2093 1818 2131 1841 11,
2154 1818 2188 1841 13.

10 1850 12 1853 “
25 1846 28 1850 ’
46 1853 78 1871 eo
91 1845 120 1871 in
133 1845 276 1872 Consulatu
283 1845 396 1880 quoduis
404 1845 491 1879 potius
499 1845 557 1878 ess‘e,
570 1854 649 1880 quam
656 1845 798 1872 consulem.
835 1847 904 1872 Ante
916 1847 1023 1878 omnia,
1045 1848 1076 1873 In
1133 1846 1193 1872 Liu.
1209 1855 1238 1877 2,
1258 1848 1275 1871 6
1290 1845 1387 1871 Brutus
1400 1845 1431 1871 ad
1445 1845 1638 1879 explorandum
1652 1852 1711 1870 cum
1727 1844 1847 1878 equitatu
1861 1844 1996 1870 antecessit.
2034 1846 2106 1871 Caes.
2123 1845 2187 1871 Bell.

33 1883 126 1915 primis,
136 1883 274 1916 praecipue.
294 1880 426 1914 Qiine’til.
440 1889 464 1912 1,
480 1890 506 1913 1,
519 1889 531 1913 3
547 1882 615 1907 Ante
630 1882 760 1908 omniane
771 1881 802 1908 fit
814 1882 926 1908 vitiosus
935 1883 1020 1908 sermo
1028 1891 1075 1908 nu-
1134 1881 1202 1906 Gall.
1217 1887 1250 1914 7,
1263 1888 1290 1912 33
1318 1880 1361 1906 Ne
1381 1887 1473 1907 contra
1493 1881 1566 1906 suam
1590 1880 1755 1906 voluntatem
1769 1879 1896 1906 dimicare
1910 1888 2050 1914 cogeretur
2060 1901 2069 1912 ‚
2088 1881 2190 1914 maffinis

34 1916 148 1943 frieibus.
187 1918 226 1944 Sic
240 1917 313 1942 etlam
327 1925 352 1949 1,
369 1925 396 1949 2,
411 1922 469 1946 8.-εε
477 1917 549 1952 saepe
563 1918 636 1943 alias.
674 1917 734 1943 Liu.
749 1927 783 1950 4,
797 1925 835 1949 40
854 1917 922 1942 Ante
935 1918 1025 1942 onmia
1033 1917 1077 1943 de-
1132 1915 1277 1941 itineribus
1294 1915 1431 1942 antecessit.
1648 1924 1660 1940 2
1682 1915 1856 1945 Antecedere,
1871 1922 1918 1950 per
1933 1925 2038 1950 manfr).
2050 1924 2097 1950 pro
2112 1920 2189 1942 Ante-

35 1951 126 1986 ?lorati
138 1958 212 1979 erant
223 1952 333 1988 equites.
370 1952 408 1979 Id.
423 1961 453 1984 2,
466 1960 483 1986 7
510 1952 617 1978 Publica
631 1951 779 1983 moestitia,
797 1960 830 1978 eo
844 1958 904 1978 ante
924 1952 1015 1978 omnia
1037 1952 1076 1977 in-
1132 1951 1232 1983 cellere,
1247 1950 1380 1986 superare,
1400 1951 1521 1977 excellere.
1543 1951 1689 1984 [προεχειν]
1726 1951 1782 1975 Cic.
1798 1950 1850 1976 Off.
1874 1960 1898 1981 1,
1919 1958 1963 1982 105
1985 1953 2121 1983 Quantum
2145 1960 2190 1977 na-

35 1987 122 2022 tignis,
144 1988 224 2024 quod.
280 1988 319 2015 Id.
336 1995 370 2022 7,
385 1998 403 2022 4
421 1989 489 2014 Ante
502 1988 593 2014 omnia
606 1988 724 2014 inuisum
738 1987 823 2021 ipsum
838 1987 977 2021 ingenium
991 1994 1076 2013 atrox.
1088 1998 1119 2023 30
1134 1992 1194 2012 tura
1208 1986 1325 2012 hominis
1338 1986 1482 2020 pecudibus
1495 1985 1661 2019 reliquisque
1675 1984 1766 2010 bestiis
1780 1984 1919 2010 antecedit.
1956 1986 2029 2011 Caes.
2045 1986 2108 2012 ssen.
2119 1987 2190 2012 Gall.

36 2023 159 2057 Qiinctil.
174 2033 218 2057 10,
234 2033 260 2056 1,
275 2032 286 2056 3
308 2024 403 2050 Dicere
418 2030 478 2049 ante
493 2023 585 2049 omnia
598 2023 642 2049 est.
699 2022 774 2056 Virg.
789 2023 887 2057 Georg.
901 2032 916 2049 2
926 2043 933 2055 ,
953 2031 1003 2057 475
1031 2024 1076 2049 Me
1133 2030 1161 2053 3,
1181 2027 1194 2050 8
1215 2022 1246 2046 Et
1259 2021 1367 2046 scientia
1381 2027 1460 2055 atque
1472 2021 1518 2046 vsu
1532 2021 1698 2045 nauticarum
1714 2028 1804 2045 rerum
1818 2026 1934 2046 caeteros
1948 2022 2113 2048 antecedtnit.
2132 2023 2189 2048 Cic.

37 2069 92 2086 rero
105 2060 220 2094 primum
235 2059 323 2086 dulces
335 2065 395 2085 ante
406 2059 497 2085 omnia
509 2059 599 2085 Musae
635 2058 781 2093 Aceipiant.
831 2060 888 2090 Sic,
907 2059 975 2084 Ante
995 2058 1076 2083 ratio-
1134 2055 1166 2081 de
1180 2055 1281 2080 Sene&
1296 2063 1326 2087 59
1344 2056 1440 2089 Neque
1453 2055 1525 2081 enim
1539 2055 1625 2081 solum
1640 2054 1743 2082 honore
1756 2055 1979 2082 antecedentibus.
2024 2059 2090 2083 Eum
2108 2066 2189 2084 nemo

38 2103 88 2121 mm
100 2095 136 2122 est
150 2095 278 2122 neceffitas
298 2096 373 2122 curt,
388 2104 420 2129 7,
434 2103 466 2129 7,
488 2103 524 2120 10,
1036 2118 1040 2126 ι
1133 2090 1162 2115 111
1175 2089 1295 2115 amicitia
1308 2091 1440 2117 antecedit
1463 2090 1533 2125 Nep.
1548 2098 1581 2126 7,
1595 2100 1621 2124 9,
1631 2100 1652 2123 3.
1688 2091 1913 2126 Add.1d.7,11,4.
1952 2093 2112 2120 Antecedere
2126 2095 2191 2120 alte-

66 2136 118 2157 A'N
128 2138 183 2158 TE.
212 2130 279 2157 Adu.
293 2137 372 2165 temp.
399 2130 545 2165 [πρότερον]
580 2129 663 2155 Plaut.
677 2129 760 2154 Trin.
775 2135 805 2159 5,
819 2134 848 2157 2,
862 2133 891 2160 17
908 2126 1005 2160 Neque
1014 2134 1075 2152 eum
1132 2125 1172 2156 ri,
1193 2125 1235 2151 vel
1250 2125 1362 2152 alterum
1375 2133 1460 2153 aetate
1479 2128 1536 2154 Cic.
1552 2127 1582 2153 de
1595 2127 1666 2154 Clar.
1680 2128 1755 2154 Orat.
1771 2133 1803 2157 82
1816 2137 1837 2153 c.
1852 2134 1892 2158 28.
1928 2128 2053 2163 Aliquem
2066 2137 2149 2155 aetate
2163 2134 2190 2156 et

44 2173 87 2193 nte
102 2175 212 2201 vsquam
225 2167 348 2200 conspexi
361 2166 441 2200 prius.
484 2165 540 2190 Cic.
554 2164 607 2188 Att.
623 2171 653 2194 14
663 2182 670 2193 ,
686 2170 717 2187 22
736 2161 863 2195 Idipfiun,
872 2161 944 2195 quod
964 2171 1006 2188 me
1019 2170 1076 2187 mo-
1091 2170 1119 2196 ςς
1133 2161 1180 2187 vsu
1194 2170 1284 2188 rerum
1305 2162 1362 2189 Cic.
1376 2164 1453 2189 Verr.
1468 2174 1499 2197 4,
1515 2168 1553 2195 138
1565 2172 1586 2189 c.
1601 2165 1645 2189 62.
1718 2163 1783 2189 Plin.
1800 2165 1842 2195 16,
1855 2173 1874 2196 4
1902 2163 2006 2191 Cedunt
2019 2164 2061 2191 his
2074 2165 2189 2192 murales

47 2211 81 2234 εει,
90 2202 232 2236 quatriduo
246 2208 306 2227 ante
322 2201 354 2227 ad
369 2209 429 2226 eum
443 2199 603 2232 scripseram.
639 2196 820 2227 Croci,siccati
834 2204 893 2223 ante
909 2197 1030 2223 Scribon.
1039 2205 1077 2232 71.
1132 2196 1313 2232 vallaresque,
1334 2206 1359 2225 et
1372 2207 1483 2231 aureae,
1505 2208 1666 2234 quamquam
1680 2200 1768 2234 pretio
1791 2199 1981 2226 antecedentes.
2018 2204 2036 2227 i.
2059 2201 2189 2235 Prftiolio-

34 2266 35 2270 ,
58 2255 59 2258 ¹
75 2237 161 2270 rrhae,
170 2243 229 2263 ante
243 2237 320 2262 tritae
339 2235 376 2260 Id.
390 2239 427 2263 88.
465 2234 557 2266 Qium
568 2240 634 2267 opus
648 2238 736 2259 autem
751 2232 802 2265 est,
818 2239 879 2259 ante
891 2233 964 2259 nitro
972 2240 997 2260 et
1004 2240 1077 2260 aceto
1133 2242 1182 2259 res.
1229 2235 1268 2260 De
1280 2238 1380 2261 coronis
1390 2235 1544 2262 militaribus
1557 2237 1676 2271 loquitur.
1748 2235 1805 2261 Cic.
1821 2237 1898 2261 Verr.
1911 2246 1930 2270 4
1939 2256 1947 2268 ,
1967 2245 2009 2269 143
2020 2237 2062 2262 ’νε
2075 2237 2188 2271 quisque

26 2271 100 2301 scus
113 2273 278 2306 exasperatur
296 2270 334 2296 Id.
350 2277 409 2302 254.
448 2268 706 2295 Interdumubundare
716 2268 814 2295 uidetur
836 2278 894 2305 mg.
916 2269 984 2295 Ter.
993 2269 1075 2296 Andr.
1135 2268 1239 2295 honore
1261 2275 1287 2296 et
1310 2277 1396 2297 aetate
1419 2270 1570 2298 antecedit:
1606 2271 1643 2297 ita
1665 2271 1767 2305 primus
1789 2271 1853 2297 solet
1873 2271 1918 2297 sua
1934 2272 2025 2305 sponte
2038 2271 2126 2298 dicere
2133 2292 2143 2304 ,
2162 2278 2189 2298 et

44 2305 104 2344 &⁵⁵2
120 2317 140 2342 4
156 2308 253 2334 Nonne
265 2305 385 2341 oportuit
399 2305 531 2340 praesciffe
546 2313 587 2330 me
599 2310 659 2330 ante
674 2306 684 2331 ἓ
702 2305 758 2331 Cic.
774 2304 841 2331 Phil.
855 2313 871 2331 2
885 2314 906 2331 c.
921 2313 957 2337 33.
994 2305 1076 2338 Qiod
1133 2305 1211 2340 longe
1228 2306 1390 2334 antecedere.
1457 2307 1541 2334 Plaut.
1552 2306 1641 2332 Pseud.
1658 2315 1684 2339 1,
1706 2315 1733 2340 ς,
1755 2311 1792 2336 118
1814 2307 1948 2333 Virtutem
1963 2307 2032 2341 regis
2047 2307 2189 2342 Agathocli

0 2349 3 2374 Ι
20 2348 50 2382 ’,ἶ
67 2349 137 2387 ,ἦ-
169 2342 339 2378 prouideras,
356 2347 382 2368 et
402 2346 475 2403 tapto
487 2347 547 2403 afnte
559 2340 737 2403 praedixebras.
764 2341 831 2403 ssig.
845 2350 938 2403 {03:14
953 2341 1076 2402 1Adniul-
1090 2341 1302 2368 60antecesseris.
1332 2378 1341 2396 ²
1444 2339 1474 2405 ἒ
1498 2351 1510 2375 3
1532 2343 1569 2368 Dc
1590 2349 1707 2404 temporei.¹
1741 2342 1810 2369 Ter.
1826 2342 1932 2404 Phffrin.
1947 2351 1959 2374 3
1970 2363 1978 2375 ,
1989 2351 2020 2375 2,
2039 2352 2075 2376 40
2096 2345 2187 2370 Iamne

27 2391 30 2398 -
44 2386 45 2395 2
57 2392 71 2401 .¹
90 2381 92 2385 “
114 2379 116 2382 ’
140 2401 142 2403 ,
165 2388 171 2394 ·
208 2389 213 2394 ·
252 2378 259 2404 ,“
321 2387 347 2403 111
375 2386 425 2403 euo
439 2384 483 2403 uta
508 2377 607 2403 acinus.
686 2377 748 2404 ‘uec
796 2377 805 2402 i
827 2397 832 2402 .
934 2386 949 2402 u
963 2383 990 2403 to
1004 2383 1064 2403 ante
1131 2386 1162 2403 ea
1197 2384 1268 2403 raete
1285 2377 1305 2403 ii
1333 2399 1339 2403 .
1401 2398 1407 2404 .
1499 2387 1508 2403 1
1669 2378 1674 2382 ”
1784 2387 1800 2403 11
2001 2390 2018 2404 a
2058 2389 2064 2394 ·
2130 2390 2149 2401 ,-

16 2397 31 2453 ,ζ’
44 2380 422 2446 ᾔὲῗξιὲἓξιιὶῖῒιὲειηέτετ,
431 2413 596 2448 prospexisse.
641 2412 688 2439 Vbi
700 2415 773 2439 etiam
785 2413 829 2439 hoc
842 2384 970 2442 νιοῖαιηισ,
995 2398 1073 2446 Ante:
1123 2386 1219 2445 stitista
1234 2387 1282 2439 dier.
1307 2383 1428 2445 ἶ1’1111].)13
1436 2434 1444 2446 ,
1458 2379 2189 2444 8013ἇ11111ξὲ11ῐῗεξὲ11ε1ι11163ζηξιείςὲεζ-ᾰέἲέῗφ’ἐ11ὶ11ἕ111ἑ1ι11ῗ

54 2456 100 2478 icus
111 2456 147 2483 tet·
157 2451 212 2479 Post
219 2453 323 2487 proprie
343 2452 415 2486 iungi
433 2449 560 2475 aditet-biis
579 2451 606 2475 in
620 2449 642 2476 O
657 2447 837 2482 diffluentibus,
856 2448 1000 2482 Aliquanto
1014 2456 1074 2475 ante
1130 2457 1176 2482 per
1189 2448 1341 2475 antecedere
1368 2447 1447 2475 debet
1464 2450 1622 2476 exercitatio
1648 2449 1714 2476 Cels.
1729 2459 1754 2483 1,
1764 2458 1790 2476 2.

20 2491 30 2513 ¹.
47 2485 151 2519 ”ic-iffi
164 2495 174 2513 1
187 2497 208 2514 c.
223 2495 262 2519 23-
333 2486 402 2512 Ter.
415 2486 480 2512 Eun.
494 2494 527 2518 4,
546 2492 576 2517 ς,
593 2492 611 2519 7
642 2484 692 2511 Sed
707 2483 795 2511 Thais
809 2484 894 2510 multo
907 2490 967 2510 ante
982 2485 1075 2511 venit?
1166 2490 1189 2510 A
1201 2491 1222 2509 N
1235 2490 1256 2509 T
1266 2491 1308 2511 Ec
1319 2486 1387 2511 {DE
1398 2492 1450 2512 Ns.
1470 2485 1563 2512 Partic.
1602 2487 1745 2521 [προέχων]
1781 2492 1827 2518 vt,
1846 2485 2045 2512 modo-laudatus
2062 2484 2096 2519 cst
2109 2487 2188 2514 Ante-

17 2519 32 2556 ’ἶ
48 2517 152 2558 Ἰωκή,
168 2528 198 2553 28
235 2521 325 2549 Paullo
348 2528 408 2548 ante
423 2521 469 2548 hic
485 2521 596 2548 nuncius
632 2535 676 2540 —-
713 2526 837 2552 venerat,
859 2529 918 2546 cum
933 2519 1026 2546 literae
1039 2519 1072 2546 ab
1086 2527 1118 2559 65
1131 2519 1223 2546 cedens
1237 2528 1319 2546 annus
1338 2520 1403 2546 Plin.
1418 2529 1440 2553 13
1450 2541 1456 2551 ‚
1471 2526 1493 2551 8.
1567 2521 1635 2548 Hor.
1648 2522 1737 2548 Carm.
1751 2530 1781 2554 3,
1802 2529 1831 2554 2,
1852 2530 1876 2554 31
1903 2522 1974 2548 Raro
1989 2522 2189 2550 antecedentem

46 2557 159 2586 annibale
171 2558 264 2585 allatae
279 2559 346 2584 sunt.
364 2563 368 2566 ’
396 2558 485 2592 Longe
499 2564 559 2583 ante
573 2556 666 2584 videre
680 2556 748 2583 mala
762 2556 898 2582 venientia
919 2556 975 2582 Cic.
988 2556 1073 2582 Tusc.
1131 2555 1267 2582 scelestum
1281 2556 1401 2583 Destruit
1413 2556 1479 2591 pede
1491 2566 1575 2592 poena
1589 2557 1693 2584 claudo.
1751 2558 1911 2584 Antecedens
1926 2557 2055 2592 dignitate
2084 2560 2140 2585 Cic.
2155 2559 2188 2585 de

0 2609 8 2623 ’..
34 2605 37 2610 ’
54 2613 62 2627 ,
75 2598 106 2624 28
118 2603 140 2621 c.
154 2603 192 2628 14.
234 2595 265 2621 Et
277 2594 330 2620 feci
341 2599 418 2625 ante,
438 2599 464 2620 et
477 2593 548 2620 facio
562 2602 631 2619 nune
652 2593 708 2619 Cic.
723 2593 795 2619 Fam.
811 2601 852 2625 15,
875 2600 913 2625 14.
969 2593 1000 2618 Et
1013 2598 1072 2619 ante
1131 2592 1234 2618 Inuent.
1248 2600 1281 2624 2,
1302 2594 1344 2618 66.
1418 2593 1456 2619 Id.
1470 2594 1503 2619 ad
1513 2593 1611 2620 061311.
1658 2594 1689 2620 Et
1702 2602 1768 2628 quae
1782 2603 1837 2620 non
1852 2593 1992 2627 insequens
2006 2594 2072 2620 hora
2086 2600 2188 2621 antece-

33 2647 35 2652 ,
50 2629 123 2665 :post
134 2631 225 2656 eadem
238 2629 358 2656 facienda
380 2629 448 2655 Cels.
463 2634 492 2661 8,
513 2638 550 2655 10.
586 2627 655 2655 Add.
671 2628 709 2654 Id.
725 2630 758 2660 6,
779 2635 800 2661 5.
821 2635 843 2653 et
857 2636 890 2662 7,
906 2629 948 2654 26.
996 2628 1072 2663 Virg.
1130 2626 1207 2653 dente
1226 2627 1419 2662 calamitosior,
1443 2629 1504 2664 Pop.
1520 2630 1597 2655 Rom.
1613 2629 1704 2655 illuxit
1718 2630 1728 2655 3
1762 2629 1821 2655 Cic.
1836 2629 1868 2655 de
1880 2629 1971 2656 Partit.
1986 2636 2004 2664 7
2021 2629 2082 2656 Α113
2095 2639 2126 2656 ex
2142 2640 2187 2657 an—

55 2674 95 2692 en.
110 2675 135 2698 1,
156 2670 199 2697 198
219 2665 244 2691 O
257 2664 323 2690 socii
343 2672 429 2698 neque
451 2665 523 2689 enim
545 2664 632 2698 ignari
653 2665 741 2690 sumus
763 2663 987 2690 ante-malorum.
1025 2663 1074 2698 acsi
1130 2663 1326 2695 tecedentibus‚
1348 2664 1401 2691 alia
1414 2673 1447 2690 ex
1466 2664 1695 2700 consequentibus.
1768 2662 1770 2669 '

12 2715 15 2720 ·
53 2709 122 2727 raece
139 2699 248 2732 diceres,
268 2698 299 2725 ἐκ
311 2698 444 2732 ἀμνήμονες
455 2701 526 2732 ἐσμὲν
551 2701 596 2731 τῶν
617 2700 694 2734 neor}
707 2700 791 2726 κακῶν.
847 2699 880 2726 Id
897 2702 978 2735 igitur
998 2701 1074 2733 valet,
1087 2701 1122 2738 76
1166 2706 1188 2726 A
1199 2705 1220 2724 Ν
1230 2706 1348 2727 TECES
1358 2708 1371 2727 s
1381 2707 1429 2727 VR
1439 2708 1459 2727 v
1469 2708 1498 2733 s,
1519 2710 1549 2733 a,
1564 2710 1618 2727 11111.
1655 2702 1761 2727 Petron.
1784 2708 1814 2735 17
1835 2700 1889 2728 Vbi
1907 2700 2012 2728 fabulas
2028 2703 2186 2730 antecessura

54 2737 147 2763 alortim
161 2744 220 2771 quae
232 2741 289 2761 ante
298 2734 402 2770 perpeffi
409 2734 503 2770 firmus.
559 2735 641 2762 Simile
655 2733 688 2769 est
708 2735 770 2761 illud
790 2735 886 2762 Ouidii
914 2736 978 2761 Met.
995 2744 1021 2768 1,
1041 2745 1074 2762 20
1130 2734 1271 2762 latrocinia
1286 2735 1431 2770 didicistis,
1445 2746 1505 2772 quae
1518 2737 1690 2763 narrabuntur
1698 2743 1762 2772 prae
1768 2736 1870 2772 fabulis
1881 2738 1949 2763 aliis.

54 2771 137 2806 rigida
150 2780 209 2798 cum
220 2770 308 2803 siccis,
328 2770 380 2797 sine
395 2770 511 2805 pondere
520 2769 644 2797 habentia
661 2772 771 2806 pondus,
787 2775 806 2798 i.
820 2771 881 2798 euri
897 2770 970 2805 βάρος
983 2771 1073 2804 ἔχοντα
1167 2778 1189 2798 Α
1199 2777 1219 2795 Ν
1231 2777 1422 2799 TECEDOR.
1452 2772 1511 2798 Pais.
1548 2773 1646 2798 Auson.
1661 2773 1734 2799 Grat.
1749 2772 1799 2799 aet.
1814 2782 1839 2807 p.
1854 2780 1902 2808 701
1926 2772 2004 2800 Tou.
2032 2774 2124 2800 Animi
2138 2783 2185 2801 no-

13 2821 22 2834 ,·
54 2806 224 2842 ὲὸίνενβοὶρες.
245 2806 400 2833 Turnebus.
472 2807 557 2839 Ante,
576 2817 630 2834 cum
646 2807 704 2833 Abl.
731 2808 820 2834 Paucis
835 2813 893 2834 ante
905 2807 1073 2834 nossaeculis
1130 2806 1176 2833 stri
1189 2807 1308 2834 celeritas
1323 2807 1460 2834 beneficiis
1473 2808 1661 2851 praeeuntibus
1676 2808 1849 2835 anteceditur.

58 2843 96 2870 ls.
111 2846 121 2870 1
151 2843 216 2870 raef.
268 2843 357 2869 Paucis
372 2842 502 2869 mensibus
515 2849 575 2869 ante
593 2843 666 2870 Caes.
681 2844 709 2870 B.
724 2844 755 2870 G.
770 2852 794 2876 1,
816 2853 851 2876 31.
922 2844 999 2869 Anno
1012 2850 1072 2870 ante
1166 2850 1187 2870 A
1198 2849 1217 2867 Ν
1231 2849 1252 2869 Τ
1264 2851 1280 2870 Ε
1290 2850 1307 2870 C
1317 2850 1373 2871 Ess
1386 2850 1406 2868 v
1418 2852 1430 2871 s
1441 2864 1448 2876 ,
1469 2853 1507 2870 us.
1527 2853 1562 2870 m.
1584 2843 1743 2879 [πρόληψις]
1775 2852 1824 2880 pro
1837 2845 2028 2880 Antz‘czpatz'onc
2036 2847 2100 2879 poni
2114 2844 2183 2871 vide-

64 2885 120 2906 tum
149 2879 216 2905 lium
227 2878 313 2905 amisit
333 2879 401 2906 Tac.
418 2879 480 2913 Agr.
495 2884 542 2911 28,
556 2880 581 2905 6.
618 2878 815 2906 Themistocles
835 2879 937 2913 aliquot
957 2885 1015 2906 ante
1028 2888 1070 2906 an-
1086 2887 1118 2916 75
1128 2885 1171 2905 tur
1184 2889 1199 2905 a
1213 2880 1266 2906 Sen.
1281 2879 1358 2914 Epist.
1375 2888 1415 2912 119
1436 2880 1506 2907 Bene
1521 2879 1594 2906 credi
1607 2879 1659 2906 tibi
1674 2880 1727 2906 scio
1742 2891 1747 2906 ε
1784 2881 1874 2915 itaque
1889 2880 1917 2906 in
1937 2881 2091 2906 antecessum
2102 2880 2183 2913 dabo,

60 2925 70 2942 s
90 2915 146 2942 Cic.
158 2915 242 2951 ¹Tusc.
257 2923 267 2941 1
279 2924 300 2940 c.
315 2923 339 2943 2.
374 2915 511 2946 Tyrannis
525 2914 613 2950 paucis
627 2915 701 2942 annis
713 2921 773 2941 ante
786 2916 872 2942 fuerat
893 2915 961 2949 Nep.
976 2924 1001 2948 1,
1014 2920 1037 2948 8,
1051 2925 1069 2942 1.
1128 2917 1146 2940 i.
1168 2916 1309 2951 Antequam
1321 2915 1444 2942 debeatur.
1498 2916 1570 2942 Idem
1587 2915 1619 2942 de
1633 2916 1723 2942 Benef.
1738 2925 1770 2949 4,
1785 2925 1812 2948 32
1835 2916 1904 2942 Aliis
1917 2915 1974 2950 post
1989 2916 2094 2949 longam
2109 2916 2182 2943 diem

19 2979 21 2983 .
57 2950 180 2978 natriduo
194 2956 254 2977 ante
277 2950 393 2977 Cic.Att.
407 2959 452 2984 14,
469 2959 505 2983 19.
542 2951 651 2986 Plin.4,
672 2954 701 2978 16
716 2952 828 2986 Reperta
844 2950 933 2976 multis
947 2956 1005 2977 ante
1020 2952 1072 2978 sae·
1127 2959 1245 2985 repono,
1263 2951 1323 2977 aliis
1337 2951 1366 2977 in
1379 2952 1545 2978 antecessum.
1580 2952 1648 2978 Item
1663 2951 1742 2986 Epist.
1765 2959 1782 2986 7
1798 2958 1861 2977 extr.
1887 2952 1924 2976 Ex
1944 2950 2040 2985 quibus
2060 2950 2115 2976 duo
2129 2951 2183 2978 tibi

44 3016 45 3021 Ἰ
64 2987 103 3014 lis.
139 2986 195 3013 Cic.
210 2986 293 3013 Tusc.
309 2995 334 3019 1,
353 2994 370 3022 7
391 2987 422 3013 Et
437 2987 526 3021 paucis
540 2993 600 3013 ante
614 2986 706 3014 diebus
721 2997 804 3023 quum
818 2986 895 3013 facile
909 2986 1072 3020 poss'eteduci
1128 2986 1157 3012 in
1172 2986 1292 3013 debitum
1305 2987 1444 3014 soluuntur
1458 2998 1464 3013 ι
1501 2988 1611 3014 tertium
1624 2988 1654 3014 in
1670 2988 1823 3014 antecessum
1837 2987 1932 3021 accipe.
1971 2986 2119 3012 Sumse'rant
2127 2986 2182 3013 bel-

49 3021 173 3057 custodia
185 3021 280 3048 noluit.
454 3020 474 3061 ‘J
496 3032 512 3049 2
533 3023 600 3049 Ante
605 3021 737 3059 fignificat
743 3027 860 3059 primum.
904 3022 971 3049 Cels.
986 3030 1018 3058 7,
1036 3032 1070 3056 29
1128 3022 1184 3048 lum
1194 3043 1201 3055 ,
1217 3023 1368 3055 adeo-certa
1383 3023 1515 3051 victoriae
1530 3024 1586 3058 spe,
1606 3030 1636 3050 vt
1649 3023 1772 3058 praedam
1787 3023 1816 3049 in
1828 3023 1982 3049 antecessum
2000 3021 2122 3056 patffione
2138 3022 2182 3049 -di-

48 3062 54 3084 θ
73 3057 202 3092 agendum
214 3057 266 3090 est,
284 3063 313 3084 vt
327 3062 386 3084 ante
399 3065 492 3093 caput,
513 3058 609 3085 deinde
621 3058 725 3094 reliqua
737 3069 795 3094 pars
808 3059 951 3085 auferatur.
996 3059 1067 3086 Idem
1080 3064 1112 3089 80
1127 3059 1239 3085 viserint
1268 3058 1339 3084 Flor.
1362 3067 1397 3092 4,
1423 3068 1469 3092 12,
1491 3068 1536 3093 24.
1609 3060 1684 3096 Conf.
1712 3059 1750 3086 Id.
1774 3068 1805 3091 3,
1827 3067 1872 3091 21,
1894 3067 1929 3085 20
1957 3059 1988 3084 In
2009 3059 2181 3092 antecessum,

79 3095 114 3120 26
134 3093 201 3119 Ante
211 3091 296 3119 dicam
309 3092 341 3119 de
355 3093 395 3119 his
404 3114 412 3126 ‚
434 3100 478 3121 etc.
504 3101 561 3121 tum
574 3095 606 3121 de
619 3095 669 3122 his.
706 3095 780 3130 Cous.
796 3097 827 3127 6,
839 3096 855 3120 6
870 3100 898 3121 ,ct
912 3099 945 3124 18.
969 3102 992 3120 et
1004 3095 1070 3122 Plin.
1125 3096 1243 3130 προχρείᾳ
1263 3094 1343 3120 Gloss.

47 3144 55 3161 ,ι
70 3149 79 3163 ,
100 3137 133 3161 13.
287 3126 307 3165 ff
327 3136 340 3160 3
360 3129 501 3156 Admotum
515 3132 612 3157 localem
626 3131 738 3167 refertur
750 3132 806 3158 Cic.
820 3131 851 3156 de
868 3130 924 3155 Fin.
938 3137 960 3163 5,
970 3139 996 3163 35
1011 3140 1070 3158 c.12
1163 3137 1185 3157 A
1206 3137 1229 3156 N
1251 3136 1273 3156 T
1293 3137 1310 3157 E
1329 3137 1346 3158 C
1365 3136 1382 3157 E
1403 3138 1416 3157 S
1434 3137 1447 3158 s
1466 3137 1486 3158 Ο
1503 3138 1523 3158 R
1540 3150 1550 3164 ‚
1592 3131 1656 3157 oris.
1701 3139 1737 3157 m.
1799 3127 1955 3164 [πρόδρομος
1968 3148 1976 3161 ,
2012 3128 2181 3165 νιῇροηγέμενυς,

77 3162 95 3191 fi
109 3170 154 3190 aut
168 3162 288 3190 manibus
299 3164 358 3198 quis
370 3164 549 3200 ingrediatur,
568 3173 613 3192 aut
624 3175 680 3193 non
693 3173 768 3199 ante,
789 3165 831 3192 sed
846 3171 927 3192 retro.
969 3167 1027 3193 Col.
1043 3170 1070 3200 6,
1127 3164 1261 3202 προηγητῆς
1275 3167 1332 3192 Vet.
1343 3166 1462 3200 Glossa.]
1500 3168 1552 3202 Qui
1565 3166 1696 3193 antecedit.
1734 3166 1806 3193 Hirt.
1822 3165 1854 3191 de
1862 3165 1927 3191 Bell.
1937 3165 1994 3190 Afr.
2012 3172 2038 3191 12
2057 3166 2180 3200 Interim,

55 3205 57 3228 ἔ
81 3207 94 3234 5
113 3201 148 3226 Vt
163 3205 188 3226 ct
202 3199 299 3234 aliquis
313 3203 389 3233 ante,
407 3200 434 3228 et
450 3210 465 3228 a
478 3207 554 3236 tergo
573 3203 722 3237 complures
737 3203 784 3238 qui
796 3203 955 3237 sequantur,
974 3203 1071 3229 retina·
1128 3211 1211 3237 quum
1224 3201 1278 3228 iam
1291 3203 1386 3229 Caesar
1398 3203 1545 3237 progressus
1560 3203 1619 3229 esset
1632 3211 1647 3229 e
1660 3202 1748 3229 castris
1761 3201 1868 3228 circiter
1886 3199 1970 3227 millia
1984 3201 2100 3235 passuum
2115 3201 2179 3234 tria,

63 3235 94 3263 ¹3·
107 3244 152 3262 eos
168 3235 329 3262 contineant.
1083 3241 1112 3270 85
1126 3246 1173 3272 per
1197 3237 1371 3272 speculatores
1395 3243 1422 3264 et
1442 3239 1610 3265 antecessores
1634 3238 1736 3273 equites
1759 3237 1898 3263 nuntiatur
1916 3236 2047 3271 ei,copias
2061 3236 2179 3264 hostium

12 3298 19 3308 ,.
54 3285 58 3306 ,·
68 3272 172 3300 ANTE
181 3278 211 3298 A.
239 3270 400 3310 Astu-,temp
418 3271 560 3307 [⁹¹35‘71evvv
578 3275 655 3308 προτὲ
663 3291 671 3305 ‚
692 3274 764 3310 πρὶν]
801 3274 869 3299 Ante
880 3272 923 3303 id,
936 3272 1072 3307 fi1‹e‚Ante
1129 3273 1199 3300 haud
1211 3273 1290 3311 longe
1304 3283 1319 3300 a
1330 3274 1382 3300 sese
1394 3274 1470 3300 visas.
1508 3274 1577 3301 Suet.
1593 3274 1623 3300 in
1634 3274 1723 3301 Vitell.
1737 3281 1766 3307 17
1783 3274 1935 3306 Irruperant
1947 3273 2000 3298 iam
2011 3273 2126 3307 agminis
2135 3282 2179 3299 an-

55 3316 57 3319 *
77 3306 196 3348 dtempus
208 3317 216 3333 .·
249 3309 317 3369 guali
332 3307 400 3333 Ante
412 3315 450 3333 ea.
505 3309 571 3343 l-lor.
584 3309 665 3344 Epod.
680 3319 717 3343 11,
739 3319 754 3336 2
776 3309 852 3341 Petti,
863 3308 932 3335 nihil
945 3318 996 3342 nie,
1006 3310 1071 3337 sicut
1127 3310 1262 3336 tecessores
1277 3315 1304 3336 et
1317 3309 1417 3345 fingula
1429 3310 1605 3337 rimabantur.
1783 3307 1803 3343 Ἴ
1824 3316 1840 3333 2
1862 3308 2026 3341 Anteceffor,
2042 3312 2115 3344 prior
2127 3319 2177 3335 ma-

110 3361 120 3376 ,
132 3343 213 3376 ,iuuat
266 3342 369 3369 cribere
380 3342 521 3369 versiculos
556 3345 654 3372 Amore
669 3345 816 3380 perculsum
831 3344 915 3379 graui.
953 3346 993 3372 Sic
1006 3347 1072 3373 Ora-
1146 3343 1265 3379 istratus,
1288 3348 1329 3372 cui
1339 3348 1404 3373 alter
1411 3345 1540 3382 succedit,
1558 3349 1602 3382 qui
1613 3347 1677 3372 alias
1691 3343 1812 3371 Decessor
1825 3343 1928 3370 dicitur.
1964 3344 2045 3371 Paull.
2058 3344 2076 3371 l.
2096 3352 2124 3377 55
2143 3345 2176 3371 D.

81 3392 110 3406 νῑ»
138 3379 232 3406 aesaris
240 3378 381 3411 adductus,
401 3378 473 3413 quod
486 3384 560 3405 antea
570 3386 694 3414 tacuerat,
701 3382 828 3416 proponit
845 3381 917 3406 Caes.
926 3380 953 3408 B.
962 3381 993 3407 G.
1002 3387 1023 3412 8,
1032 3390 1069 3417 17.
1127 3354 1158 3408 {e
1172 3381 1256 3408 Iudie.
1443 3379 1463 3418 fl
1485 3390 1498 3414 3
1518 3382 1710 3412 Antecessores,
1729 3382 1756 3405 in
1774 3379 1930 3412 Iustiniani,
1949 3384 2060 3407 oratione
2071 3380 2100 3406 de
2111 3382 2177 3406 iuris

71 3429 89 3451 ..ς
107 3423 173 3450 ,ιι-ι’.
186 3424 215 3448 3,
235 3423 279 3447 130
300 3423 321 3440 c.
337 3422 376 3449 57.
398 3415 463 3441 Non
476 3414 525 3441 hoc
539 3424 606 3442 nunc
618 3417 733 3450 primum
747 3417 821 3443 audit
835 3416 952 3450 priuatus
974 3416 1006 3443 de
1018 3417 1070 3444 ini-
1075 3430 1111 3455 90
1126 3417 1229 3444 docendi
1241 3419 1355 3450 ratione,
1374 3419 1478 3453 itemque
1492 3420 1519 3443 in
1532 3426 1589 3452 pro.
1605 3417 1688 3443 Instit.
1702 3421 1788 3446 vocat,
1803 3423 1862 3451 quos
1875 3418 1903 3441 in
1916 3415 1972 3442 ead.
1986 3417 2108 3442 oratione
2116 3416 2177 3442 Pro·

0 3468 23 3495 5„
40 3447 128 3489 4422<
135 3459 194 3478 reus
206 3449 240 3477 ab
253 3451 402 3479 accusatore
415 3461 421 3476 ε
457 3451 510 3477 13111
522 3457 598 3477 antea
610 3452 637 3478 in
650 3453 711 3479 sella
724 3453 813 3479 sedens
827 3453 942 3478 Praetor.
1013 3454 1070 3481 Cic.
1127 3453 1249 3486 sessores,
1269 3459 1294 3480 et
1309 3452 1449 3487 Magistros
1463 3453 1550 3487 legum
1564 3452 1686 3488 appellat.-
1722 3457 1752 3476 ot
1764 3453 1837 3477 etiam
1849 3450 2022 3486 Theophilus
2034 3455 2061 3477 in
2085 3451 2175 3478 Const.

38 3495 51 3535 ὁ
70 3478 123 3529 ᾧ*
135 3506 145 3520 ,
161 3488 178 3513 6
195 3487 242 3514 Te
261 3492 354 3519 antea,
371 3495 450 3521 ‘luam
472 3485 524 3512 tibi
547 3487 683 3514 successum
705 3489 781 3521 esset,
799 3488 961 3515 decessurum
985 3487 1069 3517 fuisse.
1127 3488 1159 3515 de
1171 3488 1273 3515 emend.
1287 3488 1396 3516 Codicis
1410 3489 1478 3515 iuris
1491 3488 1586 3515 doetor
1600 3493 1720 3519 vocatur,
1737 3486 1963 3523 praescribitur-que
1981 3491 2016 3514 iis
2031 3488 2107 3513 Orat.
2130 3487 2175 3513 cit.

20 3550 21 3553 ,
173 3525 245 3549 etiam
259 3531 298 3555 11,
318 3531 343 3555 13
362 3523 437 3549 Hora
451 3528 525 3549 antea
538 3522 696 3557 praesidium
711 3533 801 3551 melun
815 3523 972 3550 Pollentiam
986 3526 1069 3558 venit,
1125 3525 1186 3561 quid
1199 3534 1289 3560 quoque
1302 3534 1367 3551 mmo
1381 3524 1491 3551 doceant.
1647 3520 1668 3560 ff
1688 3532 1708 3556 4
1724 3522 1807 3549 Simili
1818 3525 1930 3554 ratione,
1941 3523 1991 3559 fid
2007 3530 2087 3549 tamen
2100 3529 2174 3557 puto,

9 3551 12 3561 '
42 3570 51 3595 ρ
85 3585 108 3594 ¹
202 3555 252 3586 Sed
260 3561 348 3594 optimi
379 3561 449 3594 uique
462 3564 530 3584 ante.
587 3558 645 3584 Cic.
653 3559 699 3595 sub
713 3560 766 3586 Att.
782 3567 821 3592 15,
841 3568 870 3593 14
890 3560 974 3585 Antea
987 3552 1068 3595 quum
1123 3571 1177 3587 cum
1188 3563 1381 3597 praerogatiuae
1399 3563 1467 3586 inter
1479 3559 1536 3586 colle
1554 3569 1583 3586 as
1596 3561 1734 3589 notatione,
1746 3556 1876 3594 Apostolos
1886 3562 2015 3594 principes
2028 3557 2176 3584 Tertullia-

12 3600 22 3606 ”
47 3618 51 3623 ⁴
102 3620 105 3624 ,
121 3622 125 3625 ,
167 3601 193 3620 a!
221 3594 304 3622 Attici
324 3602 360 3621 no
398 3595 424 3627 i,
446 3593 478 3621 de
501 3600 545 3620 tua
562 3595 677 3626 summa,
696 3601 741 3621 etc.
761 3596 860 3621 certior
882 3594 967 3621 factus
983 3597 1066 3623 essem.
1077 3607 1110 3633 93
1124 3605 1173 3623 nus
1187 3603 1260 3623 vocat
1276 3597 1468 3628 Antecessores,
1481 3602 1510 3622 vt
1523 3596 1542 3621 li
1565 3615 1570 3621 .
1585 3603 1598 3627 ς
1610 3593 1759 3620 adu.Mare.
1777 3595 1867 3628 Qrum
1876 3594 1979 3621 Paullus
1992 3594 2078 3625 sciret,
2086 3594 2175 3620 senon

87 3624 172 3662 -.Ἠῶ.
186 3638 213 3662 1,
229 3639 247 3663 9
277 3631 377 3665 Appius
401 3631 430 3657 in
451 3629 616 3657 sermonibus
635 3636 710 3656 antea
728 3629 882 3662 dictitabat,
901 3630 988 3664 postea
1000 3631 1068 3660 d-ixit
1123 3632 1153 3659 in
1166 3641 1279 3658 vacnum
1292 3632 1448 3664 cucurrisse,
1480 3640 1562 3666 quum
1573 3629 1693 3656 dexteras
1706 3629 1732 3656 ei
1746 3629 1838 3657 darent
1850 3631 2033 3656 antecessores:
2066 3635 2091 3655 et
2105 3628 2174 3656 lib-t

76 3663 157 3701 {fidili
165 3663 257 3692 Senatu
271 3666 365 3701 palam.
436 3667 494 3693 Cic.
508 3667 561 3693 Att.
576 3674 598 3698 13
607 3686 614 3698 ‚
635 3675 658 3698 13
687 3665 767 3699 Qiod
786 3666 817 3692 ad
839 3672 864 3692 te
879 3671 971 3700 antea,
991 3673 1069 3704 atque
1125 3669 1207 3695 Tunc
1220 3667 1337 3703 primum
1351 3677 1411 3694 cum
1425 3665 1625 3694 antecessoribus
1639 3665 1770 3700 Apostolis
1782 3665 1944 3693 conferebat.
1981 3666 2035 3691 Nec
2047 3673 2106 3691 vero
2116 3672 2175 3700 pro-

51 3715 53 3722 *
81 3696 183 3738 ,ψρΙίῦὶ
193 3701 288 3737 scripsi.
324 3702 362 3729 ld.
376 3703 433 3730 Att.
445 3711 484 3736 11,
503 3711 527 3735 13
549 3703 645 3737 Neque
660 3701 709 3728 hoc
723 3708 843 3736 tempore
855 3710 903 3728 nec
914 3708 989 3729 antea
1000 3710 1070 3739 pate·
1124 3703 1202 3730 bandi
1210 3723 1219 3736 ,
1239 3706 1282 3739 qui
1296 3704 1484 3730 Antecensores
1498 3700 1540 3735 effe
1552 3703 1573 3727 le
1592 3701 1679 3727 endum
1691 3701 1858 3734 contendunt,
1876 3710 1935 3738 quae
1948 3709 1997 3726 vox
2016 3701 2118 3727 Latinis
2130 3701 2173 3728 ho-

68 3733 229 3774 lffessu‘udium
248 3739 332 3766 suum.
420 3738 424 3741 ⁵
1125 3740 1236 3766 minibus
1255 3739 1362 3775 insolens
1380 3746 1404 3765 et
1421 3737 1537 3764 inaudita
1591 3756 1600 3769 ,
1620 3738 1679 3764 licet
1692 3736 1864 3772 Ἀντικῆνσωροι
1889 3738 1976 3773 vocari
1996 3735 2123 3762 videamus
2145 3739 2174 3762 in

77 3771 292 3802 ANT‘BACTV
302 3781 326 3801 s.
361 3774 455 3801 Partic.
491 3771 689 3810 [προδιοιχθεὶς]
718 3771 774 3807 fine
794 3771 884 3804 verbo,
906 3781 936 3799 ex
957 3773 1024 3801 Ante
1046 3776 1220 3804 et100Graeca
1235 3773 1384 3815 paraphrafi
1399 3771 1584 3807 Institutionum
1597 3772 1769 3800 Antecefforis
1783 3771 1859 3808 ipsius
1873 3780 1963 3807 quoque
1979 3771 2128 3807 Theophili,
2149 3778 2174 3798 et

26 3834 30 3841 .
53 3839 55 3841 ι
76 3802 144 3836 lule.v
163 3807 233 3836 modo
245 3818 294 3836 non
306 3807 401 3836 rel-‘iius
414 3809 512 3844 diuilim
519 3810 649 3846 scribatur
658 3829 666 3841 ,
686 3808 751 3844 quod
761 3808 869 3844 ιῘιιαλενε
888 3811 962 3834 etiam
982 3811 1069 3837 Poetae
1124 3810 1277 3846 Ἀντικένσωρ
1283 3813 1321 3845 Jit
1333 3809 1400 3846 apud
1410 3809 1567 3845 Hesychium,
1574 3815 1646 3844 atque
1658 3810 1722 3836 alios
1734 3811 1881 3835 recentioris
1892 3809 1984 3833 aetatis
1997 3807 2120 3837 Graecos,-
2131 3810 2174 3844 qui

10 3839 15 3847 ”
28 3841 32 3862 ἲ
50 3838 170 3881 {qm-¹
189 3845 254 3871 Nam
267 3844 332 3881 quod
342 3855 372 3872 ex
383 3845 451 3872 Sil'to
462 3854 497 3881 4,
513 3855 544 3879 30
563 3845 668 3872 laudant
680 3844 837 3878 Anteagitur
851 3844 949 3870 coniux
962 3854 969 3870 :
1003 3845 1069 3873 reffe
1123 3848 1247 3873 militares
1259 3849 1334 3872 etiam
1347 3847 1402 3872 illos
1414 3844 1592 3871 Antecetsores
1605 3845 1650 3872 boc
1661 3848 1757 3871 nomine
1768 3843 1900 3879 appellant.

23 3899 35 3920 Α
50 3876 227 3921 ῥὰῢθῑύῖιιᾞιη
246 3881 314 3907 Ante
327 3881 414 3916 agitur
426 3891 442 3908 a
455 3881 666 3908 Drakenborchio.
719 3880 776 3907 Cic.
799 3881 874 3906 Verr.
889 3888 916 3912 3,
933 3883 980 3913 146
1000 3890 1021 3907 c.
1034 3884 1068 3909 62
1163 3888 1364 3909 ANTECESS
1374 3887 1428 3913 10,
1446 3879 1513 3906 onis.
1533 3880 1564 3906 fu
1578 3879 1737 3916 [πρόβημα]
1773 3881 1828 3906 Cic.
1849 3877 1902 3905 Off.
1922 3886 1931 3904 1
1941 3897 1949 3910 ‚
1967 3886 1990 3904 11
2005 3886 2027 3905 e.
2043 3887 2062 3912 4
2075 3878 2172 3915 Conse-

24 3920 29 3926 *
70 3919 81 3950 '⁴
95 3911 117 3945 ¹l‘
125 3919 196 3948 putas
206 3916 295 3944 valere
307 3917 337 3943 in
357 3916 463 3944 iudiciis
483 3917 681 3949 coniecturam,
701 3916 770 3943 nihil
792 3915 982 3950 suspicionem,
999 3916 1068 3944 nihil
1126 3918 1236 3953 quentia
1263 3917 1362 3949 cernit,
1396 3916 1482 3942 causas
1501 3924 1592 3943 rerum
1610 3915 1705 3949 videt,
1727 3923 1870 3949 earumque
1892 3914 2037 3948 progressus
2056 3920 2082 3940 et
2100 3912 2170 3948 quasi

100 3946 162 3978 &ae
176 3949 247 3978 vitae
265 3952 496 3982 existimationem.
564 3954 596 3981 It.
617 3961 667 3988 pro
680 3953 764 3989 Marc.
777 3961 799 3981 c.
812 3961 821 3978 1
842 3951 970 3979 Frubhim
982 3954 1068 3980 omnis
1074 3962 1117 3989 105
1124 3953 1305 3982 anteceffiones
1317 3961 1373 3979 non
1388 3952 1502 4015 igriorat.
1563 3952 1596 3980 In
1615 3951 1726 3980 orbibus
1745 3949 1926 3978 concursiones
1938 3948 2172 4010 anteeeffionestque

158 3990 160 3993 ,
483 3992 486 3995 .
1459 3996 1475 4016 2
1513 3995 1533 4016 3
2138 3991 2171 4009 ic.
