2474 4182
21 86 89 125 945
293 50 295 52 Ι
419 70 453 109 C
531 69 566 109 L
646 69 687 108 A
1516 74 1549 112 C
1642 75 1677 114 L
1767 77 1807 114 Α
2073 84 2157 130 946

21 168 41 187 :t
54 160 201 187 clamatores
215 165 349 186 vocantur.
423 158 478 185 Cic.
492 154 563 185 Brut.
579 163 621 188 182
632 162 704 196 <⁶⁴49
725 157 779 190 Ego
794 161 879 183 tamen
895 157 930 184 ita
944 156 977 184 de
990 166 1055 184 vno.
1117 155 1260 190 conspicies
1276 165 1387 190 paruum
1403 159 1449 185 sub
1465 161 1571 194 pecctore
1586 163 1658 190 claro
1696 163 1881 190 Andromedae
1894 164 2001 197 lignum.
2049 169 2159 195 Clarum

20 205 124 231 quoque
136 195 235 227 dicam,
253 202 281 222 vt
295 194 408 229 intelligi
423 194 509 229 pollit,
528 203 606 227 quem
620 192 766 218 existimem
780 193 959 225 clamatorem,
974 203 1055 227 quem
1117 191 1222 227 pectus,
1244 193 1318 232 [Laod
1330 196 1357 219 in
1370 193 1487 226 ‹ostellat-
1499 197 1633 231 Jimsstm.
1706 201 1772 226 Hor.
1788 199 1839 226 Od.
1859 208 1881 232 3,
1896 208 1915 231 ι,
1930 206 1955 230 33*
1985 202 2159 235 Furpurarmn

16 231 239 259 'oratoremfuiss‘e.
276 231 414 264 Gell.19,9
433 231 566 257 Clamator
575 234 675 254 tantum
685 228 840 254 ctsacundia
855 230 1055 263 rabidaiurgio-
1118 227 1200 253 fidere
1228 228 1327 254 clarior
1345 230 1411 255 vsus.
1485 234 1550 257 Nam
1576 236 1698 268 epitheton
1718 239 1821 270 proprjg
1840 235 1873 261 agl
1898 237 2036 269 Plu-puram
2057 239 2160 272 risun-1⁴,

16 241 102 302 lsaque·
124 265 169 292 Sed
179 267 294 293 Martial.
306 276 341 299 12,
351 269 381 293 26
403 267 459 294 Nec
467 264 639 291 veuitablatis
653 264 780 289 clamator
787 265 997 297 vcrnalacernis‚
1006 272 1051 290 ctc.
1117 272 1164 288 non
1179 260 1211 302 est
1225 262 1333 303 dubium.
1388 266 1429 291 Sic
1449 266 1524 292 Lucr.
1540 276 1561 299 2,
1578 278 1607 299 50
1640 271 1696 296 Nec
1711 272 1810 297 clarum
1824 270 1900 296 vestis
1919 270 2087 304 splendorem
2102 283 2161 306 pur,

51 308 324 336 CLAM.‘V1'0R1VS,a,
334 312 387 329 um.
408 302 466 328 Adi.
485 298 649 334 [xpowymn's]
677 300 889 332 1⁷t‚Cla1n.-1t0ria
903 301 973 331 auis,
988 309 1055 334 quae
1117 307 1218 337 pureffli·
1292 301 1363 334 Virg.
1379 302 1442 326 Aen.
1457 310 1478 333 3,
1495 310 1537 334 519
1561 304 1610 329 Dat
1625 306 1723 331 clarum
1743 316 1757 332 e
1770 307 1850 341 puppi
1863 307 1988 340 Signum,
2013 309 2030 331 i.
2048 314 2076 332 ut
2089 316 2162 333 ettam

19 338 77 364 alias
91 337 177 364 Cliuia
190 347 204 364 a
218 338 340 365 Labeone
353 335 530 364 Prohibitoria
549 335 648 362 dicitur
678 335 743 361 Plin.
760 345 797 367 io,
814 345 850 370 ¹4·
923 337 1055 362 Clamato-
1117 335 1222 374 Seruius
1235 337 1416 370 interpretatur
1430 357 1437 367 ‚
1457 337 1579 363 l-‘aculam
1590 340 1720 373 eleuauit,
1748 350 1775 368 vt
1796 342 1924 368 Flammas
1937 351 1995 368 cum
2015 342 2088 375 regia
2100 351 2161 376 pup-

19 374 85 400 rimn
101 382 181 407 genus
192 374 310 401 laudatur
326 373 380 400 Cic.
395 372 505 405 QFrar.
522 379 543 402 3,
559 379 578 401 3.
615 370 661 397 Sal
673 373 726 397 mvl.
739 371 964 398 declamatorium.
1118 379 1157 404 pis
1182 370 1323 410 bxtiilerat.
1381 372 1511 405 Quine‘ul.
1532 381 1553 405 5,
1570 382 1596 399 12
1634 376 1663 400 ln
1682 378 1760 403 rebus
1779 386 1844 404 vcro
1864 378 1960 412 apertis
1985 379 2164 411 argumentari

55 414 71 434 C
83 414 130 435 LA
141 416 242 436 ΜΙΤΑ
254 417 274 436 Τ
285 417 337 441 10,
358 409 424 434 onis.
443 407 462 432 f.
501 406 581 432 Plaut.
597 407 711 433 Mostell.
728 416 747 440 ι,
765 416 784 440 1,
799 410 816 434 6
837 407 909 441 Qud
925 407 987 439 tibi,
1001 415 1053 432 ma-
1118 412 1171 431 tam
1186 408 1215 445 ut
1228 407 1352 439 stultum,
1380 417 1460 442 quam
1481 409 1509 434 in
1522 408 1688 436 clarillimum
1706 413 1793 438 Solcm
1815 414 1927 440 mortale
1947 414 2036 439 lumen
2055 413 2164 439 inferre.

20 445 71 470 lum
86 444 129 471 hic
144 451 203 471 ante
215 446 288 472 aedes
301 442 442 470 clamitatio
456 440 507 467 est?
1119 441 1175 467 Cic.
1190 449 1219 466 in
1233 442 1315 468 Arato
1330 451 1376 477 179
1400 444 1431 469 Et
1444 450 1535 470 tenues
1549 444 1641 470 Stellae
1655 446 1828 479 perhibentur
1842 450 1950 475 nomine
1965 449 2073 484 Aquari.
2113 449 2165 475 l-lic

52 485 69 505 C
79 487 156 507 LAM
167 483 185 507 (5
195 488 208 507 S
218 489 236 508 v
246 488 267 511 s,
281 489 304 512 a,
318 488 370 505 um.
390 477 450 503 Adi.
471 475 627 511 [κριυγώδης]
649 478 758 504 Clamore
766 476 911 513 obstrepens,
924 475 1055 512 Voctfera-
1073 477 1101 494 ¹0
1119 477 1186 502 aliae
1200 476 1314 503 volitant
1328 487 1411 511 paruo
1428 488 1486 505 cum
1501 479 1602 506 lumine
1609 480 1703 507 clarae.
1740 483 1814 509 Sidus
1829 484 1937 516 clarum,
1947 488 1963 510 i.
1975 485 2091 511 Lucidum
2105 485 2163 511 Sen-

16 505 66 547 lxor,
86 518 160 542 etiam
175 518 248 547 locus,
258 515 453 574 vhifreqluentcr
465 520 489 538 ct
502 514 603 539 multum
616 515 747 539 clamatur.
786 513 900 540 Martial.
917 518 974 545 ‚383
996 511 1054 538 Cla·
1119 512 1232 546 Hil‘POl·
1255 522 1312 545 410·
1370 515 1436 540 Hor·
1451 515 1501 541 Od-
1520 526 1547 549 4,
1563 522 1587 548 S,
1602 524 1624 547 31
1660 518 1767 543 Clarum
1781 519 1953 550 Tyndaridae
1969 520 2045 546 fidus.
2088 520 2163 556 (lons.

14 551 90 577 ,noso
109 558 247 578 reuocetur
259 560 273 577 a
285 549 361 583 magii
377 557 415 574 ro.
487 548 563 575 Auc‘t.
577 548 611 574 ail
621 550 718 575 Hcrcn.
740 558 762 581 3,
776 558 805 582 23
825 559 846 576 c.
861 558 884 581 13
908 548 1054 575 Continua·
1120 549 1187 574 Hor.
1202 547 1253 574 Od.
1267 557 1289 580 3,
1305 557 1324 580 1,
1340 553 1367 580 38
1402 551 1579 584 Purpurarum
1602 552 1683 578 fidere
1705 553 1802 579 clarior
1823 556 1889 581 rsus.
1966 556 2061 582 'I'cdae
2081 555 2165 582 clarae

10 602 14 615 ‚-
28 587 71 618 io,
93 587 128 613 est
140 587 268 613 orationis
282 584 455 612 enuntiandae
463 584 626 611 Acceleratio
638 585 758 611 clamosa.
815 584 945 618 Quinctil.
960 592 983 617 5,
998 592 1032 616 13,
1042 591 1054 609 2
1120 584 1232 610 coruscis
1247 584 1400 618 fulgoribus
1424 586 1528 612 Lucret.
1545 594 1566 619 5,
1583 592 1641 619 296.
1713 589 1818 615 Vitrum
1834 591 1949 623 clarum,
1983 595 2001 617 i.
2017 592 2166 618 Pcllucidum

12 623 13 629 ¹
29 621 146 648 ndirtha
161 622 231 655 fere,
247 627 323 655 atque
338 626 365 646 vt
379 619 411 646 lic
426 619 558 652 dixerim,
579 621 691 647 clamosa
704 620 787 647 actio:
801 621 862 657 fid,
880 627 907 646 vt
921 622 1056 646 monuimus
1120 619 1201 646 Ouid.
1217 620 1280 646 Met.
1295 629 1321 653 4,
1336 628 1388 653 355.
1546 621 1566 659 q
1589 631 1600 648 2
1637 623 1713 649 Clara
1733 624 1850 651 dicuntur
1863 636 1904 655 ω,
1919 636 1977 661 quae
1991 631 2056 653 omni
2068 628 2165 653 dubita-

12 655 15 688 ἶ
32 656 49 682 tl
60 665 110 683 eum
124 660 214 690 locum,
238 655 361 692 leg-endum
375 656 474 682 villam·
488 656 611 682 Dumosa.
686 657 758 682 Idem
773 658 798 688 6,
814 666 842 689 4,
858 664 882 688 15
913 656 955 682 Ne
970 655 1055 682 turbi-
1077 653 1101 680 ¹5
1120 659 1187 682 tione
1202 663 1304 689 carent,
1318 663 1341 682 et
1355 663 1392 682 na
1404 656 1537 691 mamsesta
1551 665 1622 693 atquc
1632 660 1703 685 Carta
1714 660 1787 695 fimf,
1802 668 1831 685 vt
1844 671 1878 690 m,
1890 672 1950 696 (lum.
1963 665 1989 688 i„
2003 665 2053 689 luc,
2071 671 2094 689 ,t
2102 663 2167 699 som.

13 708 14 711 =
34 701 62 718 us
77 700 102 719 ct
116 693 239 720 clamosus
252 698 352 717 tantum
372 692 399 718 lit
414 691 577 724 Altercator,
607 698 631 718 ct
644 693 733 726 quales
747 692 802 718 fere
818 693 886 723 sunt,
906 692 953 725 qui
966 692 1056 717 literas
1120 691 1203 731 ›miiir
1210 691 1290 726 posita
1299 692 1369 728 finit.
1427 692 1482 718 Cic.
1493 694 1565 718 verr.
1580 702 1602 725 5,
1616 703 1650 725 99
1671 696 1720 720 Res
1733 702 1789 721 erat
1803 696 1974 731 clara,uc‹1ue
1988 699 2073 724 solum
2088 708 2165 733 argu-

13 728 141 795 'pesciunn
176 729 265 755 quen.
279 728 330 753 Sat.
345 736 371 760 9,
389 737 436 761 ¹44
456 727 582 754 Securum
595 728 704 754 iubeant
717 728 832 753 clamoso
845 726 961 753 infisterc
975 728 1055 753 circo.
1122 734 1233 759 mentis,
1255 727 1298 754 sed
1310 727 1390 754 etiam
1403 729 1481 754 certis
1495 728 1603 754 testium
1620 730 1690 755 illius
1705 731 1814 757 audacia
1830 733 1974 758 tenebatur.
2032 734 2069 760 Id.
2090 736 2165 761 Verr.

30 764 114 790 ὀι-11111
127 763 266 790 clamosum
287 764 344 789 Seu.
355 765 434 789 Herc.
450 764 502 789 fur.
519 772 569 798 172.
636 763 753 789 Martial.
771 772 802 794 11,
817 772 851 795 99
872 763 929 788 Nec
944 762 1056 797 superba
1122 771 1147 795 2,
1186 783 1191 788 .
1230 783 1236 788 .
1273 764 1308 790 Vt
1323 764 1351 789 in
1365 772 1393 790 re
1407 769 1460 790 tam
1474 764 1560 796 clara,
1582 770 1633 790 tam
1648 768 1744 791 testata.
1802 769 1833 793 Et
1846 769 1921 794 Verr.
1938 777 1958 801 3,
1972 772 2000 794 61
2034 771 2110 796 Clara
2125 779 2165 796 res

12 789 15 817 i
31 799 118 826 lamoli
137 797 252 825 Lictoris
266 799 356 833 abiget
371 799 457 833 virga,
477 807 522 825 etc.
577 798 692 825 Suburra
706 799 818 824 clamosa
837 798 952 824 Martial.
968 807 1005 830 12,
1023 803 1056 828 18.
1122 798 1172 827 est,
1194 808 1273 832 quam
1287 799 1407 826 diffiturus
1423 800 1495 832 sum,
1516 805 1571 826 tota
1586 800 1675 826 Sicilia
1690 801 1861 829 celeberrima
1874 813 1951 838 atque
1963 805 2098 831 notiffima.
2137 808 2167 831 Et

14 800 165 868 ,theatrum
174 834 316 861 clamosum
339 836 400 861 Stat.
414 835 477 861 Silu.
493 843 545 867 3‚5‚
556 837 591 860 16.
627 834 695 860 Vrbs
710 834 819 860 Id.Silu.
832 844 860 867 4,
875 843 900 866 4,
916 839 949 863 18.
973 834 1007 860 ad
1019 841 1058 859 tu·
1074 829 1107 847 ²0
1121 842 1169 868 pro
1185 834 1259 860 Rosc.
1271 836 1347 862 Com.
1363 841 1375 865 8
1390 845 1410 861 c.
1426 844 1438 867 3
1460 836 1515 870 Ego
1529 844 1595 870 quae
1608 836 1676 862 clara
1690 837 1747 862 sunt
1760 839 2064 870 consuetudine,diutius
2080 841 2167 867 dicere

14 869 111 913 ³inultum
122 868 334 906 Ji'gnificamium,
355 874 396 902 cu(
408 874 476 907 quies
489 870 583 904 rustica
596 872 737 905 opponitur.
1123 878 1177 895 non
1192 870 1285 896 debeo.
1360 873 1414 897 Huc
1428 872 1511 906 refero
1526 875 1600 898 etiam
1619 873 1666 898 Cic
1679 873 1732 898 Att.
1747 874 1773 904 6,
1788 880 1855 911 9121:
1882 876 2032 902 Admiratus
2049 877 2103 902 sum
2116 897 2123 908 ,
2140 885 2166 903 rt

47 910 64 931 C
76 911 92 930 1.
102 912 123 931 A
133 912 158 932 Μ
170 913 189 932 o
200 913 248 932 813.
269 906 336 933 Adu.
372 906 503 940 Qunctil.
517 915 549 939 ιι,
564 914 586 938 3,
599 913 632 938 45
662 905 781 931 Vitemus
795 904 877 939 igitur
892 903 975 936 illam,
989 913 1057 939 quae
1122 905 1180 931 vidi
1201 905 1363 940 obsignatam
1389 907 1527 941 epistolam
1542 928 1550 940 ,
1581 907 1741 934 breuitatem
1771 916 1827 934 eius
1841 918 1848 938 3
1883 916 1911 934 vt
1946 912 2050 944 aperui,
2079 913 2167 938 rut-sus

16 943 18 947 ’
37 949 110 967 raece
135 944 257 972 μονοτονίω
288 949 413 975 vocatur,
437 951 487 968 vna
501 942 606 976 quidem
624 941 727 975 spiritus
741 950 768 967 ac
781 941 839 967 soni
854 941 985 972 intentio,
1003 949 1057 966 non
1121 941 1240 973 σύγχυσιν
1268 942 1453 975 literularum,
1478 952 1545 978 quae
1561 943 1642 970 solent
1661 950 1721 970 tuae
1740 943 1965 978 compositissimac
1979 953 2003 972 et
2019 947 2169 973 clarillimae

11 976 96 1003 ·olum
115 986 147 1003 ne
165 976 282 1004 dicamus
301 979 391 1004 onmia
406 978 534 1010 clamose,
562 977 634 1012 quod
650 978 770 1003 insanum
783 977 837 1003 est:
870 983 914 1002 aut
934 977 1003 1002 intra
1018 976 1056 1001 lo·
1122 977 1186 1008 effe,
1216 981 1234 1003 ι’.
1250 977 1394 1013 facillimae
1412 979 1445 1004 acl
1464 980 1598 1015 legendum.
1669 980 1725 1006 Cic.
1746 980 1775 1006 in
1788 979 1867 1006 Catil.
1885 989 1902 1010 1,
1917 983 1932 1006 6
1949 990 1969 1006 c.
1986 990 1997 1011 3
2029 982 2098 1007 Luce
2112 984 2170 1009 sunt

16 1027 19 1046 ς
33 1011 112 1039 uendi
125 1013 250 1046 modum,
272 1014 344 1049 quod
357 1020 431 1040 motu
444 1021 526 1040 caret:
547 1020 607 1045 aut,
626 1020 672 1039 etc.
1073 1005 1104 1030 25
1122 1013 1235 1038 clariora
1255 1013 1333 1039 nobis
1355 1021 1399 1040 tua
1412 1015 1529 1041 Conlilia
1542 1016 1641 1041 omnia.
1698 1015 1770 1042 Idem
1785 1015 1818 1042 de
1832 1016 1889 1042 Fin.
1908 1025 1926 1048 1,
1941 1024 1969 1050 71
1983 1017 2059 1042 evit.
2088 1018 2113 1043 Si
2130 1027 2170 1049 ca,

49 1053 66 1074 c
78 1055 125 1075 LA
135 1056 179 1075 Nc
190 1058 207 1075 v
220 1056 280 1082 Lo,
312 1056 532 1081 cmxcvtvzu,
559 1054 804 1075 CLANDI-*smum
815 1067 823 1080 ,
848 1047 899 1074 vid.
922 1052 1020 1072 CLAM.
1123 1057 1190 1083 quae
1205 1048 1273 1081 dixi,
1293 1049 1352 1075 Sole
1366 1051 1423 1085 ipso
1437 1051 1583 1078 illustriora
1598 1058 1623 1077 et
1636 1052 1751 1078 clariora
1765 1052 1832 1078 sunt.
1905 1051 1986 1085 Qiod
2001 1052 2036 1077 cst
2050 1052 2107 1078 luce
2121 1054 2171 1079 cla-

47 1084 210 1111 C'LANGO
225 1105 233 1117 ,
265 1086 327 1118 uxi,
353 1089 405 1112 ere.
450 1084 592 1118 [κλαίγγω]
640 1084 744 1111 Verbum
764 1084 868 1119 cijno
887 1082 939 1118 ipso
952 1080 1055 1117 ficlum,
1122 1084 1178 1110 rius
1204 1084 1243 1110 Id.
1265 1084 1348 1112 Tusc.
1369 1095 1388 1119 1,
1412 1088 1461 1112 116.
1679 1085 1700 1124 fl
1720 1096 1732 1120 3
1770 1087 1818 1114 Sed
1830 1090 1904 1113 etiam
1920 1088 2172 1124 nds0711‹m›·tj}'›·tus¹

45 1128 95 1153 em,
116 1122 184 1146 uelut
191 1119 326 1157 stafilum,
344 1125 362 1147 ι’.
382 1122 527 1152 tremulum,
544 1127 567 1146 et
582 1119 845 1156 crebrumstgnficare
859 1119 965 1144 videtur.
1002 1119 1055 1144 Au-
1120 1121 1274 1147 vehementer
1286 1122 1423 1158 ferientem
1438 1132 1510 1149 aures
1531 1130 1554 1148 et
1568 1123 1752 1158 penetrabilem.
1815 1124 1865 1156 Vt,
1882 1124 1959 1150 Clara
1981 1124 2095 1150 lamenta
2113 1124 2169 1150 Sen.

26 1155 70 1182 lor
85 1155 245 1183 Philomelae
257 1162 288 1187 28
317 1158 386 1183 Dum
398 1156 520 1191 clangunt
533 1155 654 1191 aquilae3
681 1157 771 1182 vultur
790 1155 898 1189 pulpare
916 1153 1054 1188 probatur.
1121 1156 1232 1191 Hippol.
1250 1165 1285 1183 12.
1356 1158 1465 1185 Clamor
1479 1158 1563 1184 clarus
1588 1159 1670 1185 Plaut.
1684 1160 1761 1186 Poen.
1777 1166 1799 1192 5,
1814 1168 1837 1192 3,
1853 1166 1895 1194 27.
1967 1160 2089 1186 Latratus
2109 1160 2174 1186 clari

36 1191 105 1218 ccius
118 1193 184 1227 apud
192 1193 296 1224 Non.6,
305 1195 336 1223 86
364 1193 446 1218 Simul
462 1199 487 1219 et
498 1192 597 1218 circum
610 1201 703 1226 magna
719 1190 871 1217 sonantibus
885 1190 975 1216 Excita
989 1190 1056 1215 saxis
1075 1191 1107 1215 ΞΟ
1122 1192 1203 1219 Ouid,
1218 1193 1283 1219 Met.
1298 1201 1332 1225 13,
1345 1196 1404 1224 306,
1476 1194 1549 1220 {dem
1565 1195 1629 1221 Met.
1644 1205 1672 1228 4,
1688 1201 1726 1227 138
1748 1196 1868 1221 Percutit.
1876 1195 2000 1230 indignos
2014 1196 2086 1222 clm-0
2100 1196 2174 1222 plan-

25 1236 88 1253 aeua
101 1227 216 1254 sonando
229 1229 338 1263 Crepitu
354 1228 490 1262 clangente
503 1228 666 1254 cachinnant.
709 1226 776 1254 Illud
786 1232 905 1261 apparet,
928 1224 1055 1261 tempesta·
1119 1237 1183 1263 goi-e
1198 1228 1320 1255 lacertos
1391 1229 1473 1256 Plaut.
1488 1230 1557 1256 Assn.
1573 1231 1644 1257 Grex
1661 1234 1678 1257 6
1700 1232 1800 1258 Remur
1813 1232 1950 1266 impetrari
1963 1233 2048 1266 poss‘e,
2068 1231 2086 1258 fi
2100 1233 2174 1258 Plau-

36 1273 59 1288 m
73 1263 185 1299 describi.
255 1264 337 1290 Flatc-
353 1265 451 1298 Afgon-
473 1273 494 1296 3,
515 1272 565 1296 ²349
590 1265 651 1290 Ter
664 1262 801 1289 1¹¹l¹0rruit
817 1260 909 1288 aether
945 1261 1055 1291 Lufftifl-
1120 1265 1177 1290 sum
1191 1264 1224 1290 fic
1237 1265 1337 1290 clarum
1351 1264 1428 1291 datis.
1482 1267 1522 1292 Sic
1542 1265 1651 1300 Signum
1667 1266 1767 1293 clarum
1785 1267 1848 1294 dare
1873 1268 1955 1294 Plaut.
1971 1268 2054 1294 Calin.
2069 1268 2136 1302 prol.
2153 1277 2173 1300 3.

27 1308 72 1325 um
86 1300 219 1335 clangente
231 1299 302 1326 tuba.
345 1300 448 1326 Verbum
461 1310 554 1326 rarum.
705 1316 706 1319 =
914 1328 928 1333 Ν
1118 1303 1137 1326 i.
1153 1299 1282 1326 Plaudere.
1335 1301 1417 1327 Aliud
1443 1301 1551 1328 Clarum
1565 1303 1674 1336 Signum
1689 1313 1713 1329 v.
1727 1313 1750 1328 n.
1767 1312 1785 1330 1.
1858 1303 1990 1336 Quinetil.
2006 1309 2029 1336 8,
2044 1313 2066 1336 3,
2084 1307 2112 1330 16
2140 1305 2173 1330 Vt

49 1340 67 1361 C
77 1341 183 1363 LANG
193 1342 255 1368 OR,
280 1335 343 1362 oris.
368 1345 404 1362 m.
441 1334 560 1369 [κλαγγή
583 1334 718 1366 σάλπιγγος
736 1334 796 1359 Vet.
811 1332 891 1359 Gloff.
913 1334 973 1366 ἦχος
991 1332 1053 1360 eo&-
1121 1335 1240 1367 Syllabac
1253 1344 1267 1360 e
1281 1335 1368 1362 literis
1383 1337 1477 1362 melius
1484 1338 1640 1364 sonantibus
1654 1338 1779 1365 clariores
1793 1339 1851 1364 sunt
1866 1350 1870 1365 z
1896 1340 1932 1365 ita
1946 1339 2028 1366 verba
2043 1349 2056 1365 e
2069 1339 2174 1372 syllabis

32 1381 96 1403 ιγγος
111 1371 170 1405 Id.]
189 1372 280 1398 Auium
290 1371 445 1407 quarundam
459 1374 568 1406 ενι-1911111
579 1370 756 1406 &frequenter
770 1370 848 1396 Sonus
861 1368 939 1394 tubae.
979 1369 1054 1404 Virg.
1075 1371 1103 1396 35
1120 1371 1204 1405 magis
1217 1370 1330 1396 vocalia.
1404 1373 1508 1398 Lucret.
1524 1384 1551 1406 4,
1566 1381 1609 1408 571
1636 1374 1781 1408 Oblignans
1795 1375 1910 1400 formam
1934 1375 2040 1407 verbis,
2061 1376 2174 1402 clarum-

39 1415 79 1432 cn.
98 1415 124 1437 2,
143 1415 181 1440 3¹3
210 1408 336 1434 Exoritur
350 1407 501 1441 clamorque
517 1405 621 1437 virum,
641 1406 801 1439 clangorque
822 1404 955 1431 tubarum.
991 1405 1053 1431 Liu.
1121 1416 1172 1441 que
1181 1408 1319 1433 Sonorem.
1384 1407 1466 1434 Tuba
1481 1408 1567 1439 clara,
1602 1411 1764 1445 Altesonans
1795 1410 1868 1443 Virg.
1882 1411 1947 1436 Aen.
1963 1418 1985 1443 5,
1999 1419 2049 1443 139.
2117 1412 2174 1437 Cic.

46 1450 77 1473 39
96 1442 192 1477 Aquila
206 1451 300 1477 magno
315 1443 436 1476 clangore
447 1443 570 1476 volitans.
624 1441 679 1467 Cic.
694 1449 726 1467 cx
746 1441 875 1473 Aeschylo
889 1441 972 1467 Tusc.
988 1449 1008 1473 1,
1024 1448 1055 1474 25
1120 1451 1169 1477 pro
1179 1443 1325 1468 Caecin.22
1345 1442 1512 1477 Seruumque
1527 1445 1601 1469 suum
1617 1446 1726 1470 nominc
1741 1444 1903 1471 Antiochum
1919 1445 1951 1472 ad
1967 1447 1991 1472 se
2004 1446 2126 1477 vomuit,
2150 1452 2176 1473 et

28 1496 35 1502 .
52 1485 80 1503 ιο
100 1477 129 1504 de
140 1488 162 1504 az
173 1479 238 1511 uita,
257 1479 334 1505 Tum
346 1479 435 1504 iecore
451 1478 543 1512 opimo
556 1477 624 1504 farta
636 1483 662 1503 et
675 1477 765 1503 satiata
780 1476 880 1503 affatim
893 1477 1055 1511 clangorem
1121 1479 1191 1505 clara
1206 1480 1276 1505 Voce
1289 1479 1447 1512 imperauit,
1470 1486 1498 1505 vt
1513 1488 1574 1505 euin
1584 1499 1591 1511 ,
1611 1486 1656 1505 stc.
1729 1481 1801 1507 Voce
1821 1481 1890 1507 clara
1909 1481 1998 1507 dicere
2037 1482 2111 1508 Idem
2127 1491 2177 1516 pro

34 1512 100 1539 indit
113 1522 144 1540 va
169 1522 213 1539 um
227 1521 272 1540 etc.
344 1514 451 1540 Sueton.
466 1513 568 1545 Domit.
591 1515 608 1539 6
635 1513 750 1539 Statuam
764 1513 861 1547 Aquila
877 1513 1057 1547 circumplexa
1120 1515 1226 1541 Cluent.
1241 1524 1262 1541 c.
1277 1519 1318 1548 48.
1390 1514 1513 1541 Clariore
1535 1516 1606 1542 Caes.
1625 1517 1651 1542 Β,
1667 1517 1698 1542 G.
1714 1523 1736 1549 5,
1749 1525 1789 1549 30.
1844 1518 1917 1543 Voce
1931 1517 2067 1544 clariffima
2087 1517 2177 1545 dicere

7 1572 9 1575 .
28 1548 118 1581 emus,
137 1548 263 1575 clamores
278 1549 426 1576 laetillimos
439 1548 533 1576 edidit.
605 1549 738 1575 Columel.
752 1553 775 1581 8,
792 1557 816 1581 13
847 1549 917 1575 Nam
933 1549 1056 1583 clangore
1066 1549 1103 1574 40
1120 1551 1176 1578 Cic.
1190 1559 1239 1585 pro
1252 1550 1330 1577 Sulla.
1368 1569 1374 1576 .
1413 1570 1418 1576 .
1491 1552 1563 1577 Voce
1584 1551 1719 1578 thffjffima
1739 1551 1861 1586 profiteri
1892 1553 1964 1579 Idem
1983 1552 2066 1580 Tusc,
2081 1562 2104 1586 ς,
2127 1563 2175 1587 1¹9³

27 1583 98 1610 rodit
110 1583 284 1611 infidiantem.
319 1587 358 1612 De
369 1585 463 1621 ansere.
496 1585 563 1611 Plin.
580 1589 614 1614 18,
626 1592 654 1617 35
677 1585 708 1610 Et
722 1585 827 1611 Fulicae
840 1583 973 1611 matutino
985 1585 1056 1611 elan·
1122 1584 1142 1623 ‘J
1163 1595 1181 1619 4
1219 1586 1311 1612 Clarus
1321 1606 1328 1618 ,
1365 1587 1517 1620 [snio-niues,
1535 1587 1668 1621 γνώριμος]
1706 1589 1754 1614 Pro
1772 1588 1868 1624 Insigni
1880 1596 1954 1624 atque
1969 1589 2098 1615 excellenti
2110 1593 2176 1616 acci-

44 1628 80 1646 re.
152 1620 246 1647 Claud.
264 1620 297 1647 de
315 1621 413 1647 Phoen.
433 1629 466 1654 45
499 1621 551 1646 Hic
566 1620 650 1652 sedet,
670 1626 695 1646 ct
715 1621 797 1646 solem
814 1620 914 1646 Blando
931 1620 1055 1654 clangore
1115 1625 1201 1658 pitur,
1221 1629 1244 1648 et
1259 1631 1294 1654 eo,
1309 1625 1353 1657 qui
1366 1624 1445 1648 veluti
1452 1623 1559 1659 fulgore
1575 1623 1679 1658 quodam
1687 1624 1777 1659 famae
1790 1624 1937 1660 resplendet,
1958 1632 1988 1651 vt
2006 1632 2088 1661 nempe
2102 1629 2177 1651 etiam

36 1655 110 1682 lutat.
182 1656 243 1683 Sta.
256 1656 349 1689 Theb.
365 1665 386 1689 5,
400 1665 423 1689 13
451 1656 479 1682 de
495 1656 605 1682 Gruibus
629 1656 693 1682 Illae
706 1656 828 1690 clangore
842 1656 939 1689 Fugaci
960 1657 1056 1690 (simul
1121 1658 1225 1684 Lumen
1234 1677 1242 1691 ‚
1267 1659 1342 1690 Lux,
1368 1658 1482 1684 Illustris
1491 1678 1499 1690 ,
1520 1658 1646 1692 etJimz'lm
1659 1662 1773 1691 novum,
1797 1670 1858 1695 quae
1872 1660 1906 1686 ml
1916 1662 1997 1687 oculos
2004 1665 2109 1697 proprie
2116 1668 2176 1696 per—

28 1692 122 1718 *leriter
139 1692 272 1726 volantes)
301 1691 400 1719 Vmbra
414 1692 489 1718 fretis
503 1693 627 1726 aruisque
641 1691 741 1717 volant.
799 1693 837 1717 De
851 1691 939 1717 iisdem
959 1691 1053 1718 Theb.
1120 1696 1210 1721 tinent.
1281 1694 1338 1720 Cic.
1352 1693 1384 1720 de
1400 1694 1456 1720 Fin.
1473 1703 1493 1726 1,
1531 1713 1536 1720 .
1576 1712 1582 1720 .
1621 1712 1627 1721 .
1665 1695 1751 1721 Claris
1765 1702 1791 1721 et
1804 1695 1921 1723 fortibus
1935 1697 2002 1723 viris
2013 1705 2177 1723 commemo-

41 1747 49 1759 ‚
63 1735 106 1761 517
126 1727 208 1754 Tunc
221 1727 310 1754 Hilari
323 1727 444 1762 clangore
459 1728 559 1753 sonant.
604 1726 730 1752 Lueiitici
744 1726 880 1761 clangores
893 1727 972 1754 tubae
991 1728 1053 1754 Stat.
1072 1723 1106 1749 45
1120 1729 1218 1756 randis.
1292 1730 1360 1755 Hor.
1375 1730 1455 1764 Epist.
1470 1738 1490 1762 1,
1504 1738 1530 1763 7,
1545 1732 1582 1763 46
1636 1730 1760 1757 Strenuus
1774 1737 1799 1757 et
1812 1732 1907 1764 fortis,
1926 1732 2061 1768 causisque
2076 1733 2177 1767 Philip.

43 1762 103 1789 heb.
118 1770 156 1794 ιο,
170 1765 228 1796 546.
284 1764 385 1790 Raucus
403 1763 448 1790 Sil.
463 1765 501 1795 16,
516 1771 560 1796 94.
614 1762 711 1789 Saeuus
730 1763 819 1790 Valer.
834 1764 934 1797 Argon.
950 1774 979 1797 4,
994 1771 1053 1798 579.
1121 1774 1167 1799 pus
1181 1763 1289 1799 agendis
1326 1765 1428 1791 Clarus.
1501 1766 1604 1792 Decore
1616 1766 1701 1792 clarus
1722 1766 1803 1793 Ouid.
1817 1769 1881 1794 Met.
1895 1775 1929 1801 12,
1944 1773 1995 1801 189.
2064 1769 2115 1795 Vir
2128 1778 2176 1795 no·-

36 1798 68 1824 ic.
84 1799 116 1825 de
127 1799 219 1827 Diuin.
239 1806 266 1830 2,
280 1801 309 1830 63
328 1808 350 1824 c.
368 1807 400 1831 30
425 1800 501 1832 Qios
514 1798 596 1833 pullos
618 1807 678 1824 cum
697 1801 781 1834 aquila
798 1800 965 1825 consumeret
981 1801 1056 1831 ocio,
1121 1801 1184 1828 bilis
1198 1807 1223 1826 et
1238 1801 1323 1827 clarus
1336 1809 1367 1826 cx
1383 1800 1505 1828 doffirina
1524 1802 1580 1828 Cic.
1596 1811 1644 1836 pro
1659 1802 1749 1829 Rabir.
1764 1803 1849 1830 Posth.
1864 1812 1903 1835 23.
1976 1805 2073 1831 Forma
2088 1805 2176 1832 claris*

39 1843 89 1861 ona
109 1834 186 1868 super
200 1834 315 1860 tremulo
334 1835 450 1869 genitrix
471 1834 594 1869 clangore
612 1833 731 1861 vocabat.
804 1835 885 1861 Poeta
903 1834 1008 1862 Astron.
1023 1834 1056 1861 de
1122 1837 1216 1868 fimus,
1237 1836 1265 1863 ob
1274 1836 1388 1872 formam
1406 1837 1487 1864 Ouid.
1502 1838 1567 1863 Met.
1581 1846 1608 1870 4,
1623 1846 1681 1872 793.
1747 1839 1850 1865 Genere
1865 1847 1891 1865 et
1902 1839 1979 1866 faffls
1994 1841 2093 1873 clarus,
2113 1842 2175 1867 Liu.

42 1869 114 1896 feotu
125 1869 203 1896 lunae
216 1876 256 1905 ap.
270 1869 410 1897 Pithoeum
428 1880 453 1905 p.
467 1878 510 1903 523
1123 1881 1149 1905 9,
1187 1893 1193 1899 .
1234 1892 1239 1898 .
1293 1873 1349 1899 Cic.
1364 1872 1396 1898 de
1409 1874 1483 1899 Orat.
1500 1881 1522 1904 2,
1538 1881 1577 1905 153
1591 1882 1611 1898 c.
1627 1881 1658 1907 37
1684 1874 1763 1899 Certe
1776 1883 1830 1900 non
1844 1875 1905 1901 tulit
1919 1876 1987 1902 vllos
2002 1876 2065 1902 haec
2080 1877 2175 1903 ciuitas

112 1904 330 1940 Vincibilemque
347 1907 414 1941 petit
432 1906 583 1940 clangorem
597 1905 704 1940 Quippe
719 1914 766 1940 per
779 1904 899 1933 aethram
1072 1901 1104 1927 50
1123 1913 1168 1935 aut
1180 1908 1268 1943 gloria
1280 1909 1421 1941 clariores,
1446 1915 1491 1934 aut
1505 1908 1665 1934 a11&oi·itate
1681 1910 1836 1943 grauiores,
1859 1918 1903 1937 aut
1925 1911 2089 1939 humanitate
2107 1913 2176 1947 poli-

114 1942 176 1975 Qia
188 1942 294 1968 citimus
307 1942 383 1968 limes
395 1941 518 1977 dispescit
530 1940 636 1968 turbida
650 1941 722 1976 puris
1121 1945 1204 1971 tiores
1231 1945 1256 1970 P.
1272 1944 1417 1975 Africano,
1440 1945 1469 1969 C.
1488 1943 1596 1975 Laelio,
1623 1944 1653 1970 L.
1669 1945 1761 1971 Furio.
1834 1946 1901 1972 Plin.
1916 1947 1994 1981 Epist.
2007 1956 2033 1979 2,
2051 1956 2085 1980 13,
2099 1958 2118 1981 4
2152 1949 2176 1974 Is

112 1977 247 2007 lnuiolata
264 1984 341 2004 meat.
1120 1981 1173 2007 erit
1187 1980 1323 2005 Voconius
1338 1979 1416 2005 Rom.
1427 1985 1501 2013 pater
1521 1979 1547 2005 ei
1562 1980 1592 2005 In
1607 1980 1722 2014 equestri
1736 1980 1817 2015 gradu
1833 1982 1928 2015 clarus,
1942 1983 2040 2009 clarior
2053 1984 2176 2016 vitricus,

33 2011 151 2039 incibilis
167 2012 288 2047 clangor,
319 2013 434 2039 Vlulatus
446 2010 480 2046 est
498 2019 522 2040 et
527 2010 652 2048 strepitus
664 2013 829 2048 tumultusque
851 2013 977 2039 bominum
989 2012 1055 2039 labo·
1122 2016 1208 2041 immo
1221 2020 1296 2048 pater
1310 2012 1386 2040 alius.
1432 2014 1506 2041 Idem
1521 2015 1600 2049 Epist.
1617 2024 1636 2047 1,
1651 2025 1679 2041 10
1712 2017 1790 2043 Socer
1803 2018 1945 2052 Pompeius
1958 2019 2094 2052 Iulianus,
2116 2029 2177 2046 cum

29 2051 79 2074 mci
91 2048 164 2074 lunae
175 2047 292 2086 aduersus
305 2048 422 2085 veneficia
435 2050 625 2084 opitulantiam,
635 2048 799 2084 fiisurrosquc
817 2052 926 2083 magicos
933 2048 1056 2082 fiaeperan-
1092 2075 1103 2082 ,
1120 2056 1224 2076 caetera
1237 2050 1308 2082 vita,
1335 2056 1394 2076 tum
1406 2051 1448 2076 vel
1463 2050 1514 2076 hoc
1527 2060 1582 2077 vno
1597 2060 1706 2086 magnus
1725 2058 1750 2079 et
1764 2052 1849 2080 clarus
1863 2054 1936 2089 quod
1952 2055 2006 2089 ipse
2019 2056 2176 2090 prouinciae

32 2093 88 2116 um,
108 2091 138 2109 vt
155 2082 222 2111 reae
241 2085 388 2111 Turnebus
407 2085 474 2110 Adu.
495 2093 518 2116 3,
539 2092 575 2116 19.
648 2084 718 2109 Dare
732 2083 883 2116 clangorem
913 2083 959 2108 Sil.
972 2091 1000 2114 4,
1013 2087 1052 2111 118
1074 2075 1101 2101 ⁵³
1120 2086 1242 2121 princeps
1268 2100 1314 2104 —
1341 2094 1468 2120 generum
1487 2095 1541 2113 non
1556 2086 1706 2114 honoribus
1720 2089 1868 2124 principem
1883 2090 1926 2117 sed
1937 2091 2073 2126 sapientia,
2088 2091 2176 2126 elegit.

32 2128 39 2144 .’
51 2120 154 2154 Aquila.
207 2120 310 2146 Raucus
322 2120 443 2146 stridenti
451 2127 589 2145 murmure
602 2118 710 2151 clangor
722 2118 854 2152 increpuit
872 2117 946 2144 Idem
960 2119 998 2150 16,
1012 2126 1053 2150 94.
1119 2121 1275 2148 Nobilitate
1286 2122 1333 2148 sua
1346 2122 1417 2148 clara
1431 2122 1527 2149 domus
1547 2124 1629 2150 Ouid.
1643 2124 1723 2158 Epist.
1738 2131 1776 2159 17,
1792 2134 1830 2158 52.
1873 2127 1987 2161 Origine
2008 2127 2081 2154 Idem
2094 2127 2176 2162 Epist.

43 2154 161 2189 procella.
229 2155 337 2189 Mugire
357 2163 405 2189 per
422 2154 529 2181 aethera
546 2154 625 2180 tubae
643 2153 751 2188 clangor
764 2153 860 2180 dicitur
893 2154 966 2188 Virg.
989 2154 1055 2180 Aen.
1120 2165 1159 2190 19,
1175 2164 1233 2192 147.
1288 2158 1362 2192 Virg.
1378 2159 1443 2184 Aen.
1459 2167 1479 2190 1,
1496 2167 1543 2191 554
1579 2159 1759 2195 Troianoque
1773 2169 1787 2188 a
1803 2162 1926 2195 sangnine
1940 2163 2026 2189 clarus
2062 2163 2175 2189 Acestes.

51 2190 106 2222 526.
161 2191 200 2216 De
219 2191 305 2217 auibus
321 2190 395 2218 Idem
414 2191 479 2217 Aen.
500 2199 524 2223 3,
543 2192 589 2216 226
624 2190 656 2216 Et
677 2190 778 2224 magnis
801 2189 926 2225 quatiunt
948 2189 1054 2225 clango-
1119 2193 1254 2227 Sapientia
1268 2193 1353 2219 clarus
1368 2194 1486 2220 Socrates
1507 2194 1573 2220 Plin.
1589 2201 1615 2228 7,
1632 2203 1668 2227 19.
1739 2197 1770 2221 In
1783 2205 1813 2222 ea
1826 2197 1936 2224 scienda
1951 2197 2083 2224 clarissimi
2098 2198 2175 2226 Idem

15 2258 18 2259 .
34 2224 81 2251 bus
100 2224 162 2252 alas.
197 2235 202 2238 ·
971 2256 974 2257 .
1118 2231 1160 2261 36,
1176 2235 1199 2260 5.
1235 2227 1351 2263 Scientia
1364 2228 1513 2255 medicinae
1526 2228 1678 2256 clariffimus
1693 2230 1869 2265 Hippocrates
1894 2232 1932 2259 Id.
1947 2240 1979 2265 11,
1991 2241 2017 2268 7.
2118 2231 2139 2272 fl
2160 2242 2175 2267 ς

42 2267 60 2287 c
71 2267 148 2288 LAN
158 2267 230 2289 ivs.
265 2261 278 2295 [
291 2261 411 2296 Κλιίνης]
447 2262 550 2288 Flauius
567 2261 715 2297 Campaniae
734 2263 807 2287 iuxta
827 2263 941 2288 Acerras
961 2261 1054 2288 vrbem.
1075 2255 1110 2281 ⁶0
1119 2262 1295 2296 Substantiua,
1316 2263 1404 2298 quibus
1417 2265 1462 2290 hoc
1475 2265 1606 2299 Epitheton
1621 2265 1759 2293 adiicitur:
1796 2267 1911 2294 Achilles
1926 2269 2028 2302 clarus,
2049 2269 2101 2296 vid.
2123 2273 2140 2297 s.
2154 2270 2173 2299 l.

32 2296 82 2331 irg.
97 2297 194 2332 Georg.
209 2306 234 2330 2,
250 2298 349 2330 225‘Et
363 2297 454 2324 vacuis
467 2298 575 2324 Clanius
589 2306 643 2323 non
657 2306 757 2332 aequus
771 2298 885 2325 Acerris.
936 2297 1055 2329 Seruius,
1119 2298 1279 2325 Adolescens
1291 2298 1444 2326 clariffimus
1462 2301 1518 2327 Cic.
1534 2301 1609 2326 Verr.
1626 2309 1652 2333 2,
1688 2321 1695 2328 .
1734 2322 1740 2329 .
1784 2303 1887 2331 Au&0r
1900 2306 2003 2339 generis
2019 2303 2174 2332 clariffimus

45 2341 120 2359 errae
133 2333 226 2360 ciuitas
238 2333 274 2359 est
287 2334 461 2369 Campaniae,
481 2333 551 2360 haud
564 2333 642 2368 longe
658 2342 673 2359 a
688 2333 818 2368 Neapoli:
833 2342 931 2368 .quam
944 2333 1054 2371 Clanius
1119 2333 1202 2360 Ouid.
1217 2342 1248 2359 ex
1262 2334 1336 2360 Pont.
1349 2343 1376 2367 2,
1390 2343 1417 2368 9,
1432 2345 1468 2368 19.
1526 2336 1592 2362 Plin.
1604 2336 1683 2371 Epist.
1698 2345 1724 2372 7,
1739 2347 1776 2371 33,
1790 2344 1803 2370 8
1822 2341 1934 2374 Vereor,
1949 2341 2089 2368 Clariffimi
2102 2343 2174 2369 Con-

37 2368 169 2396 aeterfluit
182 2369 289 2402 fluuius,
308 2370 382 2396 cuius
395 2370 518 2406 frequens
531 2369 671 2396 inundatio
685 2378 744 2396 eam
757 2369 890 2396 exhaurit.
925 2367 1002 2394 Vnde
1016 2372 1054 2393 ait
1118 2369 1186 2395 sules
1194 2389 1202 2402 ,
1224 2378 1257 2396 ne
1272 2369 1342 2396 mihi
1355 2378 1400 2398 etc.
1414 2372 1467 2398 vid.
1481 2381 1537 2398 mox
1557 2372 1617 2399 Viri
1633 2373 1782 2401 Clariss'inii.
1854 2377 1955 2403 Domus
1968 2377 2068 2405 multae
2083 2383 2109 2404 et
2123 2377 2174 2404 cla-¹

10 2402 14 2407 ’
34 2407 120 2437 acuis,
142 2407 160 2431 i.
176 2405 403 2440 lusi-equentibus.
1117 2414 1163 2432 rae
1177 2405 1302 2445 lugubres
1317 2406 1379 2433 Liu.
1394 2416 1418 2440 3,
1455 2428 1461 2435 .
1500 2428 1507 2434 .
1544 2408 1604 2434 Dux
1619 2409 1704 2436 clarus
1724 2411 1792 2437 Hor.
1803 2411 1892 2439 Carni.
1905 2422 1929 2445 3,
1943 2422 1964 2446 1,
1978 2421 2023 2449 47.
2079 2415 2174 2441 Exema

0 2446 2 2476 ξ
42 2445 188 2472 cLAREo,
209 2446 397 2474 CLARIFICO,
418 2447 580 2474 CLARIGO,
604 2445 786 2470 CLARITAS,
802 2437 856 2464 vicl.
879 2443 1016 2479 oLARvs.
1073 2430 1105 2462 ⁶5
1119 2441 1162 2476 pla
1183 2442 1239 2468 Cic.
1256 2441 1288 2468 de
1302 2442 1394 2469 Diuin.
1409 2452 1430 2476 2,
1444 2449 1467 2474 8.
1537 2444 1614 2472 Pacta
1635 2445 1730 2472 Claud.
1743 2447 1807 2474 sext.
1821 2448 1899 2475 Cons.
1916 2450 1988 2476 Hon.
2002 2457 2058 2484 435.
2122 2450 2173 2477 Ge-

34 2476 62 2503 'c
72 2482 176 2503 LARV
187 2483 200 2504 s
220 2477 239 2503 s.
264 2483 281 2503 C
291 2485 307 2504 L
316 2485 338 2505 A
348 2485 427 2504 Ros.
464 2476 597 2512 [Κλάρος]
615 2473 961 2513 Colophoniorum-apparitu,
978 2483 993 2499 a
1006 2483 1053 2509 quo
1116 2485 1181 2504 nere
1194 2478 1267 2504 claro
1281 2485 1385 2505 tumens
1404 2480 1462 2506 Sen.
1477 2479 1572 2507 Ofitau.
1586 2483 1648 2514 496.
1721 2482 1815 2510 Gloria
1831 2484 1914 2511 Ouid.
1928 2494 1959 2511 ex
1972 2486 2047 2512 Pont.
2057 2491 2080 2518 3,
2094 2494 2118 2518 2,
2130 2489 2171 2518 36.

33 2518 176 2539 LARIVS
208 2512 306 2547 Apollo
325 2512 412 2538 dions
431 2512 483 2543 est,
513 2512 621 2538 Seruius
645 2513 672 2535 in
685 2509 759 2549 ⁸illuni
790 2510 865 2549 Virg.
880 2509 945 2537 Aen.
966 2517 990 2541 3,
1002 2512 1052 2541 360
1118 2514 1215 2540 Honor
1233 2514 1341 2542 Lucret.
1355 2524 1375 2546 3,
1389 2517 1433 2550 76.
1502 2516 1614 2543 Lucifer
1627 2517 1689 2544 albo
1700 2517 1785 2545 clarus
1798 2528 1869 2555 equo
1889 2521 1972 2548 Ouid.
1989 2522 2054 2548 Met.
2068 2529 2104 2555 15,
2119 2527 2173 2555 189.

34 2547 63 2574 ni
75 2547 209 2582 tripodas,
230 2547 318 2574 Clarii
329 2547 432 2577 lauros,
457 2547 506 2581 qui
524 2547 606 2573 sidera
627 2545 717 2585 sentis..
784 2544 850 2570 Plin.
865 2553 891 2585 2,
906 2553 948 2577 103
970 2546 1052 2572 Colo·
1117 2549 1221 2576 Lumen
1235 2550 1337 2577 clarum
1349 2551 1477 2577 extollere
1490 2560 1505 2577 e
1518 2553 1635 2579 tenebris
1657 2554 1763 2581 Lucret.
1775 2564 1799 2588 3,
1815 2564 1834 2582 1.
1907 2557 2010 2584 Mortes
2024 2557 2106 2585 clarae
2121 2567 2173 2593 pro

43 2583 159 2614 one‚-in
170 2582 303 2617 Apollinis
317 2582 402 2609 Clarii
415 2583 491 2616 specu
504 2582 595 2608 lacuna
608 2580 658 2612 est,
675 2589 750 2608 cuius
765 2587 831 2615 potu
850 2589 919 2607 mira
938 2581 1052 2608 reddun-
1116 2584 1201 2620 patria
1213 2587 1348 2620 oppetitae
1369 2587 1425 2614 Cic.
1441 2587 1524 2614 Tusc.
1539 2595 1559 2621 t,
1575 2591 1624 2616 116.
1697 2590 1855 2619 Plaut.Rud.
1871 2600 1901 2626 4,
1915 2601 1938 2626 2,
1952 2599 1980 2624 28
1999 2593 2054 2620 Vbi
2061 2593 2172 2621 Nobili-

37 2617 185 2650 Γῡῐὸωιῡ,
203 2617 356 2645 bibentium
368 2617 493 2645 breuiore
507 2618 571 2644 vita.
641 2616 707 2643 Pliss·
727 2625 751 2649 5,
770 2625 804 2649 29
818 2618 836 2643 s·
857 2626 883 2649 3¹
910 2616 967 2652 Post
985 2617 1052 2644 C0l0·
1071 2615 1107 2643 70
1117 2627 1154 2648 tas
1168 2630 1227 2648 mea
1249 2623 1301 2649 erit
1322 2623 1401 2649 clara.
1473 2623 1583 2650 Nomen
1613 2625 1694 2652 Ouid.
1716 2627 1782 2653 Met.
1802 2635 1837 2660 ιι,
1857 2633 1913 2661 285.
1984 2630 2058 2664 Opus
2074 2629 2171 2656 clarius

42 2662 126 2685 onem,
143 2652 207 2680 Inde
223 2653 354 2688 Apollinis
370 2654 454 2680 Clarii
468 2654 568 2680 fanum.
638 2653 706 2679 Tac.
721 2654 770 2678 An.
785 2662 807 2685 2,
821 2661 853 2686 54
879 2653 1052 2680 Germanicus
1116 2657 1219 2684 nullum
1232 2664 1304 2685 extat
1333 2659 1407 2685 Idem
1427 2658 1459 2685 de
1472 2660 1537 2686 Arte
1549 2661 1608 2688 Am.
1623 2670 1647 2694 3,
1661 2667 1710 2694 338.
1736 2662 1766 2689 de
1778 2663 1886 2690 Aeneide
1910 2665 2025 2700 Wrgiliz'.
2094 2666 2170 2692 Patre

42 2688 116 2724 pellit
129 2688 302 2723 Colophona,
313 2689 433 2716 vtClarii
445 2689 578 2724 Apollinis
591 2689 701 2715 oraculo
717 2694 844 2715 vtcretur.
880 2689 1053 2717 Nonfemina
1116 2693 1188 2720 claro
1200 2700 1275 2721 natus
1309 2695 1377 2721 Hor.
1392 2695 1473 2722 Serm.
1489 2704 1507 2727 1,
1520 2699 1547 2729 6,
1559 2702 1597 2730 58.
1669 2699 1744 2725 Patre
1758 2699 1897 2726 clarissimo
1910 2706 2001 2733 natus,
2025 2709 2093 2733 auo,
2114 2709 2169 2727 ma·
2190 2707 2192 2709 ’

39 2725 110 2757 ic‚vt
122 2724 192 2760 apud
200 2725 331 2760 Delphos,
354 2725 398 2752 sed
411 2727 489 2752 certis
504 2735 518 2751 e
537 2724 661 2756 familiis,
687 2731 712 2751 et
730 2724 815 2751 ferme
835 2724 933 2751 Mileto
952 2726 1051 2752 accitus
1116 2729 1221 2756 fioribus
1240 2731 1296 2757 Cic.
1309 2731 1338 2757 in
1351 2731 1430 2758 Catil.
1447 2740 1467 2764 1,
1481 2741 1508 2766 4.
1579 2732 1653 2759 Idem
1672 2743 1721 2768 pro
1735 2735 1802 2762 Sext.
1817 2738 1834 2762 6
1863 2736 1947 2763 Duxit
1966 2745 2076 2763 vxorem
2095 2742 2170 2770 patre

35 2758 136 2793 cei-dos,
149 2769 290 2788 numerum
302 2761 382 2788 modo
393 2762 600 2788 consultantium
612 2767 638 2788 et
652 2761 761 2788 nomina
776 2760 865 2787 audit:
884 2767 940 2788 tum
954 2762 983 2787 in
997 2762 1052 2796 spe-
1116 2766 1183 2793 vino
1197 2767 1296 2801 optimi
1309 2773 1335 2794 et
1348 2766 1561 2794 calamitofiffimi
1575 2769 1629 2796 viri
1643 2770 1743 2803 filiam,
1773 2771 1803 2797 1..
1822 2771 1962 2806 Scipionis.
1982 2772 2050 2798 clara
2069 2773 2097 2798 in
2116 2771 2169 2798 hoc

41 2805 66 2822 ¹¹¹
84 2795 228 2831 dssgfeffisss
248 2797 336 2824 hausta
352 2798 435 2824 f0¹¹ti⁵
455 2798 544 2825 arcani
556 2806 643 2838 jiquffh
661 2797 767 2838 ἰὲῐὶᾶψξ
787 2797 945 2832 pierumque
962 2797 1052 2825 litera·
1071 2792 1103 2821 75
1117 2802 1144 2829 P.
1157 2802 1241 2829 Sextii
1254 2803 1338 2830 Pietas
1353 2803 1457 2836 extitit,
1478 2810 1504 2830 et
1516 2805 1642 2832 omnibus
1655 2813 1744 2840 grata,
1760 2806 1848 2842 quod,
1869 2814 1916 2833 etc.
1960 2808 2119 2834 Professores
2132 2808 2169 2834 sa-

40 2838 66 2858 nt
79 2838 105 2858 et
116 2833 280 2866 carminum,
297 2833 353 2860 edit
363 2834 484 2868 responsa
499 2834 616 2860 verubus
629 2836 780 2868 compotitis
796 2834 873 2868 super
884 2833 972 2867 rebus,
985 2844 1051 2869 quas
1115 2838 1233 2873 pientiae
1246 2839 1380 2866 clarifflmi
1399 2840 1467 2868 Cels.
1483 2847 1493 2866 t
1506 2841 1589 2874 praef.
1642 2842 1782 2877 Progenies
1803 2843 1878 2877 Virg.
1892 2844 1957 2869 Aen.
1972 2850 1993 2876 5,
2008 2846 2066 2878 564.
2104 2845 2167 2870 Pro-

45 2868 67 2894 i!
83 2874 171 2896 mente
188 2869 316 2904 concepit.
398 2869 445 2897 Sed
458 2869 495 2896 Id.
511 2871 560 2896 An.
583 2878 618 2901 12,
636 2878 671 2896 22
700 2871 898 2903 Interrogatum
916 2870 1051 2905 Apollinis
1116 2875 1153 2901 les
1180 2875 1277 2901 Lucan.
1292 2884 1330 2907 10,
1345 2877 1385 2906 86.
1456 2876 1576 2912 Propago
1591 2877 1697 2905 Lucra,
1712 2888 1730 2910 1,
1739 2886 1797 2911 423.
1868 2879 1956 2913 Pugna
1970 2879 2040 2906 clara
2056 2885 2082 2906 et
2095 2888 2168 2906 coma

41 2903 92 2943 δῷ
108 2903 274 2933 fimulacnun
288 2906 363 2941 super
376 2906 476 2941 nuptiis
491 2905 669 2940 Imperatoris.
724 2905 845 2932 Macrob.
858 2906 908 2932 Sat.
923 2914 944 2946 t,
957 2912 982 2937 18
999 2908 1050 2934 Va·
1115 2910 1298 2938 memorabilis
1330 2911 1411 2939 Plaut.
1425 2912 1515 2939 Pseud.
1530 2921 1549 2944 1,
1562 2920 1584 2946 5,
1601 2922 1647 2939 111.
1717 2914 1808 2940 Tacit.
1822 2913 1891 2940 Ann.
1905 2922 1940 2947 15,
1955 2920 1989 2948 48
2017 2916 2041 2941 Is
2056 2915 2167 2949 Calpur-

45 2944 145 2968 nutum
157 2940 226 2976 apud
239 2941 361 2968 Clarium
374 2951 440 2977 aqua
459 2948 548 2977 potata
562 2942 675 2968 effantur
687 2942 803 2968 oracula.
858 2942 963 2969 Clarius
976 2943 1050 2976 deus,
1115 2947 1162 2973 nio
1182 2956 1278 2981 genere
1297 2954 1387 2981 ortus,
1415 2957 1444 2974 ac
1463 2948 1559 2975 multas
1579 2949 1743 2983 insignesque
1761 2948 1877 2976 familias
1899 2956 2006 2985 paterna
2024 2951 2167 2978 nobilitate

50 2973 106 3015 0110
128 2976 216 3004 Valer-
235 2978 333 3012 Argon.
353 2986 377 3011 3,
390 2986 449 3011 299.
522 2978 603 3005 Ouid.
619 2979 683 3004 Met.
699 2986 718 3010 1,
732 2986 773 3011 515
800 2978 888 3018 Apollo
900 2981 952 3009 ait,
976 2979 1049 3007 Mihi
1080 2972 1097 2991 Ο
1115 2983 1283 3018 complexus,
1301 2983 1372 3011 claro
1386 2984 1455 3019 apud
1468 2985 1578 3019 vulgum
1591 2985 1709 3011 Rumore
1721 2991 1792 3018 erat,
1812 2994 1860 3019 per
1871 2986 1998 3013 virtutem
2011 2993 2056 3014 aut
2069 2987 2167 3022 species

49 3009 136 3045 ¹Pluca
146 3011 223 3039 “¹¹⁰⁸
235 3013 266 3039 Et
280 3013 372 3040 Claros
381 3035 389 3046 2
406 3020 432 3040 et
445 3014 588 3046 Tenedos,
606 3015 781 3048 Patffl'fledqsse
793 3022 865 3048 Tegla
879 3015 968 3041 seruit.
1114 3018 1261 3046 virtutibus
1281 3019 1386 3047 similes.
1423 3021 1554 3055 Sanguine
1570 3020 1643 3046 claro
1656 3021 1760 3055 genitus
1787 3021 1845 3047 Sen.
1859 3021 1954 3048 oetan.
1967 3024 2031 3056 496.
2089 3023 2166 3050 Senaa

43 3052 176 3079 CLARVS,
189 3055 214 3080 a,
226 3056 281 3075 uni.
295 3049 354 3076 Adi.
375 3049 519 3086 [Mum-3035,
538 3048 654 3086 φαιδρὸς,
672 3049 762 3082 φανὸς,
783 3048 915 3082 ammas,
935 3052 1050 3087 περίφοιν-
1114 3061 1155 3081 tus
1175 3055 1268 3084 Claud.
1282 3056 1453 3085 ConEVProb.
1477 3061 1502 3082 et
1516 3055 1596 3088 Olyb.
1617 3063 1653 3088 19.
1712 3058 1805 3092 Nempe
1825 3056 1917 3083 Clarus
1937 3065 1982 3084 aut
2006 3058 2167 3086 Clariffimus

54 3085 64 3115 ]
100 3083 204 3117 PWPYff
217 3082 310 3111 dicum·
329 3085 444 3112 Luciliu!-
498 3086 561 3113 Sffll-
574 3086 603 3112 lle
616 3087 685 3112 Poc't.
701 3094 729 3119 42
745 3094 754 3111 ¹
786 3085 879 3112 Cllfflss
888 3106 896 3118 2
917 3089 1002 3123 inquit
1020 3090 1048 3114 in
1106 3090 1217 3128 florente
1229 3099 1280 3127 rep.
1294 3093 1402 3120 Summae
1414 3092 1551 3129 dignitatis
1563 3091 1710 3127 appellatio,
1740 3101 1787 3128 qna
1802 3096 1876 3119 etiam
1889 3094 1945 3120 laus
1958 3094 2017 3120 bon'i
2031 3097 2097 3122 ciuis
2109 3105 2167 3122 con·-

46 3117 195 3159 ebritatibus
206 3125 266 3144 nata
280 3129 345 3152 vox,
367 3130 421 3148 cum
434 3120 544 3148 umores
551 3129 599 3158 per
607 3128 754 3157 praeconem
769 3121 936 3155 calabantur,
954 3131 1050 3150 exemta
1083 3150 1094 3158 ,
1112 3129 1244 3154 tinet-etur.
1299 3127 1546 3162 Hinc-stomachatur
1554 3128 1650 3154 Cicero
1663 3128 1708 3154 hoc
1721 3137 1807 3154 namen
1821 3128 1922 3165 Caesari
1952 3128 1987 3163 qs?
2001 3138 2103 3157 mortem
2117 3134 2166 3157 tri-

26 3154 103 3186 4:011,
122 3153 272 3194 ΕῙᾶΓΠξΡΓθ
279 3155 397 3183 Cal-'irus-
437 3157 506 3184 Vnde
517 3164 541 3184 Ξῖ
555 3158 654 3184 verbum
669 3158 851 3190 Horatianum,
870 3158 991 3186 Clarabit
1003 3169 1051 3194 pu·
1065 3148 1093 3178 ⁸³
1111 3163 1195 3190 butum
1209 3170 1260 3199 pro
1277 3167 1392 3191 concione
1412 3164 1442 3191 ab
1462 3165 1574 3189 Antonio
1601 3164 1656 3190 Att.
1671 3171 1747 3197 14,11
1780 3164 1850 3190 Cum
1863 3165 1926 3200 equi
1947 3174 1990 3192 em
2008 3167 2165 3193 concionem

0 3200 19 3213 ι»
43 3197 94 3216 ein.
153 3191 243 3226 NeJcio
261 3199 333 3226 quam
345 3191 470 3227 feliciter.
505 3193 576 3220 Certe
594 3193 629 3220 ad
643 3195 722 3220 lucem
743 3200 767 3219 et
774 3193 930 3229 splendorem
942 3198 1049 3230 proprie
1113 3199 1188 3233 lego,
1207 3200 1240 3226 de
1251 3205 1326 3227 tanto
1338 3201 1416 3233 viro,
1440 3199 1472 3225 de
1487 3198 1635 3225 Clarissimo
1647 3199 1718 3232 ciui,
1739 3199 1810 3226 ferre
1824 3207 1879 3226 non
1891 3210 1969 3236 queo.
2023 3204 2055 3230 Et
2074 3211 2110 3235 15,
2129 3211 2164 3228 20

11 3226 17 3232 ⁴
47 3227 126 3252 tinere
137 3225 182 3252 boc
195 3235 279 3252 nomen
292 3226 400 3268 videtur.
436 3229 477 3255 sic
491 3230 629 3264 Apum'rex
640 3228 730 3256 rutilis
743 3229 827 3255 clarus
839 3230 953 3265 squamis
973 3232 1048 3266 Virg.
1112 3235 1168 3269 Ego
1177 3255 1185 3267 ‚
1203 3244 1258 3270 quo
1270 3235 1314 3263 die
1326 3236 1419 3263 audiui
1439 3235 1516 3261 illum
1529 3240 1671 3267 tyrannum
1691 3235 1721 3261 in
1734 3236 1870 3263 Concione
1885 3237 2053 3265 clarissimum
2066 3239 2164 3265 Virum

40 3269 101 3295 ‘oi-g.
121 3270 150 3295 4,
171 3269 229 3302 93.⁸
285 3262 384 3297 Aquilo
401 3262 486 3290 clarus
518 3264 592 3292 Idem
608 3265 707 3299 Georg.
723 3273 743 3298 1,
757 3267 821 3298 460.
840 3268 858 3292 i.
879 3266 1048 3294 Serenificus:
1112 3270 1259 3305 appellari,
1285 3270 1456 3299 subdiffidere
1469 3271 1546 3305 coepi
1559 3277 1605 3298 etc.
1659 3271 1701 3298 Sic
1714 3270 1747 3297 de
1761 3272 1836 3298 Orat.
1852 3281 1872 3305 1,
1889 3279 1933 3306 198
1949 3283 1970 3300 c.
1983 3282 2016 3308 45
2035 3272 2163 3308 Amplissi->

77 3296 115 3324 est
126 3302 152 3324 et
165 3297 289 3329 nubilus;
309 3298 372 3325 sicut
385 3298 442 3326 fere
453 3308 545 3326 omnes
562 3302 644 3328 venti.
681 3301 798 3328 Seruius.
861 3302 961 3329 Colore
975 3303 1047 3330 claro
1112 3315 1170 3333 mus
1185 3307 1298 3342 quisque
1313 3314 1339 3335 et
1355 3306 1515 3334 Clarislimus
1529 3307 1586 3333 Vir.
1615 3308 1647 3333 Et
1661 3315 1710 3341 pro
1725 3307 1755 3333 L.
1770 3308 1887 3335 Manilio
1902 3318 1927 3343 51
1945 3319 1966 3336 ε.
1982 3318 2011 3344 ¹7
2042 3310 2076 3335 At
2089 3308 2161 3335 enim

44 3332 140 3360 endere
159 3333 263 3374 Lucret.
279 3342 301 3368 5,
314 3342 384 3370 1257.
429 3335 492 3375 ‘Dea
505 3335 573 3363 clara
585 3336 679 3363 mundi
693 3336 816 3369 obscuri,
834 3338 905 3364 Luna
913 3339 1050 3376 praeses-‘ta
1061 3335 1098 3363 9⁰
1113 3343 1164 3369 Vir
1172 3342 1338 3375 clariffimus,
1358 3342 1545 3370 amantissimus
1563 3342 1629 3377 reip.
1650 3342 1742 3369 vestris
1762 3343 1899 3371 beneficiis
1921 3345 2081 3380 amplissimis
2099 3343 2161 3370 affe-

63 3370 76 3394 ἱ
92 3368 278 3410 Sen.H1ppol.
292 3378 350 3403 309.
402 3370 465 3397 Dies
477 3370 561 3411 clarus
579 3373 646 3399 Hor.
659 3374 686 3399 in
695 3374 783 3400 Carm.
798 3373 892 3400 saecul.
900 3382 940 3406 23.
985 3375 1048 3402 Dies
1114 3377 1171 3404 &us
1198 3379 1360 3413 (Praetura,
1379 3379 1511 3415 Confidam
1519 3398 1528 3411 ,
1550 3379 1691 3414 Imperiis)
1714 3379 1754 3413 Q
1766 3380 1891 3413 Catulus;
1917 3382 2036 3415 itemque
2051 3378 2161 3405 summis

20 3412 23 3427 1
56 3411 73 3445 Q
91 3405 127 3432 Vt
159 3425 166 3432 .
182 3406 246 3446 Aen.
259 3413 282 3439 5,
295 3415 337 3439 43.
389 3406 514 3433 Incendia
527 3407 596 3435 clara
609 3409 669 3435 dant
681 3409 767 3435 lucem
787 3408 862 3436 Idem
874 3411 938 3436 Aen.
952 3419 978 3442 2,
991 3414 1049 3444 569.
1114 3415 1277 3442 ornamentis
1289 3415 1418 3447 honoris,
1450 3414 1590 3447 fortunae,
1621 3414 1745 3448 virtutis,
1781 3416 1884 3451 ingenii
1898 3436 1908 3449 ‚
1945 3416 2095 3452 praeditus,
2123 3415 2164 3447 Q

43 3437 116 3481 Rides
127 3449 140 3467 t
151 3449 191 3468 an
215 3442 283 3482 Hor.
297 3443 386 3468 Carm.
402 3451 429 3475 4,
445 3451 480 3475 13,
494 3451 532 3476 ¹4·
556 3443 680 3480 intelligit
693 3446 813 3471 Gemmas.
867 3445 914 3472 Sed
926 3447 959 3473 al.
974 3447 1047 3474 Cari.
1114 3450 1286 3484 Hortensius,
1305 3451 1338 3478 ab
1353 3450 1400 3477 hac
1412 3450 1516 3477 ratione
1529 3449 1682 3477 dissentiunt
1716 3465 1762 3472 —·
1798 3452 1845 3479 Sed
1860 3453 1889 3479 in
1901 3452 1949 3479 hac
1967 3452 2040 3478 causa
2058 3449 2159 3477 tametli

12 3483 26 3497 ²«
73 3476 203 3505 mSomn.
214 3477 282 3513 Scip.
299 3486 316 3504 2
349 3477 510 3505 Ostendebat
528 3485 616 3506 autem
635 3480 824 3515 Carthaginem
844 3479 878 3507 de
890 3481 1001 3516 excelso,
1022 3490 1048 3510 et
1113 3485 1271 3520 cognoscitis
1287 3486 1458 3514 auctoritates
1478 3485 1623 3512 contrarias
1641 3485 1844 3514 fortiffimorum
1860 3489 1987 3515 Virorum
2007 3492 2033 3512 et
2047 3484 2158 3512 Clarissi-

104 3511 252 3546 stellarum,
281 3513 396 3547 illustri,
422 3520 448 3540 et
467 3514 538 3541 claro
552 3514 668 3549 quodam
681 3516 763 3543 Loco.
837 3517 958 3544 Lucerna
979 3519 1050 3546 clara
1063 3512 1097 3540 95
1112 3530 1218 3549 morum
1230 3531 1276 3550 etc.
1326 3524 1358 3549 Et
1369 3531 1418 3557 pro
1431 3522 1499 3548 Sext.
1516 3530 1560 3555 ¹43
1579 3530 1602 3548 c.
1616 3523 1649 3552 6⁸
1683 3523 1926 3556 Quarejmitemur
1938 3522 2039 3550 nostros
2053 3522 2160 3554 Brutos,

9 3556 26 3569 2,
51 3546 247 3584 r.'Senn.2,¹7,
259 3554 302 3584 48.
355 3551 470 3577 Lumina
481 3550 624 3577 oculorum
637 3551 707 3577 clara
725 3552 830 3579 Luci-et.
844 3561 872 3585 4,
885 3557 936 3585 8²3·
992 3555 1048 3582 Cic.
1113 3558 1258 3592 Camillos,
1275 3557 1386 3591 Ahalas,
1407 3557 1518 3589 Decios,
1539 3558 1653 3590 Curios,
1673 3558 1827 3593 Fabricios,
1846 3559 1994 3590 Maximos,
2015 3557 2160 3592 Scipiones.

23 3601 27 3606 -
67 3582 179 3617 Suu-40
205 3585 259 3611 Vos
270 3585 385 3621 denique
399 3587 426 3612 in
441 3586 518 3613 tantis
537 3585 654 3613 tenebris
673 3587 773 3614 erroris
785 3593 812 3614 et
831 3588 985 3617 inscientiae
997 3586 1049 3618 cla·
1113 3593 1255 3626 Lentulos,
1273 3594 1418 3626 Aemilios,
1437 3593 1644 3620 innumerabiles
1657 3591 1724 3621 alios
1758 3610 1804 3615 —
1839 3594 1934 3621 Deinde
1953 3601 2001 3626 ¹44
2016 3601 2038 3618 c.
2054 3595 2089 3626 69
2108 3591 2158 3619 Sed

58 3627 131 3658 nium
142 3619 244 3646 Lumen
256 3622 413 3655 praetulistis
426 3622 510 3649 menti
529 3631 611 3649 meae.
682 3621 865 3658 Virg.Georg.
882 3631 903 3657 1,
918 3631 931 3658 5
942 3627 1017 3660 ,Vos
1029 3626 1048 3653 ὁ
1112 3638 1157 3657 me
1174 3638 1281 3666 repente
1301 3629 1333 3656 de
1350 3627 1553 3656 fortissimorum
1572 3635 1598 3656 et
1615 3629 1816 3657 clariffimorum
1839 3630 1941 3655 ciuium
1959 3628 2087 3662 dignitate
2111 3635 2159 3655 etc.

70 3653 139 3682 ssim
150 3653 246 3682 mundi
278 3656 407 3692 Lumina,
428 3658 562 3686 labentem
575 3658 648 3684 caelo
661 3666 729 3692 quae
748 3657 844 3685 ducitis
855 3667 961 3688 annum.
1007 3663 1050 3690 Sol
1112 3665 1208 3701 Mavfit
1219 3667 1261 3695 hic
1274 3668 1347 3692 etiam
1359 3665 1406 3701 fiaeb
1421 3665 1616 3700 Imperatoribus
1631 3667 1772 3694 Senator-iae
1784 3666 1920 3700 dignitatis
1933 3666 2033 3690 titulus.
2089 3664 2158 3690 Con-

41 3691 120 3730 amaa:
144 3724 151 3730 ,
171 3690 313 3732 Refulgere
323 3693 352 3720 in
365 3695 436 3722 Luce
450 3694 518 3722 clara
533 3694 616 3722 homo
633 3693 748 3725 dicitur,
769 3694 817 3729 qui
830 3694 867 3721 est
878 3695 979 3724 nimiae
991 3697 1048 3733 pul·
1059 3699 1178 3729 100sules
1191 3701 1350 3730 Cla-riffimos
1370 3703 1419 3726 iam
1431 3700 1543 3727 vidimus
1554 3710 1584 3728 ex
1614 3702 1681 3728 Ptin.
1695 3701 1773 3736 Epist.
1795 3708 1820 3734 7,
1835 3708 1871 3731 33,
1884 3704 1906 3730 8·
1976 3699 2111 3734 Lamprid.
2126 3699 2158 3724 de

53 3724 181 3758 imaum,
201 3734 244 3753 cui
255 3735 302 3754 nec
315 3728 381 3756 lucis
393 3730 497 3759 claritas
509 3731 628 3765 derogat,
642 3730 747 3765 qudem
763 3729 829 3757 dicit
842 3731 956 3759 Aeneam
975 3734 1050 3761 Idem
1111 3736 1264 3765 Alexandro
1278 3738 1377 3764 Seuero
1389 3743 1418 3762 21
1437 3736 1581 3764 Praefeffls
1599 3738 1737 3764 Praetorio
1758 3737 1810 3762 suis
1824 3735 1981 3762 senatoriam
2001 3735 2105 3762 addidit
2119 3734 2157 3760 di-

24 3776 26 3778 ’
63 3779 71 3787 ”
85 3766 169 3794 ¹¹⁵9²
188 3761 418 3799 Restitit'Aeneas,
437 3767 561 3803 ‘lamque
576 3768 603 3794 in
616 3767 674 3793 ¹¹¹OE
689 3765 799 3793 resumt-
836 3767 972 3804 Haecfffe
990 3769 1048 3796 Ser·
1110 3773 1254 3808 gnitatem,
1284 3779 1312 3799 vt
1325 3772 1380 3798 viri
1394 3771 1527 3799 clariffimi
1545 3779 1571 3800 et
1584 3774 1679 3805 effent,
1697 3778 1723 3798 et
1738 3771 1896 3798 dicerentur.
1934 3771 2003 3806 Quin
2020 3774 2157 3809 etlam-mu-

55 3803 75 3821 ⁵·
111 3795 262 3830 Marmor,
288 3801 306 3825 1'·
315 3800 471 3836 splendidum
497 3803 712 3830 Sen.1-1erc.0et.
734 3809 798 3837 794·
855 3802 984 3838 Olympus
1007 3805 1046 3832 Id·
1109 3810 1212 3836 neribus
1231 3810 1423 3835 communicatus
1440 3807 1540 3835 titulus.
1611 3809 1717 3843 leian.
1738 3807 1755 3833 1.
1770 3811 1783 3836 s
1800 3806 1825 3832 ff.
1842 3806 1874 3832 de
1895 3806 2012 3833 Senator·
2032 3807 2155 3844 Feminae

64 3850 71 3857 ·
83 3839 112 3864 42
125 3833 183 3862 268.
253 3834 328 3862 Pater
340 3837 507 3872 omnipotens
523 3839 608 3867 clarus
624 3838 742 3866 intonuit
753 3837 786 3864 ab
801 3837 856 3864 alto
870 3839 959 3873 caelo,
981 3843 999 3868 i.
1015 3842 1046 3868 In
1110 3852 1207 3880 nuptae
1228 3842 1371 3871 clariffimis
1392 3844 1528 3877 personis,
1567 3844 1764 3872 clariffimarum
1789 3842 1959 3876 personarum
1981 3841 2156 3876 appellatione

29 3867 144 3895 “emme
154 3868 240 3932 {g}-
261 3870 328 3933 Alen-
346 3879 375 3907 7,
391 3881 434 3907 141
462 3875 580 3903 Seruius.
651 3875 709 3903 Cic.
722 3874 752 3902 in
767 3875 850 3904 Arato
863 3884 881 3909 4
920 3876 952 3904 Et
963 3885 1047 3913 prope
1060 3885 1104 3913 105
1111 3881 1289 3941 continentug.
1306 3879 1532 3942 DClariffimarum
1544 3880 1705 3908 feminarum
1719 3878 1828 3905 nomine
1843 3878 1998 3905 Senatorum
2011 3871 2155 3943 filiamqmlei
