2474 4182
33 117 79 156 45
446 93 667 138 ACC

34 192 115 229 fiquas
132 190 217 224 copias
237 186 422 214 abstraxiss‘ent.
466 185 503 212 Id.
518 182 595 210 Amd.
608 191 636 217 4,
649 190 689 209 112.
708 191 732 221 c.
745 189 772 215 3,·
791 180 963 223 Accenionem
984 188 1066 213 vocat,

482 226 510 247 vt
522 221 594 255 plena
607 226 629 244 et
643 220 758 251 verastt,
779 217 1026 279 determinationgm
1041 223 1065 277 i!

908 257 927 292 ‘j
945 264 957 287 3
1000 260 1041 278 cce
1054 265 1064 272 -

35 228 98 265 quod
108 226 141 253 ad
152 225 317 261 definitionem
331 223 464 252 adiicitur,
604 254 608 258 .

35 261 223 291 restriffloncm
238 266 328 285 vocant
341 259 419 285 hodie.
454 255 520 283 ΑΜ.
535 254 566 281 de
580 255 637 281 fin.
648 262 672 285 ιι,
682 262 717 286 42
736 262 756 279 c.
766 261 799 286 13.

34 299 70 326 sio
76 297 174 334 febris,

31 404 90 439 quis
98 412 128 430 ex
136 403 272 430 acccssionc
280 402 375 428 leuatus
383 398 426 430 est,
435 404 494 423 tunc
501 395 577 422 debet
586 397 718 422 adiuuere.
746 397 881 423 Interdum
891 397 919 422 in
925 393 1062 434 accessione

31 448 122 474 aegros
129 439 244 473 desipere
252 437 316 464 Cels.
324 445 346 468 3,
358 439 390 464 ι8.
420 435 450 460 ΕΙ
458 442 480 465 3,
489 441 514 458 12.
522 432 568 458 sub
576 431 758 466 expectatione
767 433 901 467 proximae
907 431 1062 461 accessiouw,

33 484 98 510 quae
113 475 207 501 instare
225 473 300 500 tertia
320 469 415 505 potest,
435 467 598 494 deducendus
619 468 646 493 in
667 468 788 494 balncum
807 468 851 495 est.
893 465 958 492 Plin.
974 471 1063 497 20,14

188 303 232 322 ant
246 298 406 330 cuiuscunque
422 291 499 318 morbi
517 291 610 315 dicitur
625 289 753 321 Intentio,
773 298 832 324 quae
845 290 953 324 Graecis?
970 285 1063 314 dicitur
1141 323 1145 326 ι
1315 324 1318 327 .
1348 323 1350 326 Ι
1541 324 1543 329 Ι

33 333 213 364 Paroxysmus:
227 333 267 356 cui
281 332 407 357 contraria
419 325 450 360 1¹st
460 324 596 364 Remissio3
627 324 746 366 Cels-,35
765 326 791 351 Si
806 334 870 351 vcro
883 325 967 352 febres
982 331 1062 357 vagae
1082 326 1096 354 ς
1121 322 1193 348 ditur
1209 330 1289 353 auro,
1308 331 1326 347 1.
1340 320 1481 353 illustratur
1495 332 1509 346 α
1524 322 1623 347 Comere.

32 370 98 400 sunt,
109 369 171 402 quia
186 366 330 393 verendum
343 364 386 396 est,
395 372 425 388 ne
439 361 527 388 cibum
541 361 626 386 statim
641 359 842 395 subsequantur:
857 359 1063 395 quandocunque

1535 90 1766 134 ACC
2121 101 2176 151 46

1119 179 1258 209 illuminat.
1266 177 1450 214 splendidiores
1462 178 1554 207 reddit.
1590 180 1643 208 vid.
1658 182 1796 217 elypeum,
1812 181 1919 217 Lucem,
1935 183 2089 220 Olympum,
2104 186 2169 214 Stel.

1119 216 1172 248 las,
1193 215 1294 245 Vndas,
1314 214 1417 240 Vultus.
1464 216 1588 243 Animum
1603 220 1677 244 Curt.
1699 227 1724 253 7,
1747 228 1781 252 11,
1801 221 1826 245 6.
1866 220 1911 246 Sil.
1927 223 1984 247 Ital.
2003 231 2036 254 ις,
2052 224 2100 256 678
2138 224 2170 249 Et

1120 251 1231 286 genimis
1252 250 1365 285 galeam,
1381 249 1561 285 Clypcumquc
1583 254 1734 280 accenderat
1752 263 1833 287 auro,
1855 257 2060 289 1'.illustraucra1.
2111 257 2169 284 l'zd.

1121 288 1150 312 de
1165 288 1209 312 hoc
1225 292 1267 321 Usu
1282 288 1350 311 ueros
1365 286 1523 312 Burmannus
1538 286 1571 311 uc!
1586 289 1641 314 Val.
1658 290 1725 316 Flac.
1741 300 1762 323 ς,
1777 299 1826 325 370
1844 291 1927 318 Saeuo
1941 301 2000 318 cum
2015 300 2068 318 nox
2082 301 2170 319 accen.

1154 359 1156 361 ·
1236 358 1240 362 ⁸
1433 357 1446 361 ..
1669 326 1721 360 ije
1735 327 1789 352 Cic.
1805 326 1891 354 Somu.
1906 328 1972 362 Scip.
1991 335 2022 354 20
2040 329 2115 354 Luna
2128 337 2168 356 ra-

1121 358 1173 384 diis
1188 357 1255 384 Solis
1275 356 1386 382 accensa.
1424 356 1469 382 bil.
1484 357 1540 382 Ital.
1566 364 1592 390 7,
1608 366 1660 389 529.

1245 394 1334 425 Qucm
1352 392 1488 426 postquam
1508 392 1629 425 rapidum
1647 393 1715 419 vidit
1731 397 1873 428 procedere
1891 397 1994 432 castrig,

1244 429 1314 454 Hinc
1329 428 1424 459 Libys,
1445 427 1505 453 hinc
1520 427 1721 468 Fabiusnliniul
1735 432 1874 459 accendere
1889 434 1988 468 sagaces

1244 464 1275 490 In
1294 463 1411 489 subitum
1433 472 1514 489 cums.
1592 464 1758 490 Deiidcrmm
1774 468 1845 499 panis
1867 470 1929 494 Plin.
1947 479 1982 502 19,
1997 479 2024 504 4.
2061 469 2164 497 Deside-

32 513 50 538 Γ.
66 520 97 544 54
117 511 218 544 Pulcgii
234 515 333 535 ramum
352 506 380 531 in
393 504 512 531 tertianis
531 509 590 529 ante
605 504 769 530 acccssioncm
794 500 969 530 olfactandum
995 500 1062 526 dari.
1077 506 1105 525 10
1119 499 1192 527 rium
1207 498 1329 525 humoris
1344 500 1478 525 accensum
1491 498 1527 524 cst
1548 500 1622 525 Curt.
1640 507 1666 533 7,
1681 507 1703 531 ς,
1717 507 1742 534 7.
1780 502 1888 528 Dextras
1903 513 2002 538 pugnae
2017 506 2105 532 auidas
2119 506 2166 533 Sil.

33 549 64 574 Et
77 554 120 574 2'7.
135 555 162 573 ιι
182 547 200 572 s.
212 553 238 578 91
256 542 370 569 Dabatur
386 547 411 566 et
424 540 453 566 in
466 539 584 565 febribus
604 547 662 565 ante
675 539 830 566 accessiones.
855 536 935 577 'Pl-in.
949 545 979 568 23
1001 537 1065 568 1125

32 582 80 610 Sed
94 574 121 608 id
135 580 244 608 dandum
257 586 310 604 non
328 576 374 602 nifi
389 576 417 602 in
430 574 566 601 acet-mone
579 576 697 608 cinti-nt,
709 576 756 601 alii
771 583 821 601 non
834 572 880 598 nisi
895 581 922 598 ιη
940 571 1065 611 remissio-

328 612 393 638 Pliu.
413 620 456 643 τῇ,
471 619 494 643 13
514 611 532 637 s.
549 620 571 643 51
593 612 725 637 Dcdcruut
745 617 770 637 et
782 607 1066 669 comitialibussbiben-

975 650 1063 669 ueton.

33 627 82 650 ne,
102 618 130 644 dc
142 615 269 643 cardiacis.

34 654 96 681 dum
115 650 233 679 decoctae
254 649 354 675 succum
373 647 401 674 in
421 647 519 679 cyathis
534 654 647 681 qu.1tuor
660 656 718 673 ame
737 643 889 672 acccffioncs.

1122 545 1154 568 ιε’,
1169 543 1215 568 3ςι.
1251 536 1356 569 Equum
1371 533 1483 560 stimulis
1499 536 1561 560 Stat.
1576 535 1675 567 Sylu.1,
1688 544 1752 567 ι,39.
1789 537 1855 562 Cels.
1870 547 1892 569 3,
1906 548 1922 571 9
1942 541 1989 566 Scd
2004 541 2039 567 cst
2055 542 2165 569 circum-

1120 571 1202 606 specti
1216 579 1323 605 quoque
1341 571 1474 603 hominis,
1497 576 1522 596 et
1541 578 1641 596 nouare
1657 571 1807 604 interdum,
1828 580 1853 598 et
1869 581 1963 607 augere
1983 577 2122 610 morbum,
2141 584 2168 605 ct

1120 607 1208 633 febres
1228 606 1376 632 accendere.
1427 606 1566 640 Ingenium
1588 606 1713 641 cupidum
1734 608 1803 640 pacis
1825 607 2007 637 vehementius
2028 614 2171 641 accendere

1121 642 1180 669 Sall.
1195 644 1249 676 lug.
1262 651 1283 668 c.
1300 652 1327 668 10
1344 661 1349 668 .
1388 642 1520 667 Inuidiam
1535 641 1595 667 Sall.
1610 644 1666 676 lug.
1681 651 1702 668 c.
1720 650 1750 675 ις.
1793 643 1837 669 Sil.
1854 654 1882 676 ιι,
1897 652 1940 678 517
1961 646 2023 672 Latc
2044 648 2168 682 fulgenti-

35 688 170 723 Vcspafi23
188 685 273 711 Prima
287 692 392 718 quoquc
405 682 494 709 morbi
508 682 659 715 aci-cisione,
674 690 702 709 vt
721 679 828 714 (inquit)
843 686 923 713 puto,
937 679 1006 705 Deus
1020 679 1066 704 fio.
1081 682 1106 707 15
1123 678 1171 704 bus
1185 678 1266 704 armis
1304 677 1455 704 Accendunt
1467 678 1539 704 vltro
1548 678 1646 704 Lucem
1661 678 1790 712 surgentis
1807 679 1865 705 Eoi.
1903 681 2083 716 Virg.Gcorg.
2099 694 2116 715 1,
2130 693 2168 718 25¹

34 721 219 752 Acceffionibus
238 720 327 747 vexari
348 718 465 745 Scribon.
487 727 529 751 99.
559 720 587 744 it.
607 720 663 753 post
684 719 752 745 binas
767 722 889 741 ternosue
906 715 1064 741 accellioncs.

738 754 748 767 ‘
776 760 794 783 4
820 752 930 777 Vtuntur
943 752 988 777 hac
1002 760 1067 782 voce,

32 760 71 787 lb.
84 757 150 785 Add.
166 764 220 790 170.
254 755 306 781 vid.
321 754 406 781 Rhod.
421 755 483 780 Lex.
498 754 580 780 Scrilu.
838 787 844 790 ι
942 786 947 790 .

32 803 84 823 cum
96 793 206 819 iudicare
220 792 318 822 uolunt,
331 800 380 817 rem
410 791 470 825 211·st
486 800 533 816 noi:
545 793 598 825 peti
614 797 657 817 mir
668 785 730 821 confi
752 795 807 816 erm·
820 786 867 822 ,μί
881 790 945 822 quast
960 790 1062 821 Appen-

33 829 116 857 diccm
135 826 176 861 effi¹
196 828 306 853 alterius.
342 798 407 852 vulp
415 826 516 852 Acccilo
534 835 558 852 ιι.
576 835 596 859 ς.
636 824 697 852 Plin-
717 831 760 854 29,
782 831 791 848 1
823 823 894 848 Hinc
912 822 972 848 illae
992 823 1061 849 circa

1121 714 1181 740 Illic
1199 715 1254 740 scra
1272 712 1369 740 rubens
1391 713 1510 740 accendit
1522 713 1637 740 Lumina
1657 715 1764 748 vesper,
1784 717 1802 740 i.
1819 715 1941 750 Hesperus
1961 720 2050 742 oritur.
2093 721 2166 755 Virg.

1122 750 1186 776 Aen.
1203 752 1229 782 6,
1248 751 1289 782 163
1326 751 1392 775 Aere
1414 750 1483 776 ciere
1502 749 1591 781 viros,
1609 750 1776 784 Martemque
1797 750 1937 777 accendere
1957 758 2041 778 cantu.
2079 753 2123 780 Sil.
2138 765 2168 788 4,

1121 787 1166 818 ¹69
1203 802 1212 807 .
1231 801 1240 807 -
1261 802 1270 807 -
1290 801 1299 806 -
1325 785 1352 811 in
1366 786 1464 819 praclia
1479 791 1578 810 mentes
1617 785 1758 818 Accendis,
1779 795 1945 822 renouasque
1966 788 2039 814 viros
2060 789 2093 814 ad
2112 792 2169 816 vul-

1119 829 1182 847 nera
1195 826 1280 847 cantu.
1318 821 1409 847 Tacit.
1426 823 1491 847 Ann.
1506 829 1529 853 2,
1544 828 1575 854 57
1592 821 1763 847 Germanicus
1778 830 1833 848 erat
1847 823 2017 856 clementior,
2033 824 2076 850 sed
2088 826 2169 853 amici

31 873 121 900 aegros
139 864 249 890 miserae
268 861 431 888 medicorum
451 862 668 890 concertationes,
691 858 764 884 nullo
784 858 854 884 idem
874 859 1008 890 censente,
1029 867 1061 884 ne
1071 864 1105 883 20
1116 856 1288 884 accendendis
1311 856 1507 884 Offcnfionibus
1520 856 1619 889 callidi,
1633 857 1769 883 intendere
1784 867 1861 890 vera,
1876 867 1998 893 aggcrcre
2013 860 2085 886 falsa.
2112 862 2170 888 Me-

31 902 151 928 videatur
164 898 267 925 acccssio
279 898 394 925 alterius.
432 898 491 924 Liu.
501 907 543 931 43,
553 906 569 932 7
586 894 681 929 Syphax
695 902 741 920 rex
755 900 842 928 captus
857 894 960 921 accessio
970 895 1061 920 Punici

31 936 97 964 Belli
111 936 212 967 fuerat,
226 934 288 960 sicut
302 934 412 960 Gentius
428 932 598 960 Macedonici.
633 929 685 955 vid.
699 931 774 956 Gron.
804 931 879 956 Plura
892 933 919 956 in
933 931 997 956 hanc
1010 939 1061 956 rem

29 972 126 1008 collegit
142 973 199 997 Nic.
213 969 325 1004 Hcitfius
343 969 376 995 acl
392 969 456 995 Vcll.
472 970 563 995 Patere.
582 975 607 997 2,
625 974 655 999 ις
675 972 698 990 ft
711 974 771 1001 quos
789 965 875 991 laudnt
889 967 1006 992 Burman.
1027 964 1062 991 ad

31 1005 350 1042 Qiineiil.Dcclam.9,21
369 1014 393 1040 p.
406 1013 466 1037 209.
502 1002 651 1042 Sic—Plin.33
665 1010 756 1035 prooc.
784 1000 881 1028 Turba
896 1009 1059 1036 gemmarum

1114 893 1174 919 dius
1194 902 1253 919 cum
1267 891 1311 918 Sol
1329 892 1448 919 accendit
1468 893 1612 927 Olympum
1636 893 1681 919 Sil.
1700 902 1726 926 3,
1747 895 1803 928 67¹.
1837 895 1877 921 Sic
1893 895 1973 920 Drak.
1993 897 2025 921 al.
2045 897 2169 925 ascendit.

1114 928 1183 956 Add.
1199 928 1233 954 id.
1248 928 1373 954 Drakeno.
1388 928 1422 954 ad
1434 928 1479 955 Sil.
1496 938 1533 961 14,
1550 930 1589 954 26.
1622 928 1666 954 Sil.
1683 931 1719 962 16,
1735 937 1785 962 459
1822 930 1872 956 His
1884 929 1966 963 atitis,
1987 930 2082 958 duchr
2102 934 2172 959 lacta

1116 964 1149 991 ad
1173 964 1317 991 certamina
1340 965 1443 999 plantae
1498 965 1613 997 Inuitat,
1638 964 1781 999 positisque
1806 965 1923 992 accendit
1944 966 2053 993 Pec‘cora
2081 968 2168 996 donis.

1117 1000 1209 1027 Tacit.
1224 1000 1292 1026 Hist.
1309 1009 1336 1033 4,
1351 1003 1391 1033 56,
1405 1009 1417 1026 2
1437 999 1509 1026 Vicit
1522 1001 1592 1026 ratio
1607 1001 1746 1034 parcendi,
1767 1010 1799 1027 ne
1816 1001 1916 1028 sublata
1931 1003 1973 1036 spe
1987 1003 2096 1036 veniae,
2112 1013 2170 1038 per.

30 1050 162 1080 potamuS,
181 1048 207 1068 et
220 1043 360 1076 smaragdis
378 1041 487 1074 tegimus
501 1038 589 1065 calices
607 1052 651 1056 —
673 1044 699 1063 ct
717 1046 810 1063 aurum
832 1037 883 1063 iam
901 1037 1005 1064 accessio
1024 1037 1060 1063 est
1074 1045 1105 1070 25
1116 1036 1215 1062 tinacia
1230 1036 1424 1062 accenderetur.
1462 1036 1527 1062 Plin.
1544 1042 1576 1068 18,
1591 1045 1616 1068 25
1642 1038 1659 1062 s.
1673 1039 1707 1063 60
1727 1037 1757 1062 de
1776 1038 1944 1073 Virgiliarum
1952 1040 2046 1072 fidere,
2062 1040 2169 1066 Numlo

27 1083 46 1108 i.
64 1081 145 1106 minus
161 1078 293 1113 pretifiim
314 1081 340 1102 in
357 1078 456 1113 poculis.
499 1075 538 1101 Sic
557 1072 623 1108 apud
640 1073 751 1099 eundem
772 1082 813 1106 34,
832 1082 844 1106 3
863 1074 881 1099 s.
896 1076 913 1099 6
950 1073 1060 1099 Accessio

29 1114 177 1143 candelabri
193 1114 244 1140 fuit
257 1113 389 1147 Clesippus
401 1111 480 1142 fullo,
501 1108 596 1144 gibber
608 1115 634 1135 et
647 1109 700 1135 alio
714 1109 807 1135 foedus
820 1109 938 1144 aspectu,
952 1112 968 1135 i.
984 1117 1061 1136 emtor

28 1150 170 1179 candelabri
183 1149 338 1176 corollarium
352 1145 416 1184 quasi
425 1146 558 1181 accipiebat
571 1146 635 1172 hunc
648 1144 788 1180 Clifippnm.
827 1147 894 1171 Hinc
904 1145 1061 1172 Accessioncs

28 1189 101 1214 ctiam
116 1185 289 1212 Fideiussores
302 1191 418 1211 vocantur
436 1192 450 1208 a
463 1181 551 1208 Paullo
565 1181 593 1207 in
607 1181 622 1207 1.
644 1181 671 1207 Si
684 1182 787 1207 seruum
800 1180 943 1216 stipulatus.
981 1182 1013 1208 D.
1028 1181 1060 1207 de

28 1221 104 1250 verb.
117 1221 228 1256 obligat.
945 1254 948 1258 .

29 1257 187 1286 Accessiones
207 1260 233 1283 in
248 1260 299 1283 iure
313 1259 384 1282 etiam
398 1254 550 1289 appellantur
563 1252 687 1285 Fructus,
709 1260 812 1287 partus,
833 1259 858 1279 et
876 1262 963 1280 omnis
978 1255 1060 1280 causa.

28 1303 54 1322 v.
66 1303 91 1334 g.
106 1294 122 1319 l.
133 1303 144 1319 2
164 1294 195 1319 D.
211 1293 242 1319 de
257 1293 284 1318 in
297 1291 365 1318 diem
377 1289 472 1316 addidi.
490 1290 506 1316 1.
521 1298 559 1322 50.
582 1289 614 1315 D.
628 1288 660 1315 ad
673 1288 786 1315 Trebel.
808 1290 838 1315 In
848 1289 980 1316 Aedilium
994 1299 1060 1316 vcro

29 1329 118 1357 edicto
133 1336 299 1364 quaecunque
319 1326 448 1361 emptioni
461 1326 600 1357 accedunt,
619 1332 644 1351 et
660 1331 763 1359 practer
783 1326 898 1360 pretium
912 1325 945 1352 ab
959 1333 1062 1352 emtore

29 1372 188 1400 erogantur,
201 1363 346 1391 acceffiones
360 1368 494 1388 vocantur.
505 1361 557 1393 [ες
573 1360 595 1398 6.
607 1361 650 1387 vlt.
666 1361 720 1387 etl.
737 1369 767 1396 :7
794 1361 825 1387 D.
843 1361 874 1387 de
889 1361 966 1388 aedil.
981 1361 1060 1388 edict

30 1401 209 1429 Posseffionum
223 1402 294 1426 etiam
310 1397 463 1425 Accessiones
483 1398 598 1423 dicuntur
605 1416 612 1428 ‚
633 1397 736 1432 quando
754 1396 909 1430 auctorum,
928 1404 1062 1425 eteorum
1076 1403 1104 1429 35
1119 1396 1226 1422 Viscera
1246 1402 1331 1428 mtus,
1352 1395 1420 1422 foris
1439 1396 1528 1421 infuso
1548 1396 1735 1431 refrigerandi.

30 1437 60 1465 in
73 1445 139 1472 quos
152 1436 184 1463 ab
199 1435 238 1462 his
252 1436 292 1462 ius
304 1433 407 1467 transit,
426 1432 583 1468 possessiones
599 1433 801 1466 coniunguntur.
822 1432 840 1459 l.
855 1442 913 1468 pen.
926 1435 958 1460 D.
974 1434 1006 1460 de
1023 1434 1062 1461 di-

31 1474 98 1501 vers.
112 1478 138 1499 et
158 1478 236 1506 temp.
251 1471 359 1507 praescr.
399 1470 440 1496 Sic
455 1468 562 1495 Accessio
581 1468 649 1495 cedit
667 1469 806 1504 principali
828 1469 886 1504 le.
907 1470 936 1496 in
954 1470 972 1496 l.
993 1471 1062 1496 Cum

32 1517 125 1536 aurum
140 1506 162 1542 6.
177 1508 366 1543 pcrueniamus.
402 1505 433 1530 D
442 1504 473 1531 de
481 1513 536 1531 aur.
546 1511 571 1530 ct
582 1514 635 1538 arg.
650 1504 700 1539 leg.
709 1505 726 1530 s.
737 1514 778 1538 34,
789 1513 858 1537 2‚19,
872 1514 904 1537 13.
941 1505 1061 1540 Add.34,

31 1553 54 1577 2,
68 1552 98 1577 ²9
117 1541 144 1569 et*
159 1546 184 1575 6,
201 1553 220 1575 1,
236 1552 270 1575 ες,
285 1549 298 1574 ς
311 1544 340 1567 it.
353 1539 436 1567 Instit.
452 1549 473 1572 2,
489 1550 506 1573 1,
523 1542 560 1566 26.
599 1540 651 1566 vid.
664 1542 745 1567 Cuiac.
761 1540 817 1574 olvffi
830 1550 866 1573 10,
881 1547 912 1571 18.

65 1586 88 1606 A
97 1584 162 1605 CCE
171 1585 184 1604 s
194 1585 206 1604 s
215 1584 233 1604 ο
246 1584 279 1609 R,
300 1575 364 1602 oris.
394 1577 536 1611 [nfoo-lrm]
573 1579 616 1612 qui
634 1576 736 1602 accedit.

28 1621 56 1648 7,
73 1623 78 1639 ι
104 1613 160 1640 Nec
178 1612 286 1639 accessor
307 1611 437 1646 gloriosae
457 1611 529 1638 illius
548 1621 677 1647 pompae,
698 1612 742 1639 sed
759 1612 853 1639 auc'tor
873 1613 1000 1648 spectatus
1019 1614 1063 1641 cst.

27 1647 76 1677 Sed
90 1648 216 1675 Accenso‘r
227 1650 329 1674 coniicit
343 1648 462 1684 Pighius:
483 1647 594 1674 Acceffio
608 1658 636 1673 ex
649 1649 722 1676 libris
736 1651 836 1684 optimis
853 1650 958 1677 Torren.

65 1691 134 1712 Aee
143 1691 158 1711 E
166 1691 178 1711 S
187 1690 243 1711 8113
252 1691 262 1711 Ι
271 1691 287 1710 L
297 1691 306 1710 1
316 1691 345 1715 S,
365 1690 390 1709 et
411 1692 433 1710 e.
471 1683 572 1710 Gloss‘ae
587 1684 684 1716 cyrilli
703 1683 839 1718 ἓυπρᾶσιτιις
857 1686 968 1712 vertitur.
993 1687 1065 1713 Ter-

27 1720 85 1749 mli.
99 1719 196 1746 aducrs.
235 1720 349 1746 Praxean
368 1728 389 1746 c.
405 1727 436 1752 ις,
459 1720 506 1746 Per
519 1718 689 1746 acccssibilem
709 1720 803 1746 lucem.

64 1763 86 1783 A
94 1763 135 1783 CC
144 1763 158 1782 Ε
167 1762 179 1782 S
188 1762 200 1782 S
210 1763 220 1782 1
230 1761 288 1782 1311.
297 1763 306 1781 1
316 1762 337 1782 T
346 1762 366 1781 A
375 1762 387 1781 s
395 1774 402 1787 ,
416 1755 480 1788 atis,
496 1755 515 1781 f.
538 1755 660 1781 Eiusdem
675 1756 843 1783 Tertulliani
857 1756 893 1783 est
909 1756 982 1783 dieto
992 1757 1066 1784 loco:
1078 1764 1111 1791 43

27 1797 58 1820 vt
71 1791 202 1818 contraria
219 1790 465 1825 [immortalitatis]
490 1790 537 1826 ipfi
553 1791 611 1818 filio
624 1791 848 1827 adscriberemus,
868 1793 1070 1826 mortalitatem,

25 1826 251 1856 ncceffibilitatem.

65 1871 88 1891 A
95 1870 112 1891 c
120 1869 137 1890 c
146 1870 161 1890 E
170 1871 182 1890 s
192 1870 204 1890 s
214 1870 224 1890 1
234 1869 254 1889 v
263 1869 284 1889 v
293 1869 306 1889 s
313 1882 322 1896 ,
343 1871 358 1889 a
365 1883 373 1895 ,
390 1871 443 1889 um.
481 1863 560 1889 Gloss‘.
575 1864 622 1890 Gr.
636 1863 694 1890 Lat.
709 1863 837 1899 orpffims.

65 1905 135 1927 ACC
145 1905 182 1925 ES
192 1906 223 1925 81
233 1904 298 1931 TO,
319 1907 379 1931 are,
395 1899 579 1934 frequentatiu.
615 1899 683 1924 Gell.
699 1903 732 1929 18,
749 1907 771 1923 12
797 1905 829 1923 ex
849 1897 959 1923 Catonis
977 1897 1073 1931 Origg.

30 1934 128 1963 Eodem
147 1943 270 1961 conuenae
284 1934 432 1968 complures
446 1941 477 1958 ex
491 1941 554 1966 agro
566 1932 752 1958 acceffitauere.

66 1977 113 1999 AC
120 1978 136 1998 C
147 1977 162 1997 Ε
171 1978 184 1997 S
193 1977 206 1996 s
216 1976 236 1996 Ο
245 1976 265 1995 R
273 1976 284 1995 1
291 1976 312 1996 V
320 1975 362 2000 M,
381 1969 403 1993 ii
410 1987 419 1999 ‚
437 1967 503 2002 apud
518 1969 605 2003 uulgus
620 1967 741 1999 lCtorum,
754 1966 817 1993 idem
830 1965 863 2000 est
877 1966 942 2000 quod
948 1965 1071 1995 Acceffio,

28 2006 72 2036 vbi
86 2006 140 2033 vid.

68 2049 91 2074 A
98 2048 115 2068 c
123 2048 140 2068 c
149 2048 166 2067 Ε
174 2048 191 2067 1.
199 2045 217 2066 E
226 2045 268 2066 BR
276 2045 296 2066 o
303 2058 312 2071 ,
331 2046 385 2065 are.
421 2036 541 2063 Vestrum
554 2035 672 2061 crebrius
686 2032 849 2060 accelebrare
863 2031 1002 2059 consilium
1015 2040 1070 2061 non

32 2076 149 2113 piguen't
166 2076 244 2102 Mart.
259 2074 363 2108 Capella
374 2080 392 2103 9
414 2080 438 2104 p.
452 2078 511 2102 304.

69 2118 188 2140 Acci-31.
199 2108 241 2135 ἐκ
251 2116 284 2139 ο,
304 2116 338 2132 as.
359 2102 523 2137 [ἔπισπεύδω]
549 2112 579 2129 ex
593 2103 632 2130 Ad
644 2110 668 2129 et
681 2103 793 2136 Celero,
811 2101 894 2130 afflue
913 2109 937 2129 et
949 2104 1069 2130 neutrali·
1081 2113 1110 2140 55
1127 2106 1157 2131 Et
1172 2104 1239 2131 Plin.
1255 2113 1294 2140 17,
1307 2114 1335 2139 4.

29 2155 69 2174 ter
81 2148 181 2181 legitur.
217 2142 382 2172 Accelerare,
400 2139 480 2166 affine
494 2138 599 2174 positum
608 2159 614 2170 ,
633 2141 691 2165 Rem
704 2141 812 2175 aliquam
818 2139 908 2182 facere
916 2141 1068 2202 gelerliorem,

884 2185 900 2201 1.
939 2184 981 2201 cce
993 2184 1071 2202 erare>

29 2188 74 2214 vt,
98 2180 144 2212 Id,
164 2177 235 2214 quod
254 2184 346 2204 natura
367 2175 453 2210 cogit,
478 2175 622 2202 accelerare
643 2175 712 2210 Ncp.
735 2184 771 2208 ες,
786 2184 821 2208 22,
837 2185 857 2202 ⁴..-

30 2223 144 2246 mortem
157 2215 224 2242 Plin.
237 2215 274 2245 16,
287 2215 328 2246 36.
360 2211 406 2238 Sil.
422 2211 478 2238 Ital.
492 2220 520 2246 7,
534 2213 579 2244 565
603 2211 780 2237 Acceleremus
794 2212 889 2246 Opem.
914 2211 976 2238 Stat.
994 2212 1065 2244 Sylu.

31 2263 52 2287 ι,
66 2261 88 2285 2,
103 2253 149 2282 268
175 2249 305 2277 Accelcrct
324 2254 398 2283 partu
413 2247 544 2274 decimum
562 2247 630 2274 bona
644 2247 760 2279 Cynthia
773 2247 898 2274 mensem.
938 2249 1067 2274 Neutrali-

1084 1938 1116 1962 30
1127 1939 1227 1956 amore.
1264 1930 1331 1955 Plin.
1346 1936 1382 1961 17,
1396 1936 1413 1953 1.

1117 1072 1209 1098 occasu
1231 1072 1381 1106 pluuiosam
1402 1071 1519 1098 hiemem
1548 1072 1702 1105 denuntiat,
1726 1072 1866 1108 statimque
1891 1080 1986 1108 augent
2004 1075 2170 1103 lacernarum

1116 1108 1217 1135 Pretia:
1242 1108 1334 1134 sereno
1349 1108 1481 1142 aspertum
1500 1113 1525 1133 ct
1539 1108 1703 1142 reliquarum
1717 1109 1828 1135 vestium
1842 1110 1994 1136 accendunt.
2031 1111 2136 1138 Lucret.
2147 1122 2174 1146 2,

1115 1151 1166 1178 957
1203 1143 1234 1170 Et
1247 1143 1317 1178 quasi
1332 1144 1385 1170 iam
1400 1144 1447 1169 leti
1462 1143 1644 1170 dominantem
1661 1145 1689 1170 iu
1703 1153 1815 1179 corpore
1830 1152 1932 1172 motum
1970 1146 2120 1181 Discutere,
2140 1156 2171 1174 ac

1117 1188 1183 1214 pene
1192 1179 1295 1206 amissos
1303 1180 1442 1206 accendere
1451 1180 1544 1206 sensus.
1573 1179 1640 1206 Cels.
1649 1189 1671 1212 3,
1680 1182 1696 1206 6
1709 1182 1780 1207 Haec
1789 1181 1860 1207 enim
1869 1182 1937 1207 sitini
1945 1183 2073 1215 accendit,
2080 1190 2170 1211 ettum

279 1218 386 1247 Acceffio
398 1217 433 1244 est
445 1217 576 1244 fideiussor
595 1217 642 1252 qui
654 1217 794 1251 principali
814 1217 932 1243 debitori
952 1218 1061 1244 accedit.
1081 1216 1233 1245 301naxime
1247 1224 1342 1250 aquam
1356 1216 1456 1250 exigit,
1470 1225 1553 1251 quum
1567 1215 1612 1242 illa
1628 1216 1839 1251 periculolissima
1853 1217 1899 1250 est,
1914 1222 2034 1258 Loquitur
2048 1220 2169 1255 desebre.

1117 1252 1209 1278 Tacit.
1225 1253 1291 1278 Ann.
1307 1262 1343 1284 12,
1363 1272 1369 1279 .
1388 1272 1395 1278 .
1416 1272 1423 1278 .
1466 1252 1504 1278 Ad
1518 1252 1568 1278 hoc
1588 1253 1708 1286 gentium
1729 1253 1851 1280 duetorcs
1873 1263 2031 1287 circumure,
2054 1254 2170 1288 hortari,

1118 1288 1225 1315 firmare
1241 1289 1354 1321 animos,
1370 1287 1517 1314 minuendo
1529 1295 1612 1321 metu,
1625 1288 1789 1316 accendenda
1803 1290 1854 1324 spe,
1871 1290 1983 1324 aliisque
1998 1290 2061 1316 belli
2078 1292 2170 1318 incita-

1118 1324 1224 1351 mentis.
1270 1324 1363 1350 Claud.
1379 1324 1410 1350 de
1425 1325 1456 1350 R.
1473 1325 1543 1351 Pros.
1561 1334 1578 1357 1,
1593 1333 1632 1357 253
1659 1325 1749 1352 Stellas
1763 1326 1881 1352 accendit
1897 1326 1925 1352 in
1938 1335 2020 1359 auro,
2040 1329 2113 1363 Apio
2127 1338 2169 1353 ιιιι-

1118 1369 1160 1387 reo
1174 1362 1325 1397 acupingit.
1367 1360 1434 1386 Plin.
1457 1368 1512 1393 4‚5
1532 1361 1604 1386 Vino
1623 1367 1715 1387 natura
1736 1361 1772 1388 est
1793 1362 1885 1388 hausto
1904 1363 2061 1388 accendendi
2082 1363 2171 1389 calore

1248 1396 1252 1400 ’
1779 1397 1860 1424 Ouid.
1879 1397 1910 1423 dc
1925 1399 1999 1425 Rem.
2018 1401 2106 1424 Amor.
2125 1407 2170 1431 ¹33·

1118 1432 1275 1466 Quinetiam
1296 1431 1418 1458 accendas
1434 1431 1522 1464 Vitia,
1548 1432 1690 1466 irritosque
1712 1433 1842 1465 vetando,
1879 1434 2065 1467 Temporibus
2083 1434 2100 1460 fi
2117 1444 2171 1462 non

1117 1467 1271 1503 aggrediare
1285 1467 1346 1494 suis.
1382 1467 1439 1494 Val.
1453 1467 1522 1494 Flac.
1536 1476 1559 1500 3,
1574 1477 1610 1500 41‹
1631 1469 1701 1502 Ergo
1715 1469 1762 1495 vbi
1777 1470 1899 1503 puniceas
1914 1470 2011 1496 Omns
2024 1471 2173 1497 accenderit

1118 1504 1214 1530 Vndas.
1253 1505 1293 1531 Sic
1304 1504 1359 1530 vult
1373 1504 1458 1530 But-m.
1472 1505 1504 1530 al.
1521 1502 1620 1530 ascend.
1659 1504 1721 1531 Stat.
1730 1504 1793 1531 Silu.
1808 1514 1831 1538 3,
1845 1514 1873 1538 4,
1889 1513 1912 1538 51
1932 1505 2015 1531 Vestis
2029 1507 2119 1532 roseos
2132 1515 2172 1533 ac-

1119 1540 1230 1567 cendere
1244 1540 1338 1567 Vultus
1356 1546 1422 1574 apta.

791 1577 920 1603 Laudatur
940 1577 1028 1605 Valer.
1041 1585 1063 1612 ς,
1077 1581 1115 1607 40
1157 1583 1252 1603 ACCE
1263 1583 1284 1603 N
1294 1583 1312 1602 D
1322 1582 1341 1602 0
1351 1582 1368 1602 R
1377 1595 1387 1609 ‚
1408 1576 1469 1602 cris.
1485 1573 1549 1611 paſjss
1572 1573 1770 1611 [διαπυρᾶσμαι]
1803 1578 1906 1604 Praeter
1925 1585 1966 1607 ea,
1988 1587 2047 1613 quae
2061 1577 2174 1604 dedimiae

1121 1612 1191 1638 modo
1205 1622 1231 1638 n.
1245 1622 1265 1639 2.
1302 1611 1369 1638 Plin.
1379 1620 1402 1645 2,
1415 1617 1443 1645 38
1462 1611 1558 1638 Mundi
1573 1612 1709 1638 celeritate
1725 1612 1857 1639 discordia
1869 1613 2029 1640 accenditur.
2050 1615 2092 1640 Lo.
2104 1624 2174 1641 mtur-

1121 1648 1150 1675 de
1164 1656 1229 1674 motu
1243 1648 1333 1674 diurno
1347 1650 1418 1675 caeli.
1433 1649 1489 1674 [ic.
1503 1647 1535 1674 de
1548 1649 1623 1675 Orat.
1635 1658 1652 1682 1,
1669 1657 1708 1682 ¹¹4
1727 1649 1860 1675 Praeclare
1874 1650 1899 1676 se
1912 1658 1953 1675 res
1966 1649 2069 1682 habeat,

1121 1684 1229 1712 accendi
1241 1691 1285 1711 aut
1299 1684 1467 1710 commoneri
1482 1693 1497 1718 a
1511 1690 1536 1710 te
1551 1685 1661 1718 poss'unt.
1701 1686 1861 1718 Accendier,
1887 1686 1993 1712 Lucrct.
2008 1689 2041 1720 6,
2057 1696 2104 1720 901

1280 1721 1380 1747 Nonne
1395 1719 1469 1746 vides
1484 1721 1564 1746 ctiam
1578 1719 1708 1746 noo'tuma
1722 1720 1755 1746 ad
1769 1721 1869 1746 lumina
1884 1721 1969 1747 linum

1281 1755 1376 1790 Nuper
1390 1754 1438 1780 vbi
1450 1754 1597 1780 extinctum
1611 1754 1767 1786 admoneas,
1786 1754 1924 1783 accendier
1937 1762 1998 1783 ante

1282 1792 1370 1823 Quam
1389 1789 1477 1822 tetigit
1491 1789 1642 1814 flammam?

1161 1832 1379 1855 ACCENSVS,
1405 1832 1434 1856 a,
1457 1832 1518 1856 um,
1544 1824 1636 1850 Partic.
1661 1830 1690 1850 vt
1711 1824 1821 1852 Accensa
1839 1826 1932 1853 altaria
1957 1824 2175 1861 [ἐικκααυμένω]

1126 1862 1173 1887 Sil.
1188 1870 1208 1893 1,
1227 1880 1234 1886 .
1255 1880 1261 1886 .
1281 1879 1288 1886 .
1326 1860 1425 1885 Patere.
1440 1867 1462 1891 ε,
1480 1868 1516 1891 9ι,
1530 1868 1538 1884 ι
1558 1862 1639 1885 Atrox
1660 1859 1688 1884 in
1703 1859 1824 1886 Thracia
1841 1862 1941 1887 bellum
1961 1869 2067 1894 ortum,
2087 1863 2175 1888 omni-

1126 1895 1176 1922 bus
1197 1896 1253 1921 eius
1271 1895 1355 1929 gentis
1375 1894 1528 1919 nationibus
1549 1894 1577 1918 in
1598 1902 1669 1919 arma
1688 1895 1805 1921 accenfis.
1854 1897 1981 1921 Accensus
2003 1896 2086 1929 odio,
2119 1898 2175 1930 ira,

1453 1928 1569 1953 Accenlis
1581 1928 1691 1961 egestate
1706 1928 1783 1963 longa
1798 1930 1968 1964 cupidinibus
1983 1932 2175 1959 immoderatus

1127 1965 1195 1989 Tac.
1205 1964 1240 1989 H.
1255 1972 1274 1994 1,
1288 1965 1333 1993 66,
1346 1971 1367 1994 3.
1410 1962 1527 1988 Flamma
1547 1964 1650 1989 accensa
1675 1964 1755 1991 Ouid.
1771 1967 1836 1992 Met.
1854 1976 1890 1998 10,
1906 1974 1962 2000 279.
2008 1967 2071 1993 Foci
2092 1968 2174 1995 Ouid.

1126 1997 1192 2023 Fast.
1203 2007 1220 2030 1,
1235 2000 1279 2031 76.
1316 1997 1404 2024 Furiis
1419 1998 1538 2033 accensus
1551 2000 1626 2034 Virg.
1641 2002 1705 2025 Aen.
1721 2010 1752 2033 ι’,
1769 2004 1832 2034 946.
1870 2003 1972 2029 Furore
1984 2003 2058 2037 Virg.
2073 2007 2135 2031 suen.
2146 2013 2175 2038 4,

1125 2034 1187 2067 697.
1225 2033 1320 2059 Gloria
1332 2034 1451 2059 accensus
1465 2035 1525 2061 Liu.
1540 2044 1562 2067 2,
1576 2045 1616 2062 20.
1653 2035 1733 2063 Ouid.
1749 2038 1814 2063 Met.
1831 2047 1863 2071 ις,
1879 2047 1902 2064 12
1922 2040 1956 2064 Vt
1971 2045 2046 2065 vetus
2065 2041 2175 2067 accenfis

1126 2067 1263 2095 incanduit
1282 2069 1390 2103 Ignibus
1407 2078 1459 2097 ara.
1501 2071 1542 2097 Ira
1563 2071 1681 2098 accensus
1701 2073 1767 2099 Plin.
1786 2081 1822 2109 17,
1835 2083 1862 2107 4.
1905 2075 1935 2100 In
1957 2075 2023 2101 iram
2038 2076 2134 2103 Lucan.
2151 2086 2175 2110 3,

1374 2107 1431 2132 Irae
1449 2108 1567 2133 accensae
1590 2107 1702 2134 stimulis
1719 2109 1867 2136 maioribus
1882 2110 1943 2137 Stat.
1959 2110 2051 2138 Theb.
2069 2121 2100 2144 ιι,
2117 2122 2173 2139 100.

1124 2142 1156 2166 Et
1171 2140 1253 2167 Ouid.
1268 2142 1334 2168 Met.
1350 2150 1377 2174 9,
1391 2148 1431 2172 28.
1470 2143 1548 2178 Lapis
1562 2143 1693 2170 Samonic.
1705 2153 1749 2177 393
1777 2149 1795 2171 ι’.
1812 2145 1928 2172 caudens.
1966 2146 2093 2174 Libidine
2108 2149 2174 2175 Plin.

1123 2184 1161 2217 35,
1175 2185 1196 2209 3.
1236 2177 1321 2204 Lucia
1336 2178 1412 2212 Virg.
1428 2179 1493 2207 Aen,
1516 2187 1553 2212 12,
1569 2187 1630 2215 277.
1674 2179 1747 2206 Odio
1768 2182 1887 2208 accensus
1902 2182 1969 2209 Plin.
1985 2191 2023 2218 17,
2039 2192 2057 2209 1.
2102 2184 2174 2218 Regi

1123 2213 1199 2247 Virg.
1216 2213 1280 2239 Aen.
1295 2222 1327 2246 11,
1342 2219 1391 2244 188.
1430 2216 1461 2240 Et
1475 2214 1541 2241 Plin.
1551 2218 1576 2248 6,
1594 2224 1629 2248 19.
1668 2215 1759 2243 Sensus
1773 2218 1876 2244 Lucret.
1886 2227 1910 2250 2,
1925 2224 1980 2251 958,
2018 2220 2077 2253 Spes
2093 2219 2174 2247 alicui

1122 2249 1226 2275 accensa
1240 2250 1314 2284 Virg.
1329 2250 1395 2276 Aen.
1412 2258 1434 2283 ς,
1451 2256 1499 2282 [83.
1543 2251 1622 2278 Teda
1638 2253 1740 2279 accensa
1757 2253 1833 2280 Lucr.
1850 2256 1875 2286 6,
1891 2259 1938 2283 881.
1965 2256 2076 2291 Denique
2097 2257 2172 2291 Virg-

2109 1650 2174 1677 haec

31 2295 69 2315 ter
83 2285 116 2321 est
126 2289 284 2321 Properate,
305 2284 435 2311 festinare.
477 2284 533 2310 Cic.
549 2283 657 2309 Catilin.
673 2294 692 2315 r,
706 2291 723 2318 7
744 2292 765 2309 c.
782 2292 800 2315 4
826 2283 934 2309 Aurelia
948 2283 996 2323 via·
1006 2292 1066 2318 pro·
1077 2285 1113 2310 60
1123 2285 1189 2311 Aen.
1204 2294 1232 2318 4,
1246 2287 1306 2318 364.
1320 2285 1470 2321 simpliciter
1480 2293 1528 2322 pro
1543 2287 1609 2314 irata
1621 2287 1713 2323 posuit.
1752 2290 1783 2315 Et
1798 2289 1830 2315 sic
1848 2291 1952 2316 accensa
1967 2291 2098 2325 profatur.

6 2331 7 2334 ’
31 2322 115 2352 fectus
133 2322 182 2350 est:
201 2321 218 2348 si
231 2320 373 2348 accelerare
390 2319 496 2352 volent,
515 2318 547 2345 ad
567 2319 701 2354 vesperam
721 2321 923 2354 consequentur.
959 2318 1026 2346 Plin.
1045 2329 1067 2353 2,
1413 2320 1423 2328 ⁶

31 2361 59 2387 16
77 2368 115 2394 pr.
157 2358 222 2385 Non
241 2357 303 2392 quia
320 2355 477 2388 accelerent,
496 2354 632 2382 tardentue
650 2355 896 2394 naturalesmotuS.

33 2395 153 2430 (ignifer,
171 2401 283 2430 propera
295 2392 370 2419 miles
385 2392 444 2418 Liu.
459 2400 482 2424 3,
495 2398 527 2426 27
546 2397 610 2418 extr.
648 2391 694 2419 Sed
710 2392 843 2425 transmitto
863 2393 931 2417 ratio
945 2390 1068 2427 frequen-

32 2433 92 2460 tior.
126 2431 166 2458 Sic
179 2429 330 2468 Afcclerare
343 2428 467 2463 gradum,
487 2427 547 2454 Liu.
563 2436 585 2460 2,
598 2435 640 2460 43.
683 2428 724 2454 Sic
737 2427 809 2453 Caes.
823 2427 852 2453 B.
866 2427 897 2453 C.
912 2435 933 2459 ε,
946 2434 977 2458 39
1001 2427 1067 2453 Iter-

33 2475 85 2502 que
96 2465 240 2498 accelerat,
259 2470 291 2492 vt
307 2473 385 2500 quam
405 2464 518 2490 maxime
543 2471 574 2489 ex
593 2463 656 2498 fuga
673 2463 828 2497 perterritos
849 2462 952 2488 adoriri
977 2463 1066 2496 posset.
1080 2468 1112 2500 65

32 2501 123 2531 Tacit.
133 2503 162 2529 A.
177 2510 200 2534 3,
212 2509 253 2536 73,
266 2510 278 2534 3
313 2500 483 2527 Consulatum
502 2499 528 2525 ei
545 2499 735 2526 accelerauerat
756 2498 892 2533 Augustus.
928 2498 1038 2532 Qun&
1048 2508 1066 2530 1,

35 2547 54 2571 ι,
66 2546 92 2571 3ι
114 2539 145 2564 In
157 2536 271 2564 lectione
289 2545 342 2563 non
356 2543 496 2572 properare
513 2535 545 2561 ad
561 2535 765 2562 continuandam
786 2543 842 2560 cam
863 2533 906 2560 vel
925 2534 1068 2562 acceleran-

36 2573 104 2601 dam.
139 2573 202 2599 Stat.
214 2571 307 2598 Theb.
320 2573 347 2604 6,
360 2581 405 2605 24²
426 2564 528 2598 Mirum
548 2579 613 2605 opus
635 2571 793 2598 accelerante
810 2579 897 2597 manu.
930 2571 1067 2605 Praecepta

36 2607 194 2640 accelerare,
211 2609 228 2632 i.
246 2606 354 2642 Studiose
361 2607 449 2642 facere
462 2609 588 2641 imperata.
616 2606 708 2634 Claud.
723 2606 754 2634 de
767 2607 843 2642 Rapt.
857 2606 974 2641 Proserp.
989 2616 1007 2640 1,
1020 2614 1066 2639 229

36 2643 113 2671 Viam
128 2642 183 2669 Val.
197 2641 264 2669 Flac.
280 2646 375 2676 Argon.
390 2647 413 2674 8,
432 2643 481 2675 ⁶3-
583 2669 586 2672 ,

71 2685 116 2706 Ac
125 2685 143 2705 c
152 2685 167 2705 13
176 2685 192 2704 L
200 2684 217 2704 Ε
227 2684 246 2704 R
254 2684 275 2704 A
285 2684 306 2704 Τ
313 2685 323 2704 ι
331 2684 366 2710 o,
381 2677 448 2704 onis.
466 2676 608 2709 [ἓγκίνησιε,
621 2678 720 2712 ὕπειξις]
750 2675 882 2710 Festinan'o
890 2697 898 2708 ‚
913 2680 1067 2713 properatio.

35 2713 112 2741 Λιιᾶ.
126 2713 158 2740 ad
170 2713 286 2740 Herenn.
299 2722 312 2746 3
329 2722 351 2741 c.
367 2722 388 2745 :3
411 2713 601 2747 Continuatio,
616 2714 651 2741 cst
663 2714 793 2741 orationis
808 2713 981 2740 enuntiandae
998 2722 1068 2740 acce-

6 2746 11 2748 *
32 2748 128 2778 leratio
144 2749 262 2776 clamosa.

72 2791 142 2813 Ace
150 2791 166 2812 E
176 2793 195 2812 N
204 2791 222 2812 D
230 2791 249 2812 O
257 2804 265 2817 ,
280 2783 308 2810 di
316 2803 324 2816 5
338 2783 393 2810 sum
401 2804 409 2817 ,
423 2793 483 2818 ere,
502 2783 589 2817 [ἵζηται
597 2808 606 2821 ‚
628 2783 742 2822 dtoexvpdw
749 2807 757 2819 ,
781 2784 897 2819 διακαίω]
918 2788 998 2823 ignem
1009 2785 1068 2822 sub-

947 2355 964 2380 A
969 2355 1069 2382 cce-Iera

1075 2651 1111 2680 70
1122 2651 1194 2678 quum
1207 2651 1280 2670 antea
1293 2645 1429 2680 legeretur,
1449 2644 1593 2672 Cerdones.

1160 2327 1207 2348 AC
1216 2328 1232 2348 c
1243 2328 1259 2348 E
1270 2329 1292 2347 N
1302 2329 1314 2348 s
1325 2329 1345 2347 v
1355 2329 1368 2348 s
1378 2341 1386 2354 ,
1410 2331 1449 2348 us.
1478 2324 1491 2357 [
1498 2324 1626 2357 ἓὸικαυσις]
1671 2324 1851 2351 Lucernarum
1872 2326 1979 2353 accensu
1998 2326 2065 2354 Plin.
2086 2334 2134 2362 37,
2155 2333 2175 2362 7

1116 2363 1196 2392 prout
1210 2356 1291 2383 Hard.
1305 2359 1383 2394 legere
1395 2367 1440 2383 nos
1454 2359 1528 2385 iubet.
1567 2359 1639 2395 szs.
1655 2359 1800 2392 Symmach.
1816 2371 1839 2394 3,
1853 2367 1895 2395 48.

1160 2398 1207 2419 Ac
1216 2399 1232 2420 c
1241 2400 1258 2420 Ε
1267 2400 1289 2419 N
1300 2401 1312 2420 s
1322 2401 1332 2420 1
1342 2400 1377 2425 0,
1391 2394 1462 2419 onis.
1498 2395 1557 2421 Vet.
1572 2395 1652 2422 Glofl'.

1159 2435 1358 2456 Accansw
1369 2436 1518 2462 NCVLA,
1540 2439 1578 2457 ae.
1607 2430 1757 2466 [tummim
1772 2430 1786 2459 ἦ
1798 2431 1878 2466 νόσος]
1916 2434 1975 2460 Ver.
1991 2432 2071 2460 Gloss‘.

1158 2470 1206 2491 AC
1215 2471 1231 2491 C
1242 2471 1258 2491 E
1268 2472 1290 2490 N
1300 2472 1312 2491 S
1322 2471 1342 2491 O
1352 2471 1371 2491 R
1379 2483 1388 2497 5
1410 2465 1475 2492 oris.
1497 2465 1646 2502 [βέλαρχος
1656 2488 1662 2498 ,
1682 2467 1842 2502 ἓισικγωγεῦς]
1881 2468 1937 2495 Val.
1951 2470 2022 2496 Max.
2033 2478 2055 2502 5,
2070 2476 2096 2504 7,
2112 2478 2122 2496 Ι
2143 2479 2173 2497 ex

1117 2499 1245 2535 fintentia
1260 2501 1360 2536 Pighii,
1381 2501 1423 2527 vbi
1435 2508 1516 2527 tamen
1530 2504 1577 2529 alii
1591 2504 1636 2539 leg.
1651 2503 1784 2529 Accessor:
1814 2505 1913 2539 Optime
1931 2506 2035 2531 Tum-en.
2050 2505 2173 2533 Accessio.

1160 2542 1376 2563 ACCENSIBI
1387 2543 1402 2563 t
1413 2544 1460 2570 ις,
1484 2546 1507 2564 e.
1545 2538 1650 2573 Vulgat.
1667 2539 1750 2565 Hebr.
1768 2548 1805 2572 12,
1822 2545 1856 2570 18.
1873 2541 2054 2574 [κεκαυμένον]

1162 2578 1232 2599 ACC
1242 2578 1317 2599 END
1327 2580 1335 2598 1
1346 2579 1417 2606 VM,
1439 2574 1457 2599 i.
1498 2573 1565 2599 Idem
1579 2574 1644 2609 qurd
1656 2575 1820 2602 Incendium.
1858 2575 1939 2602 Solin.
1956 2586 1976 2603 c.
1994 2585 2015 2610 ς.
2033 2578 2083 2608 (al.
2093 2580 2144 2610 11.)

1159 2614 1206 2634 AC
1214 2614 1231 2635 C
1241 2614 1258 2634 E
1266 2615 1289 2634 Ν
1298 2614 1316 2634 D
1325 2614 1344 2635 O
1354 2615 1376 2635 N
1386 2615 1402 2635 E
1412 2616 1434 2635 s.
1472 2609 1591 2636 Tertull.
1606 2609 1638 2636 de
1652 2610 1713 2637 Pall.
1730 2620 1751 2637 c.
1769 2610 1816 2637 vlt.
1831 2620 1860 2637 ex
1874 2612 2041 2638 emendatione
2055 2613 2175 2648 salmasii,

1120 2678 1275 2715 gladimws
1287 2678 1411 2717 &affigam
1632 2647 1674 2673 Ita
1690 2655 1747 2673 uero
1760 2647 1865 2680 lamjt'as
1878 2650 1986 2684 appellat
2000 2649 2119 2677 Tertull.
2132 2652 2176 2685 qud

1162 2722 1184 2742 A
1192 2721 1210 2742 C
1217 2722 1234 2742 C
1242 2722 1259 2742 E
1268 2722 1290 2742 N
1300 2722 1312 2743 s
1322 2722 1340 2743 Ε
1349 2722 1368 2743 O
1376 2736 1385 2749 ,
1401 2716 1441 2742 sui
1450 2735 1458 2748 ,
1473 2716 1529 2743 sum
1539 2736 1547 2749 ,
1563 2716 1626 2743 scre.
1663 2718 1816 2745 Annumero.
1852 2719 2009 2750 Rarissimam
2022 2720 2174 2747 vocabulum.

1126 2752 1208 2777 Nonii
1219 2752 1296 2778 Iocum
1310 2751 1364 2778 vid.
1378 2755 1405 2778 in
1420 2753 1556 2779 Accensus.
1594 2753 1705 2780 Senecae
1719 2756 1786 2780 locus
1799 2754 1844 2789 Ep.
1861 2764 1896 2788 90
1910 2751 2005 2782 'szbius
2018 2754 2059 2789 egli.
2097 2755 2177 2790 Apud

1125 2786 1242 2814 Laetam.
1258 2795 1280 2820 ς,
1293 2795 1319 2814 2.
1334 2796 1358 2820 ις
1378 2790 1406 2814 in
1419 2788 1500 2814 tribus
1512 2789 1599 2815 MStis
1609 2790 1719 2825 legitur,
1734 2790 1899 2825 Religionis,
1919 2792 1962 2818 cui
1982 2792 2069 2819 fuerat
2085 2801 2174 2819 accen-

16 2834 17 2859 ι
35 2824 108 2852 licio,
126 2824 194 2848 cuius
214 2821 315 2847 Verbum
328 2823 433 2855 Jimplex
446 2821 537 2847 Cando
550 2824 578 2847 in
592 2822 636 2858 ufic
649 2831 698 2848 non
715 2821 766 2855 est,·
786 2826 818 2855 eff!
840 2829 920 2862 tomen
937 2829 1068 2862 cognatum
1081 2828 1113 2857 75¹
1124 2823 1181 2855 sus,
1196 2823 1319 2858 proditor
1333 2823 1418 2850 fafius
1433 2823 1477 2850 est.
1517 2826 1610 2860 Nempe
1623 2826 1740 2859 usitatius
1753 2827 1823 2863 longe
1835 2826 1876 2860 est.

35 2855 150 2884 Candeo.
188 2854 319 2891 Augustus
327 2855 494 2883 narrantibus
508 2857 766 2891 Tarraconensibus,
787 2858 899 2894 palmam
913 2866 942 2884 in
955 2866 998 2885 ara
1011 2866 1068 2884 eius

18 2922 19 2931 ¹
34 2899 151 2926 enatam,
173 2895 298 2928 Apparet,
317 2892 420 2927 inquit,
441 2902 520 2927 quam
538 2894 612 2928 saepe
632 2894 776 2921 accendatis
792 2893 901 2928 Qiinet.
916 2895 942 2927 6,
956 2902 978 2926 3,
992 2901 1027 2928 79
1049 2896 1067 2921 ι’.

18 2936 19 2967 5
28 2929 99 2966 sacri
110 2928 180 2954 ‘cium
191 2930 314 2961 oaejeratis.
346 2928 459 2956 accendi
470 2928 583 2956 ebenum
597 2929 693 2957 Fabius
707 2936 784 2965 negat
807 2930 872 2956 Plin.
883 2938 916 2962 ιε,
923 2937 949 2964 4.
970 2929 1068 2957 Ennius

18 2973 20 2991 z
35 2972 86 2998 epu
117 2963 173 2991 Cic.
187 2963 240 2992 Off.
255 2973 273 2997 ι,
287 2971 310 2997 5«

24 3363 29 3407 1

23 3282 202 3320 inardescere,
222 3287 302 3321 ignem
321 3288 454 3320 concipere.

28 3565 94 3607 ‘20‘-

226 2999 318 3062 110Ἑο
331 2999 378 3036 qui
390 3001 489 3027 erranti
503 3002 615 3028 comiter
628 3001 755 3030 monstrat
767 3002 838 3028 viam
846 3021 855 3035 ,

228 3036 273 3069 Q!
299 3045 308 3062 1
321 3035 410 3063 lumen
423 3036 454 3063 de
468 3037 514 3063 suo
528 3037 628 3064 lumine
641 3038 777 3071 accendat,
793 3038 856 3064 facit

120 3104 127 3110 ·
228 3071 264 3098 Vt
276 3070 449 3099 nihilominus
461 3072 507 3107 ipsi
521 3073 620 3107 luceat,
640 3084 699 3101 cum
716 3074 755 3100 illi
770 3072 917 3100 accenderit
958 3073 998 3101 Sic
1009 3073 1066 3101 Cic.

35 3103 156 3132 deVmu.
170 3109 202 3145 ²8·
216 3113 262 3139 c.9
282 3106 350 3134 Deus
362 3108 442 3134 solem
458 3109 528 3143 quasi
542 3109 632 3137 lumen
645 3110 771 3137 accendit.
800 3110 856 3136 Cic.
865 3108 893 3135 in
903 3108 986 3136 Pison.
996 3118 1037 3143 5c.
1047 3119 1067 3136 2.

36 3142 92 3176 Ego
106 3141 174 3167 faces
195 3149 248 3168 iam
263 3143 375 3170 accensas
393 3143 425 3170 ad
438 3143 516 3171 huius
530 3145 604 3173 vrbis
624 3146 775 3173 incendium
790 3144 993 3180 comprehendi,
1007 3154 1068 3181 pro-

36 3212 108 3239 latet.
138 3212 230 3239 Ouid.
244 3218 306 3239 met.
323 3221 358 3246 ις,
373 3221 386 3246 3
411 3215 526 3242 Admotis
543 3217 692 3245 Athamanis
713 3217 787 3253 aquis
807 3217 946 3244 accendere
966 3217 1068 3253 lignum

37 3248 184 3281 Narratur,
206 3249 256 3275 Hic
276 3255 368 3284 putare
382 3249 457 3285 pqffls
475 3253 613 3281 accendere
632 3253 738 3290 positum
757 3252 799 3287 effi
824 3252 992 3288 intranjitiue,
1017 3262 1066 3290 pro

573 3288 594 3327 ff
613 3299 626 3316 ε
651 3289 813 3322 Accendere,
834 3288 868 3316 ad
885 3292 1006 3323 animum,
1024 3294 1070 3317 aut

39 3321 90 3346 eius·
101 3326 204 3356 partes,
226 3327 250 3360 ef
272 3320 389 3356 quicquid
412 3320 505 3357 gradus
523 3329 547 3349 et
564 3325 720 3360 intenficmem
745 3325 873 3356 admittit,
897 3325 1021 3362 refertar,
1039 3330 1070 3352 vt

41 3431 142 3453 menter
153 3426 312 3455 accenderat.
348 3427 416 3455 Tac.
425 3429 459 3454 H.
474 3438 501 3461 4,
516 3437 554 3463 52,
571 3441 575 3448 ·
596 3431 638 3465 Nc
651 3434 850 3460 criminantium
863 3433 960 3460 nuntiis
972 3439 1071 3461 temere

22 3465 30 3497 J.
42 3458 228 3503 accenderem.
276 3463 317 3490 Ad
335 3464 549 3499 consequendos,
569 3474 635 3501 quos
669 3468 752 3496 fiores
770 3469 890 3496 ducimus
908 3470 1073 3498 accendimur

28 3503 31 3514 ι
44 3495 110 3524 Vell.
124 3506 142 3530 ι,
155 3506 192 3533 «7,
209 3506 236 3534 7.
273 3499 311 3526 Ad
329 3499 541 3528 dominationem
562 3510 638 3528 accen
659 3503 667 3528 i
682 3504 741 3532 Sall.
754 3506 810 3540 lug.
824 3515 845 3532 c.
861 3513 882 3537 3·
909 3505 1072 3533 Nationibus

44 3529 74 3558 in
85 3538 156 3559 arma
169 3533 276 3561 accensis
288 3534 357 3562 Vell.
370 3545 393 3569 2,
406 3541 448 3570 98,
462 3544 480 3563 ι.

124 3603 130 3608 υ
147 3603 154 3608 1
167 3569 230 3611 Rep.
247 3579 263 3602 Γ,
277 3578 298 3603 ς.
334 3571 395 3599 Liu.
412 3579 450 3605 ις,
469 3593 476 3600 .
497 3593 503 3600 .
523 3593 530 3600 .

49 3638 166 3668 29‚..'.

34 3777 36 3787 ¹
76 3786 149 3813 coi-g.
181 3787 201 3813 4
210 3799 220 3813 ,

36 3842 37 3847 ¹
50 3812 149 3847 aestuo,

36 3851 37 3866 ¹
49 3848 102 3889 est,
171 3849 203 3877 In
216 3850 310 3880 secreta
321 3855 386 3883 senis
397 3856 497 3886 ducam.

51 3882 120 3912 dun.
145 3887 164 3912 6
176 3886 254 3914 Cous.
263 3888 385 3918 Hon.166
401 3893 517 3922 Intextus
527 3896 545 3924 Ρ

251 3790 296 3815 4οι

570 3860 737 3889 Alacritatem
758 3864 833 3890 Curt.
847 3873 875 3897 4,
890 3872 912 3898 2,
929 3872 964 3892 20.

39 3362 222 3396 commouere,
241 3355 368 3388 incitare,
383 3357 561 3392 inflammare,
579 3368 623 3388 etc.
660 3361 760 3388 Sallust.
776 3362 831 3396 1ug.
849 3370 871 3387 c.
883 3362 918 3394 64
940 3361 988 3389 Sed
1003 3370 1069 3397 quae
1078 3370 1115 3396 90
1126 3363 1168 3390 his
1182 3364 1279 3397 armis,
1294 3372 1361 3399 quac
1374 3363 1524 3396 ferrentur,
1538 3373 1592 3390 non
1605 3373 1671 3398 quae
1686 3370 1845 3391 tenerentur.

27 3397 81 3418 sen
99 3390 230 3424 Manum,
248 3400 309 3428 prae
329 3391 433 3418 honore
451 3401 530 3427 quem
551 3395 701 3430 affectabat,
727 3405 819 3424 contra
837 3397 973 3424 Metellum
991 3397 1071 3425 vehe-

1163 2866 1236 2887 ACC
1246 2866 1344 2887 ENSV
1354 2866 1383 2892 S,
1404 2868 1435 2892 a,
1457 2869 1511 2886 um.
1541 2861 1842 2896 [neco-smysypoquffis'vor]
1881 2862 1928 2889 Sed
1939 2865 1985 2889 vix
2005 2864 2079 2888 aliter
2100 2869 2174 2898 quam

1117 2892 1273 2932 substantiice
1285 2899 1404 2922 occurrit.
1442 2896 1520 2922 Varr.
1534 2896 1566 2922 de
1579 2897 1656 2932 Ling.
1672 2898 1728 2924 Lat.
1745 2900 1770 2930 6,
1786 2907 1798 2930 3
1825 2907 1850 2932 p.
1866 2905 1907 2932 73,
1921 2906 1955 2931 29
1982 2898 2108 2924 Accensos
2123 2898 2175 2924 ιιιῐ-Δ

1123 2930 1277 2958 nistratores
1285 2932 1352 2958 Cato
1366 2932 1414 2958 esse
1427 2932 1528 2958 scribit.
1566 2933 1664 2966 Festus,
1679 2933 1845 2968 Adscriptitii
1860 2934 1943 2960 veluti
1960 2933 2066 2969 quidam
2082 2932 2174 2967 scripti

1124 2966 1296 3000 dicebantur,
1312 2968 1359 3002 qui
1373 2967 1522 3002 supplendis
1537 2967 1687 3003 legionibus
1702 2969 1926 2996 adscribebantur.
1965 2971 2021 2996 Hos
2037 2976 2062 2995 et
2076 2970 2173 2996 Accen-

1079 3009 1112 3037 80
1124 3004 1165 3030 sos
1179 3002 1318 3037 dicebant,
1340 3003 1413 3039 quod
1432 3003 1465 3032 ad
1487 3004 1623 3039 legionum
1643 3006 1747 3031 censum
1770 3006 1848 3032 essent
1862 3005 1994 3046 adscripti.
2032 3005 2138 3031 Nonius
2151 3014 2173 3038 ι,

1124 3044 1174 3071 289
1196 3039 1316 3072 Accensi,
1332 3048 1412 3075 genus
1427 3040 1542 3066 militiae
1558 3040 1609 3074 est,
1629 3041 1874 3068 administrantibus
1895 3050 2056 3076 proximum.
2094 3042 2171 3067 Varr.

1124 3074 1236 3102 Rhetor.
1251 3074 1298 3102 lib.
1306 3084 1348 3103 20.
1386 3076 1421 3102 Vt
1436 3075 1553 3102 consules
1568 3085 1596 3102 ac
1611 3077 1746 3104 Praetores
1762 3078 1808 3112 qui
1822 3078 1965 3112 sequuntur
1981 3078 2009 3104 in
2021 3076 2116 3109 castra,
2131 3084 2172 3103 ac-

1124 3111 1190 3138 censi
1206 3110 1288 3144 dieti,
1305 3110 1378 3147 quod
1391 3111 1424 3138 ad
1439 3112 1589 3139 necessarias
1604 3122 1644 3139 res
1659 3114 1759 3148 saepius
1780 3114 1927 3145 acciantur,
1949 3113 2023 3139 velut
2041 3112 2173 3139 accerfiti:

1123 3148 1178 3180 (Sic
1193 3148 1275 3174 Merc.
1288 3149 1322 3174 al.
1334 3147 1467 3180 accensiti)
1505 3148 1577 3174 Idem
1596 3157 1632 3182 12,
1648 3157 1664 3184 7
1680 3156 1704 3176 et
1719 3155 1740 3180 8.
1779 3149 1939 3175 Decuriones
1955 3154 1981 3175 ct
1996 3149 2173 3175 Centuriones

35 3176 101 3209 tuli,
118 3177 229 3203 extinxi.
255 3198 261 3202 .
274 3177 348 3212 Virg.
364 3181 424 3206 Aen.
439 3189 461 3212 ς,
474 3190 493 3214 4
517 3182 591 3215 Qae
605 3188 706 3209 tantum
719 3181 866 3208 accenderit
880 3181 966 3215 ignem
975 3182 1068 3214 Causa,
1081 3189 1111 3218 85
1125 3191 1139 3210 a
1152 3192 1265 3210 numero
1279 3183 1323 3210 cui
1337 3183 1366 3210 in
1381 3183 1480 3210 militia
1493 3191 1645 3218 praeerant,
1665 3185 1827 3211 dicebantur.
1865 3184 1985 3218 Accensi,
2009 3185 2056 3220 qui
2077 3184 2119 3211 his
2132 3193 2173 3211 ac-

1125 3219 1313 3252 censebantur,
1336 3222 1354 3246 ι’.
1368 3219 1591 3247 attribuebantur.
1643 3222 1718 3248 Varr.
1734 3221 1766 3246 de
1785 3221 1847 3246 Vita
1857 3221 1917 3255 Pop.
1932 3221 2010 3247 Rom.
2023 3220 2069 3247 lib.
2086 3230 2108 3253 3.
2124 3220 2173 3255 qui

1124 3255 1157 3283 de
1175 3254 1365 3290 Adscriptiuis,
1396 3256 1465 3282 Cum
1479 3263 1552 3283 erant
1565 3256 1687 3283 attributi
1701 3255 1897 3282 Decurionibus
1911 3262 1936 3283 et
1950 3257 2173 3289 Centurionibus,

1125 3292 1173 3327 qui
1204 3300 1299 3319 eorum
1320 3291 1418 3318 habent
1437 3301 1595 3326 numerum,
1616 3292 1711 3319 accenfi
1732 3291 1904 3319 vocabantur.
1958 3293 2068 3319 Eosdem
2090 3293 2172 3320 etiam

1125 3327 1234 3363 quidam
1259 3327 1389 3355 vocabant
1405 3327 1579 3361 ferentarios,
1613 3329 1659 3363 qui
1674 3327 1856 3361 depugnabant
1875 3328 1969 3363 pugnis
1990 3335 2016 3355 ct
2030 3328 2172 3363 lapidibus,

1905 3366 1973 3391 Haec
1990 3367 2100 3395 Nonius,
2116 3372 2174 3389 con-

1120 3399 1252 3437 firmanda
1260 3400 1344 3437 facile
1356 3408 1384 3426 ex
1399 3400 1476 3426 Varr.
1491 3399 1522 3426 de
1532 3401 1561 3427 L.
1571 3400 1600 3426 L.
1616 3401 1641 3431 6,
1655 3407 1668 3431 3
1689 3407 1713 3433 p.
1730 3407 1770 3434 75,
1785 3405 1817 3430 18.
1855 3400 1936 3426 Vetus
1950 3400 2090 3434 Inscriptio
2106 3397 2174 3434 apud

1127 3433 1255 3468 Constant.
1273 3435 1385 3462 tandum
1399 3438 1426 3461 in
1442 3433 1526 3462 Selefl.
1546 3438 1665 3470 Numijm.
1681 3443 1705 3469 p.
1717 3440 1750 3465 18.
1771 3436 1801 3462 C.
1817 3436 1964 3463 OPPIVS
1985 3437 2015 3462 C.
2031 3437 2060 3462 L.
2081 3436 2172 3461 LEO·

1129 3471 1208 3498 NAS
1238 3472 1284 3497 VI
1315 3471 1390 3498 VIR
1411 3471 1462 3498 ET
1481 3472 1561 3498 AVG.
1581 3470 1861 3498 HONORATVS
1883 3472 1930 3499 IN
1949 3471 2087 3498 TRIBV
2109 3471 2172 3497 CL.

1128 3506 1315 3534 PATRVM
1344 3507 1402 3533 ET
1429 3506 1625 3534 LIBERVM
1663 3506 1901 3534 CLIENTVM
1940 3506 2172 3534 ACCENSVS.

518 3537 628 3564 Animus
643 3538 727 3565 fertur
739 3542 857 3567 accensus
878 3540 907 3567 in
917 3541 999 3569 socios
1011 3541 1071 3569 Sall.
1084 3543 1115 3570 95
1129 3543 1191 3570 Liu.
1207 3547 1231 3575 8,
1245 3547 1259 3573 8
1280 3543 1410 3569 Tertium
1424 3542 1552 3569 vexillum
1567 3540 1677 3568 ducebat
1690 3542 1833 3575 Acoeusos,
1853 3543 1981 3570 minimae
1996 3541 2106 3568 fiduciae
2121 3550 2174 3568 ma-

567 3573 641 3600 Adeo
656 3577 773 3602 accensae
787 3578 844 3603 sunt
857 3576 917 3611 Spes
931 3577 962 3604 ad
976 3577 1074 3614 pellen-

338 3627 345 3634 .
391 3607 457 3634 Plin.
470 3616 507 3642 35,
532 3618 549 3636 0
570 3610 683 3636 Accenso
699 3610 726 3636 in
742 3619 851 3646 poenam
865 3618 982 3644 tyranno.
1013 3614 1074 3641 Liu.

113 3668 118 3671 ,
210 3639 286 3667 Tum
315 3651 380 3670 vero
415 3643 443 3670 in
475 3644 560 3672 multo
598 3646 817 3680 impotentiorem
854 3647 942 3676 subito
973 3649 1077 3677 rabiem

33 3671 151 3712 kaecer-tsi.
186 3702 199 3715 ¹,
209 3674 304 3711 Neque
327 3685 358 3706 vt
383 3679 497 3706 Affectus
521 3681 622 3708 vestros
649 3682 677 3708 in
695 3692 814 3709 amorem
835 3684 889 3710 mei
902 3686 1078 3714 ·acccnderem

51 3705 141 3734 Tacit.
157 3709 224 3736 Hist.
239 3719 264 3744 1,
286 3716 330 3754 33,
353 3723 376 3748 3.
410 3715 552 3750 Impensius
583 3717 691 3744 accendi
726 3719 869 3746 certamina
900 3720 958 3749 Liu.
995 3733 1020 3755 ι,
1050 3731 1130 3754 4.ιοο

110 3750 123 3776 3
155 3744 211 3771 Iam
247 3747 355 3784 reliquas
395 3753 502 3779 annulus
535 3755 677 3781 elementari
711 3755 798 3781 ordine
834 3763 957 3790 ponemus.
1001 3758 1079 3792 Virg-

326 3818 333 3825 ·
394 3787 438 3821 psa
473 3796 523 3823 ego
557 3795 604 3823 te,
637 3790 741 3817 medios
772 3800 832 3818 cum
862 3791 900 3818 sol
935 3793 1081 3821 accenderit

204 3815 271 3843 eum
295 3817 383 3847 fluunt
415 3821 529 3859 herbae,
569 3831 596 3851 et
633 3827 723 3861 pecori
763 3827 816 3854 iam
856 3829 956 3862 gratior
987 3829 1083 3856 vmbra

1005 3865 1084 3893 Clau-

547 3895 645 3925 hakton
659 3898 765 3933 glaucos
779 3900 898 3928 accendit
909 3900 1046 3935 Amietus,
1063 3903 1187 3940 i.105aut
1208 3900 1407 3931 cornicularius.

1130 3588 1212 3611 num,
1226 3587 1259 3605 eo
1276 3584 1302 3605 et
1319 3579 1348 3605 in
1362 3578 1518 3613 postremam
1540 3577 1622 3603 aciem
1643 3578 1842 3605 reiiciebantur.
1878 3579 1948 3606 Add.
1963 3588 1984 3605 c.
1999 3587 2028 3604 10
2049 3579 2175 3605 Accensos

1131 3615 1165 3642 ab
1181 3613 1318 3641 nouissima
1331 3615 1388 3641 acie
1401 3619 1461 3641 ante
1475 3614 1545 3648 signa
1557 3613 1699 3647 procedere
1713 3614 1801 3641 iubet:
1823 3614 1915 3641 eosdem
1932 3617 2015 3649 itaque
2033 3623 2088 3640 mox
2103 3619 2180 3640 vocat

1134 3650 1315 3692 Antepilanos.
1358 3649 1415 3676 Vid.
1430 3650 1503 3685 infra
1516 3649 1632 3676 Rorarii.
1675 3651 1766 3686 Veget.
1782 3650 1814 3677 de
1828 3651 1866 3677 Re
1880 3649 1961 3676 Milit.
1977 3657 2002 3682 2,
2018 3658 2046 3682 19
2075 3649 2118 3682 Ad
2129 3649 2178 3676 ob-

1134 3688 1226 3721 sequia
1238 3692 1326 3713 tamen
1339 3685 1472 3718 iudicum,
1497 3684 1539 3711 vel
1554 3684 1742 3720 tribunorum,
1762 3695 1865 3713 necnon
1885 3686 1964 3712 etiam
1979 3686 2179 3721 principalium,

1135 3721 1328 3757 deputabantur
1341 3721 1457 3754 milites,
1471 3721 1518 3755 qui
1533 3720 1694 3749 vocabantur
1709 3722 1820 3755 accensi,
1839 3721 1888 3748 hoc
1903 3721 1955 3753 est,
1975 3721 2064 3756 postea
2085 3721 2182 3752 additi,

1137 3767 1217 3794 quam
1231 3758 1319 3784 fuisset
1333 3757 1404 3792 legio
1417 3756 1564 3791 completa,
1577 3767 1643 3793 quos
1658 3767 1726 3785 nunc
1737 3758 1984 3793 Supernurncrarios
1997 3764 2100 3784 vocant.
2122 3757 2180 3783 Cic.

1137 3795 1216 3822 Verr.
1231 3802 1252 3827 1,
1266 3802 1295 3828 71
1316 3803 1338 3820 c.
1354 3798 1386 3823 28
1407 3794 1498 3819 Homo
1517 3792 1618 3820 ordinis
1633 3795 1673 3820 sui
1694 3793 1894 3829 frugalislimus,
1918 3793 1964 3828 qui
1986 3798 2042 3820 tum
2063 3793 2182 3819 accensus

1139 3830 1171 3858 C.
1186 3830 1294 3857 Neroni
1310 3829 1372 3855 fuit.
1412 3830 1466 3854 Hoc
1480 3828 1622 3862 Asconius,
1641 3831 1784 3861 Accenstrs,
1799 3837 1897 3854 nomen
1911 3829 1947 3855 est
1962 3829 2064 3856 ordinis
2084 3836 2108 3855 et
2123 3837 2185 3863 pro·

1139 3866 1269 3892 motionis
1284 3865 1311 3891 in
1325 3864 1441 3896 militia,
1462 3870 1491 3890 vt
1511 3873 1578 3892 nunc
1599 3863 1698 3892 dicitur
1717 3866 1837 3900 princeps
1844 3883 1852 3897 ,
1874 3865 1916 3891 vel
1934 3863 2186 3895 commentariensis,

1455 3900 1527 3929 Haec
1546 3901 1619 3931 enim
1636 3901 1748 3930 nomina
1767 3900 1799 3927 de
1818 3900 1966 3935 legionaria
1982 3900 2081 3929 militia
2101 3901 2186 3926 sumta

1376 3936 1396 3962 F
1432 3943 1450 3964 2
2120 3936 2190 3960 sunt.
