2474 4182
23 575 27 606 l

18 689 27 737 ‘l

24 747 27 773 l

24 782 27 801 '¹
49 789 123 815 Orat.
138 795 160 819 3,
175 794 223 813 221.

24 815 27 851 4

21 871 27 895 4

18 730 19 736 .
50 718 93 751 76.

25 861 27 865 '
49 858 138 886 iuncta
150 856 243 884 virtuti
259 856 366 882 fortuna
388 855 460 881 Idem
473 855 505 881 de
521 853 621 880 Senecff.
635 860 673 885 59.

26 1107 27 1125 ἶ
46 1107 72 1134 h.
88 1116 105 1133 c.
120 1110 142 1132 ei
153 1106 240 1132 nubere
263 1106 344 1132 Ouid.
360 1104 438 1139 Epist.
453 1113 488 1137 ει,
501 1111 562 1138 247.

20 3451 22 3458 '
53 3453 115 3485 sint.
144 3460 171 3481 et
196 3463 293 3480 verane
314 3454 412 3480 summa
430 3452 461 3479 sit
479 3454 685 3490 vniuscuiusque
709 3455 831 3482 rationis.

22 3490 24 3494 '
51 3489 142 3516 malles
153 3498 212 3516 eum
226 3489 334 3516 caeteris
351 3488 430 3515 rebus
443 3489 531 3517 nostra
549 3496 690 3517 contexere
721 3490 777 3518 Cic.
791 3493 810 3518 F
812 3501 863 3519 am.
877 3500 900 3526 ς,
916 3501 953 3520 12.

36 3556 37 3560 Ἰ
51 3524 131 3565 Epiri.
144 3527 171 3557 6,
183 3530 197 3556 8
222 3525 310 3552 Huius
328 3524 364 3552 est
387 3524 477 3551 haeres
490 3525 620 3552 maximus
631 3526 733 3559 noster,
751 3536 830 3562 quem
847 3529 938 3562 etipse
951 3537 1027 3561 amo,
1049 3528 1092 3556 sed

436 127 471 167 <3
546 126 582 165 (J
658 124 702 164 rt

51 218 256 256 coniungendam
276 217 332 244 Cic.
348 216 380 243 de
395 217 502 243 Amicit.
515 217 557 242 26.
629 211 770 239 Connubia
782 210 941 238 Sabinorum
960 212 1089 239 Romulus

51 257 209 285 coniunxiffe
229 254 327 280 dicitur
348 254 404 280 Cic.
419 253 451 279 de
467 253 542 278 Orat.
557 259 569 276 1
585 258 607 276 c.
622 257 647 281 9.
719 248 834 273 Domum
848 248 1008 282 coniungere
1029 257 1089 273 con-

51 294 125 327 iugio
138 298 163 318 et
175 290 252 324 stirpe
273 289 310 316 ld.
323 288 354 316 de
369 288 457 316 Finib.
472 295 494 319 ς,
510 289 550 318 65.
618 282 715 309 Intima
729 283 911 309 fanuliai·itate
932 284 1088 310 coniuneius

49 327 130 356 alicui
160 326 228 360 Nep.
242 333 278 357 ες,
295 334 332 357 12,
349 334 366 350 ι.
439 322 573 350 Feminam
586 319 760 344 matrimonio
776 318 824 344 libi
838 320 997 353 coniungere
1028 319 1087 345 Liu.

50 372 92 396 29,
105 370 146 394 29·
217 361 332 388 Foedere
345 358 478 394 aliquibus
492 354 618 388 coniungi
651 355 724 388 Virg.
739 355 804 380 Aen.
820 364 856 387 ιο,
871 362 933 394 1ος..
994 355 1088 388 Hospi-

48 400 87 426 tio
103 403 128 423 et
147 396 264 423 amicitia
283 395 409 429 coniungi
438 394 493 420 Cic.
511 391 625 430 QFrat·
648 398 667 422 1,
689 399 726 430 1..
780 390 852 417 Idem
867 390 978 424 Philipp.
1002 399 1041 429 1⁴4,
1056 397 1089 428 29

50 435 170 467 Aequum
188 433 224 458 est
245 433 315 458 enim
335 431 466 460 militum,
490 427 583 453 talium
605 426 773 459 pracsertim,
797 427 937 452 Honorem
955 434 1089 459 coniungi.

46 472 118 496 i.·e0;
125 467 202 502 Jimul
212 469 337 495 honorari.
373 466 430 492 Nos
443 464 475 490 ab
486 463 594 487 ineunte
610 467 693 487 aetate
705 462 779 493 vsus,
798 461 974 493 consuetudo,
991 460 1089 486 studio-

49 512 109 532 rum
129 504 209 530 etiani
231 501 465 530 honestillimorum
485 496 592 523 societas
607 506 634 522 ac
653 497 798 523 limilitudo
811 496 949 522 coniunxit
974 495 1089 521 Id.Phil.

80 549 101 566 c.
114 548 138 565 2.
313 535 333 574 q
354 545 369 563 2
405 535 460 560 Cum
476 535 568 559 Datiuo
588 534 643 559 Cic.
659 534 729 559 Fam.
747 540 782 565 13,
797 541 816 558 11
845 532 895 558 Cui
909 540 950 557 me
965 540 1024 557 cum
1039 531 1090 556 stu—

50 548 94 602 dia
114 574 279 605 communia,
306 570 430 599 beneficia
452 575 572 602 paterna,
607 574 703 602 tuaque
724 569 776 594 iam
796 573 854 594 ante
875 567 1089 594 Coniunxcrant:

49 617 122 642 tum,
136 617 181 635 etc.
250 608 343 636 Castris
357 607 380 632 se
394 605 555 638 coniungere
586 604 678 630 Claud.
698 604 726 630 in
746 603 833 629 Rufin.
853 612 872 636 ι,
886 611 940 636 324.
1013 603 1089 628 Aetas

49 145 137 184 1¹5⁷

23 646 27 679 1
50 645 119 673 hunc
141 644 210 671 mihi
227 643 362 676 coniungit
385 640 477 666 studiis
497 639 684 666 communibus
720 639 791 665 Idem
807 641 833 665 in
848 639 956 673 praefat.
977 637 1089 672 Epithal-

49 680 143 708 Pallad.
158 689 179 713 3.
251 680 339 706 Homo
354 676 436 702 alicui
449 675 567 702 tidissima
582 676 666 710 gratia
680 674 835 701 coniunelns
863 675 919 701 Cic.
934 683 982 709 pro
996 673 1092 700 Milon.

163 713 358 750 Propinquitate
380 718 459 746 atque
485 717 578 738 natura
595 711 675 737 alicui
700 710 873 737 coniunc‘lum
893 711 941 736 effe
974 709 1048 735 Idem
1060 708 1092 735 de

229 748 350 776 Eiusdem
370 748 474 781 linguae
489 748 612 773 societate
631 746 803 772 coniunCtum
822 746 903 772 alicui
923 746 971 771 esse
1007 745 1045 771 Id.
1060 745 1092 771 de

292 784 356 810 Non
371 784 454 809 solum
470 789 593 818 perpetua
612 782 735 808 societate
748 788 826 816 atque
845 781 979 812 amicitia,
999 789 1093 807 verum

48 751 157 778 Amicit.

49 823 131 850 etiam
147 820 300 856 cognatione
312 820 393 846 alicui
405 819 577 845 coniuneium
591 818 638 844 esse
658 817 714 843 Cic.
730 818 807 843 Verr.
825 826 852 850 4,
866 824 901 850 72
913 825 934 842 c.
950 825 986 848 33.
1023 818 1092 843 Con-

730 851 899 886 Philosophia
912 852 1015 877 oratori
1031 860 1093 877 con-

48 893 137 921 iunfta
149 892 262 918 maxime
284 891 320 917 ld.
334 891 366 917 de
374 892 448 917 Orat.
463 899 484 922 3,
499 892 536 916 61.
574 890 622 915 Pro
635 890 728 914 Datiuo
743 885 776 920 est
790 887 903 923 praeposi
915 887 947 914 ad
959 887 1092 920 Quinc‘kil.

49 939 78 963 4,
96 938 116 963 i,
131 930 160 954 16
186 927 355 961 Coniungcre
368 926 472 953 laudem
485 924 579 952 iudicis
591 923 622 950 ad
641 923 783 950 vtilitatem
795 924 895 949 causae.
1038 921 1058 960 ff
1080 931 1093 955 3

47 966 105 992 Cum
124 962 302 998 praepositione
323 963 400 989 Cum.
461 959 608 988 Coniuncta
627 965 706 994 atque
726 959 879 984 communia
898 957 993 984 scelera
1013 958 1092 984 alicui

46 1008 106 1027 cum
119 998 211 1033 aliquo
228 999 283 1025 Cic.
298 1008 346 1033 pro
360 998 427 1024 Sext.
443 1006 485 1030 29.
556 995 628 1022 Idem
643 1003 692 1030 pro
705 995 781 1021 Font.
795 1003 829 1021 20
859 995 926 1021 Cum
941 994 981 1020 his
995 1003 1041 1020 vos
1055 1001 1092 1020 te-

46 1035 128 1062 flibus
142 1034 253 1061 vestram
266 1035 426 1069 religionem
440 1031 622 1066 coniungetis3
693 1030 805 1056 Somnos
818 1039 878 1056 cuni
893 1030 985 1064 aliquo
1004 1030 1090 1056 Catul.

46 1071 76 1098 in
93 1072 190 1104 Argon.
211 1071 228 1096 s.
250 1072 292 1102 62,
315 1079 362 1102 331.
454 1069 622 1102 Coniungere
643 1066 668 1092 se
689 1075 748 1092 cum
769 1066 860 1100 aliquo
881 1065 979 1092 dicitur
992 1065 1091 1099 sponsa,

634 1103 690 1128 Cic.
706 1102 734 1128 in
746 1102 834 1128 Vatin.
850 1110 876 1134 33
910 1102 940 1127 In
954 1109 1006 1135 quo
1021 1106 1091 1126 certe

47 1142 100 1169 tibi
114 1143 166 1168 iam
181 1141 268 1168 dicere
288 1150 340 1168 non
362 1140 469 1172 licebit,
496 1149 556 1165 cum
572 1137 714 1164 clarissimis
732 1138 799 1164 viris
819 1137 928 1164 Causam
947 1142 1020 1162 tuam
1042 1137 1090 1162 effe

46 1177 226 1205 coniunctam.
280 1177 449 1210 Coniungere
462 1174 569 1210 imperii
583 1173 692 1200 dedecus
705 1182 764 1199 cuin
779 1173 878 1208 probro
891 1172 996 1206 priuato
1017 1172 1092 1198 Idem

47 1213 81 1240 de
99 1213 200 1240 Sene&
214 1222 257 1248 42.
328 1211 476 1239 Coniuncta
496 1218 522 1237 et
541 1210 636 1236 sociata
651 1219 711 1235 cum
723 1209 805 1235 altera
837 1208 875 1234 Id.
889 1207 921 1234 de
934 1207 1041 1233 Amicit.
1054 1213 1091 1241 ες.

48 1250 196 1276 Hominem
215 1249 263 1275 effe
276 1247 445 1275 coniunctum
466 1256 525 1273 cum
539 1244 694 1273 hominibus
714 1244 826 1272 humana
843 1243 956 1278 quadam
969 1243 1092 1270 societate

48 1286 107 1312 Cic.
122 1285 199 1311 Aead.
215 1293 235 1317 1,
249 1293 285 1317 19.
356 1284 429 1311 Idem
466 1303 472 1309 .
509 1303 515 1309 .
554 1302 560 1308 .
596 1283 626 1307 In
640 1290 694 1316 quo
708 1289 762 1306 non
779 1280 808 1306 fit
825 1279 997 1305 coniunctum
1011 1279 1092 1306 conti-

46 1320 117 1348 lium
131 1330 191 1347 cum
204 1326 250 1347 tuo
260 1339 266 1350 ,
288 1322 306 1346 i.
313 1318 339 1353 fi
351 1322 377 1345 in
390 1320 472 1354 aliquo
486 1317 647 1352 diffinitimus.
709 1315 839 1349 Quinctil.
857 1324 895 1347 10,
907 1323 929 1347 3,
946 1324 954 1340 1
972 1315 1092 1341 Coniun-

49 1365 110 1391 gere
125 1356 251 1383 iudicium
260 1356 333 1381 sumn
347 1363 407 1381 cum
420 1354 578 1380 auctoritate
590 1352 707 1379 alterius.
777 1350 925 1378 Coniuncta
946 1350 1016 1377 milii
1030 1360 1092 1378 cura

50 1392 83 1419 de
100 1391 200 1426 Repub.
211 1400 273 1418 cum
288 1390 335 1417 illo
362 1390 418 1417 Cic.
433 1389 464 1416 de
479 1389 586 1416 Amicit.
601 1396 635 1420 ις.
708 1386 770 1413 Vita
788 1386 882 1412 rustica
903 1387 1019 1412 maxime
1040 1387 1092 1413 dis-

49 1427 140 1454 iuncia
152 1436 167 1454 a
180 1426 337 1461 cupiditate,
362 1432 387 1452 et
401 1435 461 1452 cum
479 1424 569 1452 officio
582 1422 721 1449 coniuncta
760 1422 833 1448 Idem
846 1430 895 1456 pro
910 1422 985 1448 Rosc.
1000 1423 1089 1449 Amer.

51 1472 91 1496 39.
147 1465 176 1490 Et
191 1462 246 1489 Post
261 1462 313 1488 red.
327 1462 355 1488 in
368 1462 425 1488 Sen.
439 1470 458 1494 4
495 1461 639 1493 Nunquam
657 1457 795 1484 dubitastis
808 1466 893 1483 meam
908 1458 1016 1484 salutem
1029 1467 1089 1484 cum

49 1499 184 1525 communi
204 1498 289 1525 Salute
307 1497 475 1531 coniungere.
547 1495 602 1521 Cic.
618 1494 647 1520 in
661 1493 746 1520 Pison.
766 1501 800 1519 20
831 1494 918 1527 Qiem
939 1503 988 1528 ego
1002 1493 1090 1520 ciuem

48 1542 109 1560 ineo
127 1534 228 1560 iudicio
242 1543 300 1559 cum
312 1533 423 1559 deorum
443 1530 636 1557 immortalium
658 1529 735 1555 laude
754 1529 896 1563 coniungo-
968 1529 1042 1556 Idem
1057 1529 1090 1556 de

48 1569 119 1595 Clar.
137 1571 211 1596 Orat.
227 1577 269 1602 317
287 1570 378 1602 Itaque
392 1576 451 1593 cum
464 1565 607 1592 Hortensio
620 1564 689 1591 mihi
701 1564 784 1598 magis
797 1564 948 1592 arbitrabar
961 1574 1019 1592 rem
1031 1566 1090 1598 ess'c,

48 1604 120 1639 quod
133 1610 159 1630 et
170 1603 274 1630 dicendi
288 1603 382 1629 ardore
394 1611 467 1629 eram
483 1602 610 1636 propior,
638 1607 664 1627 et
680 1606 764 1627 aetate
786 1601 965 1627 coniunctior.

46 1649 107 1666 cum
122 1640 212 1674 aliquo
224 1638 352 1672 coniungi
372 1638 410 1665 Id.
424 1638 456 1664 de
471 1637 579 1663 Amicit.
593 1645 636 1670 29.
699 1636 849 1663 Coniuncta
862 1636 957 1663 officiis
971 1646 1030 1663 cuin
1044 1638 1091 1663 Po-

46 1675 110 1709 pulo
127 1675 248 1701 Romano
261 1675 354 1701 ciuitas
373 1674 430 1700 Cic.
446 1674 522 1699 Verr.
537 1682 561 1705 2,
599 1692 607 1698 .
645 1691 652 1698 .
826 1671 847 1709 fl
866 1682 885 1705 4
920 1673 1092 1707 Coniungere

44 1717 120 1737 ettam
134 1710 161 1737 de
167 1710 330 1746 foederibus,
350 1716 374 1735 et
386 1709 480 1735 bellicis
495 1709 601 1734 auxiliis
614 1707 716 1734 dicitur.
771 1708 825 1734 Cic.
840 1717 889 1741 pro
904 1708 974 1742 Lege
995 1709 1089 1735 Manil.

46 1748 81 1774 26
98 1755 120 1772 c.
135 1754 152 1778 9
173 1747 310 1780 Quantum
324 1745 390 1772 illud
406 1744 509 1771 Bellum
523 1744 643 1770 futurum
656 1743 767 1777 putetis.
787 1743 859 1778 quod
871 1744 1034 1778 coniungant
1041 1745 1090 1770 Re-

45 1791 90 1816 ges
105 1780 282 1816 potentissimi.

46 1859 106 1885 tur,
131 1863 159 1879 ac
180 1859 264 1880 tantae
277 1853 407 1879 Nationes
430 1851 632 1886 coniungantur.

48 1889 138 1916 Nobis
152 1889 238 1923 Argoa
252 1888 359 1922 parabas
396 1887 500 1914 Scilicet
512 1887 627 1918 auxilia,
643 1891 670 1912 et
682 1891 766 1912 tantas
781 1887 942 1921 coniungere
955 1888 1035 1914 vires.

82 1930 310 1957 CONJVNCTvs,
320 1933 344 1954 a,
356 1933 411 1950 um.
432 1923 526 1949 Par-tic.
561 1921 778 1956 [συνεζευγμένας]
801 1923 850 1953 Vc,
869 1923 1000 1950 Homines
1013 1923 1092 1950 bene.

46 1960 167 1987 volentia
180 1959 316 1986 coniuneli
332 1959 389 1987 Cic.
403 1959 435 1985 de
454 1958 562 1984 Amicit.
578 1963 619 1991 84.
747 1957 751 1962 ”

47 1996 148 2031 pinqua
165 1996 233 2030 Nep.
247 1996 330 2022 Praef.
344 2003 370 2030 7.
416 1993 647 2021 Coniunctiffimus
660 1994 783 2028 sanguine
802 1993 870 2021 Veli.
886 2004 909 2027 2,
924 2004 966 2028 41,
979 2004 1002 2022 2.
1051 1996 1092 2021 In-

47 2032 113 2058 tima
127 2026 309 2058 familiaritate
344 2031 414 2065 Nep.
429 2037 467 2063 23,
481 2039 515 2063 12,
531 2038 551 2056 1.
621 2029 727 2056 Summa
745 2029 867 2063 miseria,
892 2032 996 2057 summo
1015 2030 1092 2057 dede-

47 2076 110 2093 core
123 2066 265 2093 coniun&a
292 2066 347 2093 Cic.
360 2066 474 2100 Philipp.
493 2074 517 2098 3,
537 2073 573 2097 35.
665 2065 754 2092 Puella
773 2064 854 2100 digno
876 2066 1017 2093 con-iunela
1030 2067 1092 2093 viro

48 2103 125 2137 Virg.
139 2102 190 2129 Ecl.
206 2107 230 2135 8,
242 2111 279 2134 32..
351 2102 408 2128 Cic.
425 2102 499 2128 Verr.
514 2110 542 2135 4,
557 2107 601 2134 143
618 2100 707 2127 Postea
720 2101 880 2134 decernitur,
898 2111 928 2129 ac
939 2112 994 2129 non
1006 2103 1091 2134 varie,

1112 531 1145 567 ux

1112 898 1146 916 20

1114 1257 1147 1281 30

1112 1430 1141 1456 35

353 1781 466 1807 Martem
479 1780 639 1813 coniungere
652 1785 678 1804 et
696 1779 832 1813 duplicare
844 1780 912 1805 acies
945 1780 990 1806 Sil.
1005 1789 1039 1813 15,
1052 1788 1090 1813 52.
1108 1787 1142 1814 45
1160 1779 1272 1811 Ifidori3
1289 1779 1416 1805 Coniuoli
1426 1799 1432 1808 ,
1445 1779 1587 1805 concordes
1596 1799 1604 1810 ,
1616 1778 1709 1804 iunffi.

21 1829 24 1834 ·
47 1818 120 1844 Caes.
134 1817 199 1844 Bell.
213 1817 280 1844 Gall.
296 1825 318 1848 3,
334 1825 355 1843 11
376 1817 420 1842 Ne
436 1824 468 1841 ex
481 1815 522 1841 his
535 1814 688 1841 nationibus
702 1814 802 1840 auxilia
816 1815 844 1840 in
857 1815 972 1842 Galliam
984 1817 1091 1842 mittan-

687 1850 775 1876 Valer.
790 1850 871 1877 Flacc.
887 1852 986 1886 Argon.
1001 1854 1027 1884 6,
1043 1854 1091 1884 632

685 1957 849 1984 Coniunctus
860 1959 1019 1993 cognatione
1031 1968 1092 1994 pro·
1113 1968 1146 1995 50
1160 1967 1216 1984 rum
1231 1959 1307 1984 alteri
1319 1961 1468 1993 promittere
1473 1957 1560 1993 fidem.

1550 128 1585 168 c
1672 129 1709 169 o
1797 129 1840 169 N
2124 148 2200 189 „53

1157 209 1250 251 {ituris}
1286 211 1399 254 Plin315,
1415 220 1445 245 29
1464 214 1492 240 dc
1505 223 1593 249 myrto,
1608 217 1671 244 Ideo
1685 223 1741 244 tum
1755 216 1854 250 cletta,
1874 221 2001 252 quoniam
2015 224 2201 254 coniunctioni

1158 253 1183 273 et
1198 247 1258 272 huic
1273 249 1363 275 arbori
1378 250 1465 288 Venus
1485 252 1591 289 praeest.
1664 253 1845 285 coniunctio,
1873 256 2042 292 confulioque
2060 261 2188 289 virtutum

1158 289 1245 322 tamen
1265 284 1458 324 aphilosophis
1479 292 1581 324 ratione
1601 289 1713 321 quadam
1730 290 1901 323 distinguitur
1934 292 1990 316 Cic.
2003 293 2035 318 de
2049 295 2106 320 Fin.
2121 305 2132 327 ς
2156 283 2200 332 67³

1157 319 1321 345 Coniuncho
1340 326 1365 345 et
1378 321 1531 346 Disiunclio
1548 341 1555 352 ,
1573 328 1701 349 contraria
1719 325 1791 350 Idem
1807 325 1885 351 Acad.
1899 336 1926 357 4,
1939 334 1982 360 97.
2038 317 2200 359 Coniuriftio

1158 356 1232 393 etiarn
1245 354 1326 380 eadem
1339 353 1382 388 est,
1400 363 1461 390 quae·
1479 358 1626 389 connexio,
1650 363 1667 384 ι’.
1683 360 1787 386 axioma
1808 360 2029 389 conditionatum.
2071 365 2128 390 isid.
2144 368 2200 394 Cic.

1159 388 1190 414 de
1212 389 1276 414 bato
1297 399 1317 415 c.
1332 396 1344 420 8
1357 397 1400 425 pr.
1438 391 1496 430 ljloe
1516 391 1576 430 loco
1597 393 1753 428 Chrylippns
1790 410 1835 415 —
1872 397 1955 430 sperat
1975 396 2122 424 Chaldaeos
2156 417 2201 423 ,-

1159 433 1212 463 non
1226 426 1318 451 vsuros
1330 428 1378 451 elle
1392 426 1644 460 conantionibus,
1665 436 1692 455 vt
1714 431 1748 456 ita
1769 431 1812 456 sua
1834 439 1953 466 percepta
1967 435 2156 466 pronuntient,
2176 439 2203 464 Si

1159 469 1221 500 qius
1240 462 1363 500 natus-est
1377 461 1481 487 oriente
1501 462 1627 488 Canicula
1638 483 1645 494 ‚
1667 465 1687 489 is
1702 466 1728 490 in
1746 466 1814 492 mari
1827 476 1880 492 non
1893 469 2025 494 morietur
2036 476 2080 494 etc.
2101 477 2124 495 ct
2134 478 2161 505 p.
2174 479 2202 506 p.

1160 496 1186 521 Si
1201 494 1328 534 Chaldaei
1343 497 1378 522 ita
1390 496 1552 536 loquentur,
1574 504 1601 523 vt
1621 499 1782 532 Negationes
1802 501 1965 529 infinitarum
1985 504 2204 532 coniunfficnum

1161 536 1265 565 potiuS,
1291 540 1369 564 quam
1389 532 1494 558 infinita
1514 541 1631 558 connexa
1644 542 1757 567 ponant,
1774 542 1818 562 etc.
1892 540 2070 571 Coniunftio,
2086 547 2134 575 pro
2155 552 2206 567 mu-

1160 573 1203 592 tua
1216 569 1330 591 amicitia
1341 574 1365 592 et
1378 568 1508 593 concordia
1527 568 1584 594 Cic.
1600 570 1670 595 Fam⁴
1685 579 1714 597 11.
1731 579 1754 602 ις
1787 572 1950 600 coniunctio
1965 582 2008 601 tua
2022 585 2081 601 cuni
2095 577 2193 611 collega

1160 601 1358 641 concordiaque
1366 603 1538 637 vcstra,quae
1548 603 1632 630 literis
1647 606 1830 632 communibus
1847 608 1942 636 clarata
1957 611 2000 636 est.
2063 597 2206 640 Annicula}

1161 636 1411 677 coniunc‘lionisque
1425 638 1580 664 neceslitudo
1602 640 1674 665 Idem
1688 640 1719 666 de
1733 642 1839 668 Amicit.
1853 651 1884 676 ¹73
1899 654 1920 670 c.
1934 654 1975 672 20.
2029 647 2206 675 Coniunfflo-

1159 681 1200 699 ms
1215 672 1344 698 humanae
1359 674 1468 712 societas
1492 674 1530 699 ld.
1545 674 1577 700 de
1591 675 1678 701 Finib.
1695 684 1717 708 ς,
1732 680 1770 707 ὤς,
1808 676 1950 705 Affinitatis
1967 681 2022 709 Cic.
2037 692 2086 716 pro
2101 684 2205 712 Cluent.

1165 717 1210 741 ¹90
1229 718 1251 734 c.
1269 711 1312 743 67.
1383 708 1582 736 Bcnmolentiae
1616 712 1687 737 Idem
1704 711 1735 737 de
1752 713 1857 740 Amicit.
1878 723 1906 745 23
1925 725 1946 741 c.
1969 724 1993 750 7.
2067 719 2206 754 Sanguinis

1162 743 1317 770 coniunftio
1337 749 1365 769 et
1375 742 1558 770 beniuolentia
1580 746 1698 772 deuincit
1725 748 1833 774 caritate
1852 748 1973 777 homines
2008 752 2046 778 Id.
2061 754 2112 780 Off.
2130 765 2137 781 1
2164 764 2205 790 54.

1162 779 1326 806 Coniune‘tio
1346 785 1371 805 et
1392 779 1561 806 familiaritas
1589 782 1644 807 Cic.
1661 782 1773 816 Philipp.
1795 792 1834 816 14,
1856 786 1892 810 16.
1973 787 2044 813 Idem
2061 790 2105 816 Att
2132 777 2148 817 2'
2178 801 2205 824 23

1162 815 1318 849 Pompeium
1333 815 1470 841 aCaesaris
1484 815 1672 842 coniunciione
1687 819 1841 844 Auocarem.
1897 821 2048 849 Conciliare
2085 812 2162 852 mhi)
2180 837 2196 854 υ

1161 852 1217 877 Cic.
1232 852 1303 878 Fam.
1320 858 1342 883 ς,
1357 859 1380 882 13
1402 850 1512 885 Aliquid
1526 850 1558 876 de
1571 851 1658 876 nostra
1673 854 1861 880 coniunctione
1877 855 2047 885 imminutum
2056 845 2108 886 ³ell'e
2123 847 2206 888 osten:

1163 886 1262 912 derem.
1336 887 1471 912 Dirimere
1485 886 1701 912 coniunctionem
1721 888 1791 913 Idem
1807 891 1877 916 Fam.
1894 901 1915 924 3,
1931 901 1968 918 10.
2040 896 2206 932 Perfringcre

1161 922 1380 948 coniunffionem
1402 922 1440 949 ld.
1455 921 1533 948 Catil.
1547 931 1575 954 4,
1589 930 1625 948 22.
1698 923 1752 949 Cic.
1769 933 1816 956 pro
1831 926 1917 952 Domo
1936 934 1966 957 28
1996 930 2070 956 Hanc
2090 933 2206 960 nostram

1161 957 1396 990 coniunctionem,
1422 958 1487 984 hane
1508 957 1729 991 conspirationem
1748 958 1776 983 in
1790 959 1890 992 Repub.
1908 962 1975 988 bene
1990 966 2102 998 gerenda
2140 969 2206 996 hane

1161 993 1371 1019 iucundissimam
1385 994 1456 1020 vitae
1468 999 1546 1027 atque
1559 992 1709 1020 officiorum
1724 994 1845 1020 omnium
1859 996 2022 1030 societatem5
2041 988 2205 1031 certi’homi-

1162 1038 1207 1055 nes
1222 1029 1291 1054 ficiis
1311 1029 1475 1055 sermonibus
1493 1035 1519 1054 et
1537 1028 1604 1055 falsis
1620 1029 1778 1056 criminibus
1798 1029 1970 1057 diremerunt.
2040 1037 2207 1066 Conuenien.

1132 1075 1142 1083 -
1162 1065 1198 1090 tia
1212 1071 1236 1090 ct
1249 1064 1403 1091 coniunflio
1423 1071 1548 1096 naturae,
1574 1073 1652 1098 quam
1667 1071 1762 1092 vocant
1787 1065 1958 1098 συμπάθειαν,
1973 1070 2044 1101 quod
2057 1073 2152 1106 cuique
2165 1077 2208 1103 rei

1162 1101 1305 1127 conueniat
1324 1100 1397 1126 Idem
1411 1100 1443 1126 de
1456 1100 1547 1126 Diuin.
1563 1108 1585 1132 2,
1600 1108 1656 1134 142.
1730 1103 1760 1127 Et
1768 1101 1880 1136 Philipp.
1895 1110 1931 1134 13,
1945 1111 1968 1128 11
1989 1104 2063 1131 Hanc
2076 1108 2144 1134 mihi
2157 1110 2208 1136 dis.

1161 1136 1340 1171 pensationem
1361 1145 1410 1170 pro
1430 1144 1536 1170 paterna
1551 1135 1734 1163 necessitudine
1747 1143 1773 1163 et
1787 1137 1976 1164 coniunctione
1989 1139 2110 1174 deposco.
2153 1146 2209 1172 Ho-

1162 1172 1264 1198 minum
1278 1172 1347 1197 inter
1360 1172 1481 1198 homines
1495 1172 1697 1203 coniunffio‚ct
1711 1172 1780 1207 quasi
1789 1173 1917 1207 quaedam
1931 1174 2040 1202 societas
2051 1182 2077 1203 et
2092 1186 2211 1206 commu-

1161 1208 1260 1234 nicatio
1275 1208 1424 1234 Vtilitatum
1443 1208 1498 1236 Cic.
1514 1208 1545 1233 de
1559 1208 1646 1235 Finib.
1660 1217 1682 1241 ς,
1699 1211 1738 1240 65.
1809 1209 1948 1242 Inoffcnsa,
1969 1216 2047 1245 atque
2060 1213 2211 1242 indubitata

1163 1244 1303 1270 literarum
1328 1244 1398 1269 inter
1419 1244 1443 1269 se
1463 1243 1620 1270 coniun&io
1650 1244 1781 1277 Qiinffil.
1800 1253 1820 1276 1,
1842 1253 1861 1275 1,
1880 1254 1915 1277 31.
1987 1247 2151 1276 (Ξοηὶυηὲἲίο
2170 1252 2212 1277 ab-

1155 1280 1239 1316 Jblute
1253 1286 1301 1314 pro
1323 1277 1447 1314 affinitate
1468 1280 1537 1313 Nep.
1551 1288 1592 1312 25,
1605 1288 1632 1312 19
1664 1279 1744 1313 Quod
1759 1279 1827 1306 mihi
1840 1280 1872 1306 de
1887 1280 1942 1307 filia
1955 1287 1981 1308 et
1995 1284 2140 1319 Craffipede
2154 1294 2213 1321 gra-¹

1162 1315 1264 1347 tularis,
1277 1316 1388 1349 agnosco
1403 1313 1596 1341 humanitatem
1609 1321 1681 1342 tuam
1690 1335 1696 1346 ,
1705 1317 1834 1351 speroque
1848 1322 1873 1342 et
1885 1323 1964 1351 opto,
1977 1319 2055 1346 nobis
2069 1320 2136 1351 hanc
2150 1332 2212 1350 con-

1162 1350 1329 1377 iunfflonem
1341 1351 1473 1385 voluptati
1493 1351 1553 1377 fore
1578 1351 1633 1377 Cic.
1654 1353 1724 1377 Fani.
1743 1359 1765 1383 1,
1779 1359 1804 1386 7.
1839 1352 1907 1379 Add.
1922 1353 1990 1380 Tac.
2005 1356 2072 1382 Ann.
2086 1367 2114 1391 4,
2128 1366 2159 1391 39
2188 1368 2211 1392 3.

1161 1394 1184 1412 et
1199 1386 1235 1412 ib.
1249 1395 1270 1413 c.
1284 1396 1330 1419 40,
1345 1394 1371 1421 7.
1407 1387 1573 1414 ConiunRio
1586 1387 1652 1422 apud
1659 1389 1838 1413 Grammaticos
1851 1386 1884 1420 est
1893 1395 1958 1423 pars
1966 1391 2107 1424 Orationis,
2115 1378 2175 1429 qua’e
2187 1402 2212 1421 et

1161 1421 1328 1448 Conuinffio
1354 1423 1411 1448 Cic.
1425 1423 1453 1448 in
1469 1424 1543 1449 Orat.
1557 1430 1596 1455 135
1609 1432 1630 1450 c.
1645 1431 1676 1455 39
1698 1423 1766 1449 Cum
1781 1423 1875 1449 demtis
1888 1425 2123 1454 coniunffionibus
2135 1429 2212 1457 diffo-

1161 1457 1216 1483 lute
1237 1456 1312 1491 plura
1331 1457 1472 1490 dicuntur,
1490 1458 1644 1493 Ajymleton.
1715 1458 1880 1485 Coniune‘tio
1907 1461 1974 1494 apud
1990 1462 2109 1490 Rhe-tores
2120 1465 2213 1500 forma

1161 1493 1261 1519 dicendi
1273 1501 1344 1527 quam
1358 1493 1511 1519 declaramus
1523 1503 1554 1520 ex
1569 1495 1599 1520 A.
1613 1494 1645 1520 ad
1658 1495 1722 1519 Her.
1736 1503 1764 1526 4,
1779 1502 1809 1528 37
1821 1503 1843 1519 c.
1857 1502 1899 1528 27.
1919 1499 1945 1520 in
1958 1504 1980 1522 A
1990 1504 2008 1522 D
2019 1505 2027 1522 1
2037 1505 2058 1524 V
2069 1505 2091 1524 N
2102 1505 2121 1526 c
2134 1507 2154 1525 T
2164 1509 2173 1527 1
2182 1509 2211 1529 ο.

1198 1535 1215 1555 C
1230 1534 1249 1554 O
1263 1534 1283 1554 N
1297 1536 1306 1554 1
1315 1535 1337 1553 v
1347 1534 1369 1553 N
1379 1534 1396 1554 C
1407 1535 1428 1554 T
1438 1537 1445 1554 1
1456 1537 1476 1555 v
1486 1536 1506 1555 V
1516 1537 1528 1555 s
1539 1549 1547 1561 ,
1568 1538 1591 1558 a,
1606 1538 1660 1554 um.
1683 1529 1742 1555 Adi.
1770 1528 1963 1562 [συμπλεκἹικᾶς
1979 1531 2058 1558 Gloffi
2070 1534 2117 1560 Gr.
2132 1536 2212 1572 Lat.]

1160 1564 1279 1592 Tertull.
1294 1563 1354 1590 adu.
1378 1566 1508 1598 Hermog.
1528 1574 1548 1590 c.
1571 1566 1610 1590 26.
1667 1565 1746 1590 Mart.
1767 1564 1866 1598 Capell.
1880 1573 1893 1597 3
1907 1575 1932 1600 p.
1946 1571 1983 1598 83.
2014 1575 2039 1594 ec
2055 1570 2104 1595 alii
2124 1572 2213 1599 Gram—

1036 1602 1091 1632 Vsu
1102 1608 1140 1634 40
1160 1603 1247 1627 malici
1260 1600 1471 1626 Coniuntffiiuum
1485 1600 1595 1626 niodum
1617 1603 1643 1626 in
1658 1600 1741 1626 verbis
1762 1608 1906 1627 memorant.

1197 1643 1215 1663 C
1223 1643 1241 1663 O
1249 1643 1272 1662 N
1282 1644 1291 1662 1
1300 1643 1320 1662 V
1331 1643 1353 1662 N
1362 1641 1379 1662 C
1391 1643 1412 1663 'r
1423 1643 1441 1662 R
1451 1644 1459 1662 1
1470 1644 1487 1662 x
1496 1656 1504 1668 ,
1530 1636 1585 1663 ἱείς.
1614 1636 1633 1661 f.
1672 1636 1739 1662 Idem
1752 1645 1782 1661 ac
1802 1634 1989 1663 Coniunbliuue.
2026 1639 2164 1674 Augustin.
2179 1643 2212 1670 de

1162 1672 1244 1699 Trin.
1259 1681 1292 1704 11,
1307 1680 1336 1697 10
1344 1679 1388 1707 pr.
1416 1672 1545 1698 Voluntas
1557 1671 1726 1698 coniunetrix
1741 1678 1766 1697 et
1778 1672 1930 1706 separatrix.

1196 1715 1213 1734 C
1224 1714 1242 1734 O
1253 1715 1275 1734 N
1284 1716 1292 1734 1
1301 1715 1322 1734 V
1332 1714 1354 1732 N
1366 1714 1383 1734 c
1395 1715 1416 1734 T
1426 1715 1446 1734 Ο
1455 1728 1463 1739 ,
1483 1712 1536 1734 are.
1559 1708 1699 1741 Frequent.
1735 1707 1857 1734 Prudent.
1870 1707 1959 1740 Psycli.
1974 1717 2000 1735 v.
2013 1712 2075 1744 762.

1198 1749 1216 1769 C
1228 1750 1247 1770 0
1258 1750 1280 1769 N
1291 1751 1301 1769 1
1310 1742 1359 1769 vd
1368 1750 1383 1769 L
1393 1751 1412 1768 v
1423 1750 1452 1775 s,
1473 1752 1497 1775 a,
1519 1752 1573 1769 um.
1594 1743 1654 1769 Adi.
1691 1743 1780 1769 Festus
1795 1744 1927 1770 Coniuola
1940 1746 2052 1773 occulta.
2088 1748 2118 1774 In
2131 1749 2211 1776 Gloffi

1746 1779 1793 1806 Sed
1799 1779 1878 1805 Gloff.
1889 1780 2024 1807 Cohiuum
2037 1786 2063 1809 et
2073 1784 2212 1812 Coniuum

1160 1818 1344 1850 interpretatur
1363 1814 1448 1846 κάλυξ
1461 1813 1519 1850 ῥόαις
1531 1814 1661 1848 μεμυκὼς,
1681 1814 1750 1850 quast
1764 1814 1819 1847 eyjlct
1831 1826 1845 1841 a
1860 1816 2038 1844 conniuendo.

1195 1857 1315 1877 CONIV
1326 1855 1375 1877 RG
1387 1857 1423 1882 0,
1451 1855 1502 1877 are.
1540 1852 1608 1876 Idem
1627 1852 1693 1886 quod
1708 1850 1867 1885 Obiurgare.
1925 1852 2040 1887 Oportet
2058 1854 2212 1890 obseruare,

1160 1894 1194 1912 ne
1208 1886 1398 1921 coniurgemur
1410 1885 1443 1912 ab
1457 1885 1517 1921 ipsis
1537 1888 1647 1920 Interpr.
1661 1887 1729 1913 Iren.
1745 1896 1766 1918 ς,
1785 1895 1821 1922 17.

1200 1928 1218 1948 C
1232 1928 1252 1948 O
1262 1929 1284 1948 N
1293 1930 1302 1948 1
1312 1923 1333 1948 xi
1341 1929 1361 1948 R
1370 1928 1389 1948 Ο
1401 1941 1408 1952 ,
1426 1926 1478 1948 are.
1517 1922 1529 1955 [
1536 1921 1668 1955 συνόμνυμι
1677 1945 1685 1956 ,
1707 1923 1857 1958 σννίςαμαι]
1893 1923 1973 1950 Simul
1984 1927 2070 1952 iurare
2078 1946 2086 1958 ,
2115 1933 2139 1952 et
2152 1929 2214 1954 alte-

1619 1958 1693 1992 Virg.
1715 1959 1779 1984 Aen.
1802 1964 1824 1990 8,
1844 1966 1857 1991 ς
1889 1959 1974 1985 Simul
1995 1969 2075 1988 omne
2094 1964 2212 1990 tumultu

1611 1994 1660 2020 Vbi
1674 1994 1780 2020 Seruius
1791 2004 1796 2019 ι
1816 1995 1906 2027 Nota,
1919 1995 1952 2021 de
1964 2004 1994 2022 re
2008 1996 2078 2023 bona
2091 1999 2213 2025 coniura-

1161 2029 1264 2056 tionem
1277 2029 1331 2056 dici
1344 2030 1421 2064 poffe.
1458 2030 1530 2056 Nam
1544 2029 1696 2056 coniuratio
1716 2031 1761 2055 τῶν
1777 2031 1855 2062 μέσων
1869 2030 1914 2056 est.
1951 2031 1999 2057 Sed
2012 2032 2169 2067 plerumque
2183 2034 2214 2061 in

1161 2065 1258 2092 malam
1273 2071 1373 2100 partem
1387 2065 1526 2100 accipitur.
1599 2066 1659 2092 Liu.
1673 2074 1714 2097 22,
1729 2070 1756 2096 38
1777 2065 1878 2090 Milites
1893 2072 1969 2097 tunc,
1991 2068 2063 2100 qnod
2077 2077 2214 2103 nunquam

1161 2107 1237 2128 antea
1250 2101 1352 2128 fa&u1n
1365 2106 1436 2132 erat,
1456 2100 1631 2128 iureiurando
1653 2109 1667 2125 a
1681 2099 1798 2125 tribunis
1813 2099 1932 2125 rnilitum
1946 2100 2047 2135 adacti,
2068 2104 2133 2130 iuffu
2152 2114 2214 2132 con.

1161 1994 1293 2020 Coniurat
1311 1993 1416 2028 trepido
1430 1994 1545 2020 Latium.

49 2138 93 2164 sed
106 2146 188 2173 prope
201 2137 350 2164 coniunctis
364 2137 515 2169 sententiis,
535 2141 563 2162 vt
581 2136 707 2168 laudatio,
721 2145 788 2170 quae
801 2137 831 2163 C.
841 2139 920 2164 Verri
937 2138 1042 2165 decreta
1054 2138 1091 2176 es-
1113 2139 1142 2164 55
1161 2137 1248 2161 sulum
1262 2141 1458 2167 conuenturos,
1473 2143 1559 2168 neque
1574 2135 1670 2160 iniuffii
1682 2133 1811 2161 abitur-0⁵.
1846 2135 1919 2162 Nam
1936 2137 1968 2162 ad
1983 2146 2044 2164 eum
2059 2139 2131 2166 diem
2142 2140 2214 2168 nihil

48 2174 102 2205 set,
123 2173 275 2205 tolleretur,
306 2176 324 2200 i.
339 2173 448 2200 omnibus
459 2173 602 2208 fintentiis.
671 2169 742 2197 Tibi
761 2180 804 2197 nie
816 2171 946 2205 profiteor
979 2187 1024 2192 —
1061 2179 1092 2197 in

49 2209 206 2243 quotidiana
219 2209 273 2236 vita
285 2208 454 2235 coniune'tum
470 2216 529 2233 cum
540 2207 574 2232 iis
585 2205 687 2232 artibus
700 2205 859 2241 studiisque,
885 2215 952 2241 quae
966 2206 1090 2233 colimus.

47 2244 105 2271 Cic.
118 2245 189 2270 Fam.
208 2253 231 2276 3,
254 2252 277 2276 13
310 2243 368 2277 Nist
382 2250 462 2269 tamen
475 2242 510 2269 ad
510 2242 642 2278 superiora
661 2241 834 2278 referendum,
859 2242 1031 2278 legendumque
1041 2242 1091 2277 Jit,

46 2279 235 2312 coniunehim,
254 2284 310 2305 tum
324 2279 357 2305 iis
369 2278 480 2305 artibus.
549 2277 672 2311 Tempus
689 2276 878 2310 coniunctum,
905 2277 955 2304 hoc
975 2278 1011 2305 est
1023 2278 1090 2305 inse-

46 2323 129 2350 quens
145 2314 275 2348 Qinelil.
289 2322 316 2349 7,
329 2323 353 2346 2,
369 2316 414 2347 46.

46 2356 74 2377 et
88 2351 220 2378 venustate
239 2351 295 2377 Cic.
311 2349 344 2376 de
357 2351 432 2376 Orat.
446 2358 465 2380 1,
478 2357 536 2383 243.
607 2348 680 2375 Idem
688 2348 746 2376 Aet.
755 2358 765 2375 1
779 2349 807 2375 in
820 2350 937 2376 Verr.20
944 2359 992 2383 c.4
1013 2351 1090 2383 Quae

45 2385 84 2419 est
95 2386 167 2412 enim
179 2391 250 2413 tanta
262 2385 371 2412 facultas
391 2391 416 2412 et
432 2384 538 2411 dicendi
551 2384 641 2419 eopia,
659 2393 728 2419 quae
751 2384 826 2411 istius
840 2385 930 2412 Vitam
949 2391 991 2411 tot
1003 2384 1090 2415 vitiis,

45 2422 207 2457 flagitiisque
219 2421 388 2448 coniunctam
400 2420 488 2455 aliqua
499 2429 531 2446 ex
543 2426 617 2454 parte
630 2419 772 2448 defendere
784 2420 875 2456 poffit3
928 2419 998 2445 Vitis
1012 2419 1087 2445 vlmo

45 2457 188 2484 coniun&a
202 2457 299 2483 marito
327 2457 412 2483 Catul.
426 2457 454 2483 in
466 2457 554 2483 Carm.
566 2462 639 2490 nupt.
663 2457 682 2482 s.
703 2459 748 2488 60,
761 2465 802 2489 54.
882 2454 1010 2488 Voluptas
1031 2463 1091 2481 cum

47 2492 125 2520 laude
137 2492 169 2520 ad
181 2493 335 2528 dignitatem
348 2492 488 2519 coniuncta
519 2491 650 2525 Qinc'til.
664 2497 678 2520 8
691 2492 732 2516 Pr.
746 2497 813 2516 extr.

49 2530 122 2556 Fam.
136 2537 172 2559 10,
186 2537 221 2563 24
252 2528 300 2555 Sed
313 2528 430 2563 primum
443 2527 516 2562 quod
535 2528 573 2552 ita
585 2526 696 2552 meritos
709 2525 875 2552 iudicabam:
906 2524 1002 2552 deinde
1015 2525 1090 2560 quod

46 2565 85 2592 ad.
97 2573 188 2592 omnes
205 2565 274 2591 casus
293 2563 493 2590 coniunEHores
512 2561 625 2595 Reipub.
640 2561 689 2586 esse
700 2560 841 2594 volebam,
864 2563 882 2588 i.
904 2564 985 2598 magis
996 2565 1090 2588 amicos

44 2600 150 2636 Reipub.
220 2601 256 2626 Vt
268 2600 370 2626 nosmet
381 2597 428 2632 ips:
444 2598 514 2623 inter
526 2605 575 2622 nos
584 2595 779 2623 coniunctiores
795 2596 874 2623 fimus
893 2597 932 2624 Id.
945 2597 977 2623 ad
990 2598 1089 2624 Anton.

46 2636 97 2663 sub
104 2636 158 2662 Att.
171 2644 211 2668 14,
225 2643 257 2666 13.
327 2632 506 2659 (ἶοηίιιῐιξὶίοι-
517 2631 566 2658 illo
578 2630 656 2658 nenio
669 2631 736 2658 mihi
750 2632 786 2659 est
806 2633 888 2660 Ouid.
903 2634 968 2660 Met.
983 2640 1018 2666 13,
1031 2641 1090 2666 599.

47 2671 143 2705 Superl.
182 2670 232 2696 Vir
250 2667 472 2695 coniiinfflffimus
497 2673 575 2702 atque
593 2667 775 2695 amantissimus
810 2669 865 2696 Cic.
886 2668 918 2696 de
938 2669 1045 2695 Amicit.
1068 2678 1090 2695 2.
1109 2678 1145 2706 70
1159 2678 1184 2699 2,
1198 2674 1240 2703 48.

47 2705 123 2732 Vrbs'
130 2704 199 2731 mihi
212 2703 418 2731 coniune'tiffima
456 2703 530 2730 Idem
544 2703 609 2730 Phil.
624 2713 634 2730 1
648 2713 669 2730 c.
684 2712 706 2735 3.
776 2705 808 2731 Et
820 2704 852 2731 de
864 2705 971 2732 Amicit.
986 2713 1016 2738 39
1029 2714 1050 2731 c.
1068 2713 1091 2731 11

48 2740 125 2767 Tum
144 2741 224 2767 etiam
243 2749 302 2766 cum
315 2739 347 2766 iis
365 2746 391 2766 et
404 2741 474 2766 inter
493 2741 517 2766 se
530 2739 751 2773 coniiineiiffiinoe
768 2740 858 2772 fuisse,
884 2742 921 2768 M.
936 2741 1050 2768 Curium
1065 2746 1092 2767 et

49 2775 88 2803 T.
103 2776 299 2803 Coruncanium
313 2776 458 2803 memoriae
472 2775 607 2810 proditum
620 2775 670 2807 est,
695 2776 720 2802 h.
734 2785 754 2802 e.
768 2776 930 2808 amiciffimos.
1004 2778 1090 2804 Varro

51 2812 83 2839 R.
98 2813 130 2839 R.
144 2821 164 2845 1,
177 2819 215 2847 17,
228 2819 241 2845 ς
272 2811 433 2839 (Ξοιιὶυηᾶῑιε
450 2812 601 2848 (coniuges,
619 2811 825 2847 contubernales)
835 2807 931 2839 'seruas
945 2812 963 2839 ss
978 2812 1092 2839 habeant

50 2849 137 2881 serui,
158 2847 353 2874 coniunctiores
372 2846 438 2874 fiunt
456 2847 550 2874 fundo.

47 2892 96 2919 par
116 2884 249 2910 amicitiae
273 2883 424 2910 Consularis
444 2883 497 2910 fuit
526 2892 643 2919 vnquam
664 2883 761 2910 iri-hac
782 2884 891 2911 ciuitate
913 2885 1092 2917 coniunffius,

49 2928 129 2954 quain
148 2919 248 2946 fuimus
269 2919 339 2946 inter
357 2928 404 2946 nos
424 2928 473 2954 ego
492 2925 517 2946 et
536 2920 584 2946 Cn.
602 2919 757 2954 Pompeius?
825 2920 899 2947 Idem
919 2930 967 2955 pro
986 2921 1092 2947 Cluent.

47 2963 93 2989 152
105 2964 125 2982 c.
139 2962 167 2988 55
184 2955 290 2990 Equites
304 2954 395 2982 ordini
408 2955 547 2982 Senatorio
560 2955 686 2990 dignitate
699 2955 846 2990 proximos,
866 2956 1017 2984 Concordia
1030 2966 1090 2983 con-

49 2989 220 3018 iunfiliffinios
233 2991 281 3018 effe
294 2992 413 3026 cupiunt.
484 2991 629 3018 Coniuncti
645 2999 674 3018 re
687 2992 754 3027 apud
772 2993 907 3029 Iuriscons.
921 2992 1040 3019 uidentur
1052 2993 1092 3020 be-

485 2313 534 2340 Vis
554 2312 660 2339 dicendi
679 2313 800 2348 egregia,
826 2314 926 2340 sumina
945 2314 1090 2341 festiuitate
1109 2320 1145 2345 60
1161 2318 1304 2339 1VRAT10
1330 2319 1357 2336 n.
1372 2319 1395 2336 2.

621 2848 677 2888 Cic.
692 2857 742 2882 pro
756 2848 844 2875 Domo
858 2856 892 2883 27
925 2849 1005 2883 Qiod
1019 2849 1091 2875 enim
1110 2859 1143 2888 75

1161 2177 1266 2204 praeter
1278 2170 1475 2197 Sacramentum
1489 2170 1578 2196 fuerat
1584 2176 1626 2202 ,et
1646 2185 1692 2190 —-
1711 2171 1755 2196 sua
1768 2170 1905 2197 voluntate
1919 2172 1966 2205 ipfi
1981 2173 2053 2200 inter
2072 2176 2098 2201 se
2110 2177 2213 2210 equites

1161 2205 1309 2238 decuriati,
1327 2205 1469 2232 centuriati
1484 2205 1601 2240 pedites,
1619 2205 1810 2237 coniurabant,
1833 2207 1886 2232 sese
1904 2207 1983 2241 fugae
1995 2214 2076 2244 atque
2088 2211 2213 2239 formidi-

1161 2241 1202 2268 nis
1215 2250 1280 2276 ergo
1294 2250 1349 2267 non
1362 2241 1500 2272 abituros,
1517 2248 1562 2266 etc.
1599 2240 1641 2266 Sic
1652 2241 1727 2266 Idem
1740 2249 1784 2273 45,
1797 2249 1813 2266 2
1838 2241 1873 2267 Vt
1885 2242 1999 2276 Consul,
2020 2254 2088 2280 quos
2106 2254 2214 2281 praeter

1159 2277 1260 2303 milites
1273 2277 1414 2310 sociosque
1425 2276 1531 2301 nauales
1542 2275 1698 2301 coniuratos
1710 2275 1829 2307 haberet,
1842 2276 1998 2305 dimitteret.
2034 2281 2108 2317 Conf.
2124 2288 2213 2310 CON-

1438 2312 1506 2336 Hinc
1520 2310 1655 2345 metaphor.
1726 2311 1845 2338 Alterius
1864 2312 1897 2338 fic
1919 2314 2011 2341 Altera
2028 2318 2112 2351 poscit
2132 2327 2212 2354 opem

1159 2355 1218 2379 res,
1237 2351 1264 2372 et
1275 2346 1397 2372 coniurat
1412 2346 1498 2373 amice
1518 2347 1586 2372 Hor.
1594 2346 1658 2372 Arte
1672 2347 1746 2373 Poet.
1760 2356 1819 2380 410.
1841 2347 1870 2374 de
1882 2355 1977 2377 natura
1990 2358 2014 2377 et
2027 2359 2091 2382 arte.
2127 2355 2210 2384 Plaut.

1161 2383 1242 2408 Merc.
1256 2390 1279 2414 3,
1295 2390 1315 2413 1,
1328 2387 1356 2414 38
1372 2383 1444 2408 Inter
1456 2391 1504 2408 nos
1519 2381 1735 2413 coniurauimus,
1755 2392 1805 2418 ego
1820 2392 1880 2410 cum
1895 2385 1960 2419 illo,
1985 2391 2012 2413 et
2030 2388 2078 2415 ille
2096 2397 2212 2419 mecum.

1160 2418 1248 2452 Scipio
1263 2417 1320 2443 Afr.
1335 2425 1374 2453 ap.
1389 2418 1458 2444 Gell.
1472 2426 1499 2452 7,
1512 2427 1533 2444 n
1548 2425 1613 2444 extr.
1635 2419 1690 2453 Age
1702 2419 1832 2445 malitiam
1846 2420 1938 2448 saltem
1958 2421 2087 2457 defende,
2106 2431 2135 2452 tu
2150 2436 2211 2455 ver.

1159 2452 1200 2480 bis
1216 2453 1349 2488 conceptis
1362 2453 1504 2480 coniurasti
1523 2454 1622 2487 sciens,
1641 2455 1738 2480 sciente
1757 2455 1849 2481 animo
1862 2461 1919 2484 tuo.
1973 2459 2113 2487 Coniurant
2123 2463 2213 2500 lingua

883 2490 995 2529 Compar.
1032 2490 1090 2517 Cic.
1112 2491 1144 2523 65
1158 2495 1183 2515 et
1196 2499 1271 2516 mens.
1324 2490 1474 2516 Coniurare
1487 2490 1567 2516 etiam
1580 2488 1630 2522 est,
1647 2493 1675 2516 in
1687 2492 1795 2517 alieuius
1801 2495 1939 2527 perniciem
1954 2497 2047 2523 iurare.
2085 2497 2141 2524 Cic.
2155 2502 2212 2526 Att-

1160 2534 1182 2556 2,
1196 2530 1210 2556 8
1230 2524 1385 2552 Coniuraffe
1399 2526 1506 2552 mallem
1516 2546 1523 2558 ,
1545 2535 1627 2560 quam
1643 2526 1763 2552 restitill'e
1776 2527 1969 2556 coniurationi.
2004 2533 2094 2558 Acron
2112 2534 2142 2560 in
2154 2535 2211 2562 Ho-

1159 2568 1208 2588 rat.
1225 2562 1314 2588 Carm.
1332 2570 1352 2593 1,
1370 2569 1404 2594 15,
1418 2570 1435 2596 7
1466 2563 1539 2588 Inter
1559 2562 1695 2589 Corum-ace
1714 2568 1739 2588 et
1756 2563 1903 2598 Conspirare
1922 2564 1974 2592 hoc
1993 2567 2115 2602 interest,
2136 2571 2211 2605 quod

1158 2596 1306 2632 szsjairare
1320 2597 1454 2624 interdum
1474 2597 1608 2624 bonorum
1622 2597 1674 2630 est,
1692 2598 1829 2626 Coniurare
1845 2600 1986 2628 malorum.
2059 2605 2210 2633 Coniurare

1160 2632 1192 2659 de
1207 2632 1394 2659 interficiendo
1407 2633 1499 2668 aliquo
1532 2633 1586 2660 Cic.
1601 2643 1650 2668 pro
1664 2634 1761 2660 Milon.
1775 2636 1810 2661 66
1823 2644 1844 2661 c.
1858 2643 1902 2669 24.
1926 2664 1929 2667 ,
1973 2639 2006 2664 In
2017 2647 2091 2667 arma
2110 2641 2210 2672 Lucan.

1293 2670 1325 2695 In
1344 2670 1435 2695 ruinas
1456 2669 1556 2695 nostras
1576 2670 1872 2697 coniurauere'sorores
1904 2672 1996 2699 Claud.
2010 2674 2041 2700 de
2056 2677 2093 2702 Ra
2114 2682 2131 2703 t.
2145 2678 2209 2704 Pro-

1159 2705 1225 2745 serp.
1238 2713 1262 2737 3,
1277 2713 1332 2737 199.
1403 2705 1460 2731 Cic.
1475 2714 1522 2740 pro
1536 2705 1607 2732 Sulla
1621 2713 1656 2740 70
1669 2714 1690 2731 c.
1700 2713 1734 2738 25
1760 2706 1877 2734 Catilina
1889 2714 1981 2735 contra
1993 2710 2094 2745 Rempu
2116 2712 2132 2738 l.
2146 2721 2209 2739 cors-

1160 2741 1269 2767 iurauit.
1341 2741 1413 2767 Caes.
1429 2741 1493 2767 Bell.
1502 2740 1570 2768 Gall.
1584 2750 1609 2773 2,
1624 2750 1636 2773 3
1656 2741 1753 2776 Neque
1766 2743 1792 2769 se
1805 2752 1865 2769 cuni
1877 2743 1988 2778 reliquis
2000 2745 2087 2780 Belgis
2101 2749 2209 2774 consen-

1160 2776 1229 2803 fisse:
1253 2785 1339 2811 neque
1357 2783 1449 2803 contra
1466 2777 1596 2812 Populum
1617 2777 1696 2803 Rom.
1713 2778 1866 2805 coniurasse.
1937 2780 2037 2807 Contra
2051 2782 2208 2811 Tonantem

1159 2813 1301 2839 coniurant
1316 2812 1405 2839 furiae
1425 2812 1517 2839 Claud.
1532 2812 1563 2839 de
1577 2813 1652 2847 Rapt.
1666 2814 1782 2848 Prosci-p.
1797 2823 1817 2846 1,
1828 2823 1868 2846 39.
1949 2813 1951 2815 ’

1199 2855 1217 2875 C
1231 2855 1250 2875 O
1260 2855 1282 2874 N
1291 2856 1301 2874 Ι
1309 2855 1357 2875 VR
1366 2850 1417 2875 ᾸΤ
1426 2856 1448 2875 V
1457 2856 1481 2881 s,
1495 2858 1520 2881 a,
1536 2858 1590 2875 um.
1612 2849 1705 2875 Partic.
1727 2849 1891 2884 [συνυμωθεὶς
1902 2851 1916 2884 ]
1934 2850 1987 2885 Qi
1998 2855 2156 2886 conius-uuit,
2166 2860 2207 2888 vt,

1159 2884 1274 2919 Agmina
1286 2884 1425 2911 coniurata
1444 2884 1527 2911 Ouid.
1541 2886 1606 2911 Met.
1621 2893 1644 2918 ς,
1660 2892 1712 2918 ¹30·
1765 2886 1845 2911 Arma
1860 2886 1996 2912 coniurata
2010 2894 2152 2916 mouentur
2165 2890 2206 2918 Id.

1159 2921 1224 2947 Met.
1239 2929 1273 2953 ις,
1287 2923 1344 2955 763.
1383 2921 1486 2947 Fratres
1501 2921 1635 2948 coniurati
1649 2921 1750 2947 caelum
1763 2921 1913 2947 rescindere
1927 2921 2105 2958 Virgfieorg.
2114 2934 2134 2958 1,
2146 2931 2206 2955 280.

1160 2956 1260 2983 Othum
1276 2962 1302 2982 et
1321 2955 1469 2990 Ephialtem
1489 2956 1570 2989 dicit,
1591 2963 1621 2983 vt
1632 2959 1670 2982 ait
1683 2956 1807 2988 Seruius,
1826 2957 1873 2990 qui
1885 2956 1994 2983 fuerunt
2008 2957 2059 2984 filii
2073 2960 2206 2995 Neptuni,

1159 2998 1185 3019 et
1199 3001 1299 3018 nouem
1312 2991 1404 3026 digitis
1418 2992 1525 3027 singulis
1537 2991 1685 3019 crescebant
1698 2991 1905 3026 menfibus‚qua
1918 2992 1982 3018 freti
1995 2993 2136 3022 altitudine
2150 3006 2206 3024 cae-

48 3025 135 3059 redaes,
152 3028 194 3053 vel
204 3028 338 3063 legatarii,
358 3028 398 3054 uel
409 3025 608 3063 vfiafruffuarii,
628 3036 700 3063 quum
720 3037 749 3053 ex
765 3037 792 3054 re
802 3029 873 3065 spfiz,
897 3038 946 3055 non
965 3037 994 3055 ex
1008 3029 1092 3055 verbis
1113 3032 1145 3059 80
1159 3027 1215 3054 lum
1234 3028 1379 3054 voluerunt
1397 3035 1532 3055 euertere:
1551 3027 1593 3054 sed
1609 3026 1706 3053 confixi
1721 3027 1780 3052 sunt
1798 3027 1898 3061 sagittis
1912 3028 2043 3062 Apollinis
2057 3037 2083 3057 et
2095 3032 2205 3060 Dianae.

8 3066 10 3069 ’
47 3059 323 3104 ΙςΙῖωηεηῐίιαΡΡανει,
341 3071 380 3089 eos
396 3065 468 3099 iungi
482 3063 516 3089 ad
528 3062 768 3095 commimicandum,
785 3065 903 3099 partibus
925 3074 954 3091 ex
972 3064 1092 3100 concursu

47 3094 215 3130 aestimandas.
249 3098 279 3124 L.
299 3097 472 3124 coniune'tum
491 3106 514 3124 ct
527 3099 544 3126 l.
560 3108 589 3125 re
601 3098 736 3126 coniunffi
750 3099 782 3126 D.
798 3099 830 3126 de
843 3100 894 3135 leg.
907 3109 920 3133 3
944 3100 1091 3127 Coniunffi

50 3131 156 3163 verbis,
173 3133 326 3173 ”offetlssm
338 3143 382 3166 re,
402 3134 539 3161 censentur
555 3134 608 3167 ita,
637 3135 720 3162 Titio
741 3141 768 3162 et
787 3136 848 3162 Seio
867 3136 958 3171 aequis
970 3136 1090 3172 partibus

48 3168 164 3195 fundum
176 3168 320 3195 Titianum
334 3169 384 3202 do,
402 3169 470 3204 lego.
541 3170 685 3197 Coniuncti
695 3179 725 3197 re
743 3176 770 3198 ct
786 3171 876 3198 verbis
889 3173 965 3205 sunt,
984 3181 1051 3208 quos
1064 3178 1091 3199 et

49 3204 191 3231 nominum
211 3210 237 3230 et
256 3205 296 3231 rei
315 3205 467 3240 complexus
485 3205 580 3240 iungit.
603 3213 646 3239 vt,
671 3206 756 3233 Lucio
774 3213 800 3233 et
812 3208 872 3234 Seio
891 3208 1004 3235 fundum
1021 3209 1091 3235 Sem·
1107 3213 1139 3243 85
1157 3206 1368 3270 quibucslvic‘iiimys
1375 3210 1454 3270 ligiiiin
1475 3207 1535 3233 Liu·
1550 3214 1592 3237 22,
1604 3211 1642 3238 38-

1154 3249 1201 3276 vt,
1256 3252 1289 3271 au
1310 3263 1317 3270 .
1337 3253 1367 3271 in
1448 3252 1473 3270 n.
1494 3251 1521 3274 1,
1539 3250 1582 3275 3¹9

49 3240 211 3275 pronianum
231 3239 282 3273 do,
302 3240 371 3275 lego.
396 3240 413 3266 l.
426 3240 546 3275 Triplici
559 3241 650 3268 modo.
682 3243 715 3269 D.
731 3241 764 3268 de
777 3242 852 3269 verb.
865 3243 951 3278 fignif.
1022 3245 1093 3271 Con·

20 3303 24 3312 .
48 3275 172 3303 iunetum
192 3274 260 3302 Gell.
270 3277 307 3308 16,
319 3281 341 3306 8.
359 3275 437 3310 dixit,
444 3285 515 3312 quam
526 3277 597 3304 hodie
609 3284 701 3304 vocant
712 3282 906 3305 enunciationem
919 3281 1092 3315 copulatiuam.

87 3318 104 3338 c
113 3319 133 3338 o
143 3318 162 3338 rc
172 3318 181 3337 1
190 3318 210 3337 v
220 3318 241 3337 N
249 3318 266 3338 c
274 3318 296 3338 'r
304 3318 324 3338 v
334 3319 364 3344 s,
388 3310 428 3338 ὓς.
459 3321 494 3339 m.
528 3313 608 3348 Bigae
616 3332 625 3346 ,
651 3313 795 3348 quadrigae
814 3323 830 3342 a
840 3315 986 3342 coniunehi
1005 3315 1092 3343 dictae

22 3386 24 3390 .
50 3347 110 3374 sunt
131 3348 216 3373 Varro
231 3347 261 3373 L.
275 3347 305 3373 L.
319 3355 345 3380 9,
356 3355 382 3374 2.

87 3389 105 3411 c
113 3389 133 3410 0
141 3389 163 3408 x
172 3390 180 3408 1
193 3390 212 3409 v
223 3389 242 3407 N
252 3389 269 3409 c
277 3388 298 3408 ‘r
307 3389 333 3409 E.
369 3381 438 3409 Adu.
475 3381 489 3416 [
501 3385 670 3419 συνημμένως]

51 3417 192 3446 ιοιιίιιιιᾶε
207 3417 238 3444 fit
250 3417 365 3450 elatum,
384 3424 410 3444 et
423 3417 545 3444 adiuncta
559 3419 606 3446 sint
619 3419 686 3451 alia,
707 3420 824 3447 iudicent
843 3421 949 3448 rectene
967 3422 1093 3448 adiuncta

908 3457 1093 3484 Coniunebene

1023 3493 1091 3520 Plin.

53 3559 221 3587 coniunctius
238 3568 274 3588 tu.
345 3561 446 3587 Viuere
458 3569 519 3586 cuni
531 3568 586 3595 quo
603 3561 672 3596 Nep.
686 3570 727 3596 25,
740 3571 779 3595 10,
793 3571 814 3595 3.

52 3595 164 3623 homine
183 3596 348 3623 coniunfflus
361 3596 420 3623 vixi
457 3596 514 3622 Cic.
527 3596 598 3623 Fam.
617 3599 644 3629 6,
661 3606 686 3630 9.
757 3598 974 3626 Coniunctiffime
995 3601 1093 3627 versati

53 3631 141 3658 smnus
159 3629 232 3659 Idem
243 3631 275 3660 de
287 3633 357 3659 Clar.
371 3632 446 3659 Orat.
460 3640 494 3664 ¹3·
565 3631 786 3666 Coniunfflffime,
798 3639 824 3660 ct
842 3634 1013 3663 amantiffime
1032 3644 1093 3663 cum

53 3666 146 3701 aliquo
159 3665 251 3693 viuere
274 3667 312 3697 Id.
327 3668 360 3694 de
371 3667 478 3694 Amicit.
493 3676 508 3694 2
523 3676 545 3694 c.
559 3675 578 3693 i.

90 3708 109 3729 C
120 3708 168 3728 ΟΝ
178 3709 187 3728 1
198 3708 217 3726 V
229 3708 249 3727 N
258 3708 304 3729 CT
312 3711 322 3730 1
330 3710 354 3730 M
363 3723 372 3736 ,
385 3703 504 3737 flmiliter
522 3702 590 3743 Adii..
626 3699 849 3738 [συνεξενγμένως]
879 3703 939 3732 Liu.
954 3707 980 3732 6.
1016 3705 1092 3733 Caes.

887 3564 951 3590 Non
964 3561 1021 3591 vllo
1033 3573 1092 3605 cnm
1109 3577 1142 3605 95
1159 3560 1297 3600 Siquidem
1315 3571 1406 3590 omnes
1425 3563 1585 3590 coniuratiin
1603 3563 1780 3590 cruciamenta
1799 3564 1945 3590 conferant.

1159 3064 1270 3090 Graecia
1290 3064 1428 3091 coniurata
1439 3073 1563 3099 rumpere
1580 3062 1684 3097 nuptias
1697 3062 1796 3089 Paridis
1816 3063 1883 3089 Hor.
1896 3064 1984 3090 Carm.
1998 3073 2019 3097 1,
2032 3074 2066 3098 ις,
2079 3074 2104 3101 7.
2140 3068 2207 3097 Ister

1159 3100 1233 3135 Virg.
1248 3100 1346 3135 Georg.
1360 3108 1386 3133 2,
1398 3109 1461 3136 497.
1530 3099 1602 3126 Socii
1617 3098 1749 3124 coniurati
1769 3098 1862 3125 Claud.
1877 3099 1906 3124 in
1918 3099 2027 3135 Eutrop.
2041 3110 2057 3127 2
2071 3104 2156 3136 praef.
2171 3112 2208 3138 ις,

1158 3135 1233 3162 Idem
1245 3136 1322 3164 Confi
1331 3137 1404 3163 1-1011,
1414 3145 1436 3169 3,
1449 3141 1480 3169 93
1496 3136 1520 3162 O
1535 3134 1649 3160 nimium
1664 3133 1760 3160 dilee'oe
1773 3134 1840 3166 Deo,
1859 3134 1903 3160 cui
1926 3149 1972 3155 ——
1991 3136 2090 3164 militat
2103 3139 2207 3174 aether,

1159 3171 1191 3198 Et
1202 3172 1336 3198 coniurati
1349 3172 1460 3199 veniunt
1473 3171 1503 3197 ad
1518 3170 1614 3197 classica
1628 3170 1711 3196 venti.
1767 3170 1924 3203 coniurati,
1950 3178 1980 3198 ot
1991 3174 2084 3199 milites
2091 3174 2152 3209 fiai,
2176 3176 2205 3202 de

1698 3205 1826 3233 Interdum
1838 3209 2002 3243 coniungitur
2013 3218 2069 3235 cum
2076 3210 2206 3239 Genitiuo:

1509 3278 1591 3304 Tunc
1610 3276 1733 3312 proditor
1746 3275 1793 3302 ille

1354 3313 1393 3342 Im
1414 3314 1454 3340 ius
1467 3313 1588 3349 imperii,
1607 3313 1814 3347 coniuratusque
1826 3312 1955 3340 Getarum

1355 3351 1390 3377 Di
1414 3350 1465 3376 ulit
1480 3349 1620 3381 instantes,
1639 3348 1713 3374 eluso
1734 3348 1864 3383 principe,
1882 3359 1989 3384 pugnas.

708 3384 766 3411 Cic.
780 3383 812 3411 de
824 3385 900 3412 Orat.
914 3395 940 3419 2,
957 3391 997 3420 158
1028 3387 1060 3413 Et
1072 3385 1090 3413 fi
1109 3397 1145 3424 90
1160 3385 1318 3418 coniurati,
1352 3385 1526 3419 [συνωμόται]
1562 3385 1689 3420 Absblutc,
1705 3390 1751 3420 pro
1767 3385 1814 3417 Iis,
1827 3387 1871 3422 qui
1884 3389 1951 3427 integ·
1957 3387 1988 3422 fi
2001 3389 2202 3420 coniuraverunt·

1161 3422 1219 3449 Cic.
1231 3423 1260 3449 in
1272 3421 1352 3449 Catil.
1365 3430 1394 3454 4,
1406 3430 1437 3446 20
1451 3430 1473 3446 c.
1487 3429 1516 3448 10
1544 3421 1600 3455 Ego
1614 3425 1710 3454 quanta
1725 3428 1816 3446 manus
1834 3420 1871 3447 cst
1882 3427 2080 3448 coniuratorum
2089 3442 2098 3454 ,
2121 3430 2203 3457 quam

1159 3457 1256 3485 videtis
1268 3459 1316 3484 ess'e
1330 3465 1514 3492 permagnam,
1535 3462 1633 3482 tantam
1652 3464 1696 3482 me
1711 3455 1886 3483 inimicorum
1904 3457 2102 3484 multitudinem
2121 3458 2202 3485 susce-

1160 3493 1220 3527 pisse
1234 3494 1323 3521 video.
1396 3493 1436 3519 Sic
1450 3502 1498 3527 pro
1511 3493 1587 3518 Font.
1608 3499 1640 3518 11.
1661 3498 1684 3517 et
1690 3490 1765 3528 stupe
1777 3493 1851 3518 alias.

1195 3535 1212 3555 c
1224 3536 1244 3556 o
1256 3537 1277 3556 N
1288 3537 1298 3556 1
1306 3536 1327 3555 v
1335 3534 1383 3555 RA
1393 3534 1414 3553 T
1424 3535 1434 3554 1
1442 3534 1475 3553 M.
1497 3527 1563 3554 Adu.
1604 3527 1676 3553 Velut
1688 3536 1717 3553 ex
1730 3530 1900 3555 coniuratione
1920 3527 2000 3556 Plaut.
2012 3526 2081 3553 Afin.
2095 3535 2120 3558 2,
2134 3536 2159 3559 2,
2171 3534 2202 3561 52

2000 3563 2042 3590 Sic
2061 3563 2116 3589 MS.
2135 3562 2203 3599 apud

1160 3601 1264 3629 Panum
1277 3601 1336 3626 Lex.
1349 3599 1414 3626 Crit.
1429 3599 1454 3625 h.
1472 3607 1496 3625 υ.
1543 3597 1590 3626 Sed
1602 3600 1654 3625 aua
1666 3601 1812 3634 exemplaria
1824 3599 1938 3626 exhibent
1950 3598 2101 3627 Coniurati.

1199 3642 1217 3664 c
1228 3641 1445 3664 0N1VRAME
1457 3640 1590 3666 iva-VM,
1607 3634 1627 3661 i.
1648 3643 1675 3661 n.
1710 3635 1847 3669 Augustin.

1198 3678 1216 3699 c
1227 3679 1246 3699 0
1255 3679 1277 3698 N
1285 3678 1295 3697 1
1303 3677 1324 3696 v
1332 3675 1352 3696 R
1360 3676 1383 3696 Α
1390 3676 1411 3696 Τ
1419 3677 1428 3696 1
1437 3676 1456 3696 O
1463 3689 1474 3702 ‚
1492 3670 1560 3697 onis.
1579 3670 1598 3696 f.
1635 3671 1805 3704 [συνωμοσὼι]
1828 3671 1936 3697 Societas
1947 3673 2034 3694 contra
2045 3674 2121 3704 remp.
2134 3671 2202 3695 inita

1160 3707 1296 3743 etfirmata
1307 3708 1362 3731 iure
1376 3705 1489 3731 iurando.
1559 3706 1616 3733 Cic.
1629 3706 1661 3732 de
1673 3706 1764 3732 Diuin.
1777 3714 1803 3737 2,
1816 3713 1851 3737 49
1880 3703 2007 3730 Mirabile
2021 3710 2109 3730 autem
2122 3703 2201 3737 illud,

52 3736 117 3765 Bell.
129 3736 199 3764 Gall.
212 3739 239 3770 6,
252 3742 277 3768 18
295 3738 382 3766 Huius
393 3739 480 3766 omnis
493 3747 618 3772 pccumae
631 3738 795 3764 coniunctim
809 3739 878 3766 ratio
891 3739 1019 3772 habetur,
1037 3742 1092 3768 fru-
1103 3750 1150 3773 100
1160 3743 1232 3777 quod
1255 3751 1286 3769 eo
1300 3740 1357 3775 ipso
1369 3745 1506 3781 tempore,
1519 3751 1573 3776 quo
1592 3741 1666 3768 fieret
1685 3741 1816 3768 iudicium
1835 3738 2027 3765 coniurationis
2048 3739 2077 3764 in
2096 3739 2201 3771 Senatu,

51 3772 163 3807 &usque
177 3773 320 3799 seruantur.
387 3775 459 3802 Cael.
475 3775 530 3801 Cic.
546 3775 618 3801 Fam.
632 3779 655 3806 8,
670 3779 684 3804 8
702 3774 783 3807 Quod
797 3775 962 3803 coniunctim
973 3777 1006 3803 de
1018 3785 1049 3804 ea
1061 3786 1092 3804 re

50 3809 170 3836 refertur
181 3815 197 3834 a
209 3807 368 3836 consulibus·
402 3810 575 3838 Coniunctim
589 3817 612 3836 et
626 3810 787 3844 Separatim,
805 3810 921 3845 opposita.
947 3811 1050 3838 Paullus
1062 3813 1091 3840 in

51 3843 85 3906 lde
93 3841 254 3913 {eigplgribus
271 3844 304 3871 D.
318 3843 350 3870 de
368 3843 418 3880 leg.
432 3855 452 3873 i-.
522 3847 616 3872 Vtitur
634 3851 660 3872 et
678 3845 768 3872 Celsus
790 3844 818 3871 in
837 3845 854 3873 l.
879 3847 911 3873 Et
923 3847 1043 3881 proculo.
1057 3849 1089 3875 D.

83 3919 132 3943 co
140 3919 162 3942 N
172 3920 213 3942 iv
221 3919 245 3942 u
255 3919 274 3942 c
283 3920 366 3949 rio,
393 3913 462 3942 onis.
485 3917 505 3945 f.
541 3915 681 3954 [σύξηξιὴ
699 3914 809 3951 emaci,
828 3913 940 3952 σύναψις,
952 3915 1089 3957 edraim-s,
1103 3932 1148 3962 ιο,
1159 3928 1194 3957 15,
1207 3925 1249 3955 34·

1158 3778 1260 3813 tignum
1273 3776 1346 3804 Iouis
1358 3775 1469 3803 biemuo
1484 3777 1619 3812 postquam
1635 3783 1691 3804 erat
1702 3777 1833 3806 locatum,
1855 3774 1883 3800 in
1900 3773 2034 3808 Capitolio
2054 3774 2200 3801 collocaba-

1259 3813 1380 3846 I'rinceps
1392 3812 1584 3842 coniurationis
1620 3813 1692 3839 Idem
1705 3811 1783 3838 Catil.
1799 3819 1808 3836 i
1825 3818 1845 3835 c.
1861 3817 1892 3835 11.
1963 3809 2093 3836 Auctores
2108 3809 2199 3840 coniu-

1158 3849 1272 3876 rationis
1294 3847 1360 3874 Vell.
1374 3856 1400 3880 2,
1413 3850 1452 3881 5⁶-
1525 3849 1611 3883 Caput
1626 3846 1818 3874 coniurationis
1833 3845 1907 3870 Curt.
1920 3845 1946 3874 6,
1959 3852 1998 3876 10,
2011 3846 2036 3871 6.
2102 3843 2200 3871 Adulta

1159 3884 1311 3911 coniuratio
1319 3900 1328 3916 ,
1349 3883 1404 3909 vid.
1425 3891 1446 3910 Α
1457 3890 1476 3910 D
1484 3891 1504 3911 o
1513 3892 1530 3911 1.
1539 3891 1555 3910 13
1565 3891 1593 3912 ο.
1648 3881 1803 3910 Manifestus
1816 3879 2009 3906 coniurationis
2027 3878 2118 3907 Tacit.
2129 3880 2197 3904 Ann.

1319 3917 1380 3947 Liu-
1395 3927 1435 3953 39,
1448 3924 1462 3950 8
1502 3918 1663 3949 Consulibus
1680 3915 1809 3948 ambobus
1827 3914 1950 3950 ⁴quafflio
1969 3915 2002 3943 de
2023 3913 2197 3975 Clandigiii‘iiis

2151 3958 2157 3973 ,
2189 3962 2196 3966 .

1158 3819 1211 3841 tur.

1373 3955 1449 3983 Ga
