2474 4182
24 1031 25 1037 ¹
70 1031 104 1050 20
147 1042 152 1048 .

28 1079 29 1082 ,
71 1067 92 1090 ι,
101 1029 230 1084 2’..Ίεανανε
239 1077 246 1089 ,
266 1063 295 1082 vt
308 1066 355 1082 non
369 1059 445 1082 nimis
457 1055 614 1082 laborandum
623 1052 669 1088 fit.

4 3152 13 3159 ’
62 3159 104 3177 res
121 3150 176 3186 ipsa
193 3151 324 3185 consulta,
342 3152 370 3179 de
388 3161 438 3189 qua
455 3152 588 3189 consultum
606 3152 656 3187 esi,

23 2576 24 2580 ,
62 2547 125 2574 dem
140 2554 259 2582 tempore
279 2553 305 2573 et
318 2547 478 2573 discentibus
497 2546 691 2576 satisfacerent,
707 2549 733 2570 et
752 2543 958 2571 consulentibus.

23 2756 24 2765 ¹
64 2768 120 2786 non
134 2759 191 2794 plus
206 2768 284 2794 quam
297 2759 329 2786 de
341 2758 448 2794 singulis
460 2757 540 2785 rebus
554 2759 719 2786 consulunto.

72 127 146 168 1181
432 114 467 155 C
551 114 590 154 O
676 111 721 151 N

75 210 131 237 Cic.
146 210 198 235 Att.
213 214 245 238 ιι,
259 212 289 238 ι4
319 203 370 230 Sed
382 208 471 231 tamen
483 201 586 237 aliquid
599 199 700 227 consuli
715 202 741 225 et
753 196 868 237 Prospici
883 197 989 232 poterit.
1033 197 1110 232 Virg.

75 247 140 272 Aen.
153 253 179 277 9,
191 250 237 275 322.
261 241 309 266 Tu
323 249 356 265 ne
369 249 420 274 qua
434 248 525 266 manus
538 239 563 264 se
582 235 701 263 attollere
721 232 799 259 nobis
835 235 856 259 A
871 240 946 274 tergo
960 233 1048 267 possit,
1067 243 1110 273 cu-

75 280 158 311 stodi,
177 283 202 304 et
216 275 320 303 consule
334 277 432 310 Longe.
504 272 634 301 Omnibus
646 269 798 301 consulere,
817 269 918 295 mederi
933 269 1109 309 incommodis

74 316 227 343 hominum,
247 311 389 346 prouidere
402 310 479 337 saluti
496 309 552 336 Cic.
566 309 601 340 Q
613 307 696 333 Fratr.
713 312 733 336 ι,
748 311 786 339 17.
845 305 927 344 ¹Bene
940 305 1025 346 alicui!
1036 304 1110 344 Idem

73 352 130 378 Cat.
143 358 162 382 4
182 356 204 374 c.
220 356 232 373 2
248 355 291 383 pr.
349 347 438 381 Nepos
452 353 487 378 15,
502 353 540 376 10,
555 351 573 370 ι.
601 347 624 367 et
644 348 679 373 19,
693 349 716 371 2,
730 348 753 379 ι..
811 340 879 380 Tib.
893 348 950 380 ²³5⁷
965 349 1002 375 44
1029 341 1110 380 [rofa
1127 351 1140 377 5

109 399 153 404 -—-
188 382 238 410 fibi
252 383 320 409 dicet
332 383 385 408 Vos
400 382 466 408 bene
479 386 531 406 tam
543 377 620 410 longa
633 376 786 402 consuluisse
800 384 853 402 Via.
906 377 962 402 Cic.
979 376 1010 401 de
1024 376 1109 401 Amic.

73 427 106 454 50
127 419 191 446 Non
211 419 246 445 est
264 419 335 445 enini
349 414 604 444 inhumanamirtus,
624 420 708 446 neque
727 411 869 443 immunis,
890 420 975 445 neque
990 410 1110 445 superba,

73 464 141 491 quae
160 455 240 481 etiam
260 454 369 489 populos
389 450 524 478 vniuersos
541 447 626 480 tueri,
647 449 735 482 eisque
754 447 854 482 optime
867 447 1003 473 consulere
1020 446 1109 472 soleat.

73 486 182 525 Optim'c
202 489 242 516 illi
262 488 407 516 consultum
425 486 482 512 vult
498 484 547 510 esse
562 483 629 509 Ter.
643 483 748 510 Phorm.
766 492 786 515 ι,
804 490 825 514 3,
844 491 863 509 ι.
917 482 1009 508 Contra
1026 481 1108 508 Flaui.

76 527 143 552 Αίίιι.
159 533 182 559 ς,
196 534 218 557 2,
233 531 260 555 88
287 523 428 552 Dicebam,
444 525 532 555 pater,
553 527 586 545 ne
600 520 679 546 matri
691 519 838 545 consuleres
852 517 927 543 male.
1034 553 1039 554 .

74 562 114 589 dis
134 567 160 588 et
181 560 291 587 vtilitati
309 559 458 593 aliquorum
476 554 627 587 consulere,
647 555 777 589 salutique
791 553 889 580 seruire
904 552 961 579 Cic.
976 553 1015 587 Q
1026 553 1109 591 iratr-

77 606 98 630 ι,
115 606 134 629 ι,
150 605 185 629 ¹9-
242 596 301 622 Liu.
314 603 355 629 34,
369 601 403 626 49
426 591 591 617 Concordiae
606 591 633 616 in
651 589 805 616 ciuitatibus
818 589 947 624 principes
965 594 989 614 ct
1002 587 1108 627 ordines

74 633 144 659 inter
163 633 206 664 se,
231 639 255 657 et
274 631 302 657 iu
321 636 457 656 commune
476 635 566 653 omnes
591 626 711 653 ciuitates
731 625 905 652 consulerent.
977 624 1108 658 Dignitati

74 668 184 694 alicuius
199 667 255 693 Cic:
270 667 338 692 Fam.
352 671 384 695 ιι,
399 671 438 695 29.
494 661 591 689 Sallust.
607 661 726 701 iugurth.
747 671 769 688 c.
783 669 819 693 33.
878 660 934 686 Cic.
949 661 1026 686 Verr.
1040 667 1063 691 3,
1077 667 1110 685 22.

74 703 132 730 Hoc
158 711 240 737 quum
261 701 342 736 palam
362 699 506 724 Decuniani
530 704 584 724 tota
605 698 742 732 prouincia
766 696 955 731 loquerentur,
981 702 1110 734 tuumque
1127 711 1153 738 ,ς

73 747 171 765 nomen
184 738 213 764 in
224 746 252 764 re
264 743 315 763 tani
328 734 400 769 turpi
414 735 566 769 nefariaque
579 734 792 768 interponerent,
810 731 913 757 nihilne
927 731 978 756 tibi
993 731 1066 770 venit
1080 739 1109 756 iu

73 780 188 800 mentem
202 770 395 799 Existimationi
413 776 472 796 tuae
492 769 627 796 consulere
641 770 649 795 3
720 768 776 794 Cic.
797 767 828 793 de
843 767 900 806 Fin.
915 775 937 797 3,
954 774 984 800 37
1009 767 1049 792 Sic
1068 766 1109 792 fu—

72 815 147 836 turae
160 808 216 844 post
227 813 340 834 mortem
354 806 454 838 faniae,
474 811 560 832 tamen
578 805 624 831 esse
639 809 746 839 propter
758 811 815 829 reni
834 807 913 828 enain
929 801 1046 841 deti-acilo
1061 802 1109 828 vsu

73 842 266 871 consulendum.
338 842 432 868 Famae
450 841 561 868 alicuius
581 841 645 872 late,
670 839 778 874 vid.fi1b
800 845 875 864 LAT
887 844 904 862 v
915 845 936 864 s.
991 839 1046 863 Cic.
1059 845 1108 872 pro

72 881 143 908 Cael.
157 888 184 907 21
203 877 249 905 Sed
264 877 362 904 vestrae
375 877 515 912 sapientiae
530 883 616 904 tamen
630 875 665 902 est
678 874 791 906 iudices,
805 880 851 899 etc.
878 873 939 899 idco
953 872 1030 898 vobis
1044 881 1108 907 quo·
1120 890 1155 908 ,Ο

71 925 124 951 que
136 923 181 942 vos
194 914 295 941 causam
310 919 400 948 putare
413 914 460 939 esse
474 913 567 939 iustam
582 912 669 938 alicuo
683 910 780 936 Dolori
797 914 900 942 potius,
917 917 995 942 quam
1009 910 1109 948 vestrae

72 951 147 980 Fidei
161 949 324 976 consulendi.
387 950 441 975 Cic.
455 950 526 975 Fam.
538 957 566 981 4,
578 956 594 981 9
614 948 707 973 'l‘uiun
720 945 756 972 est
770 944 1110 984 consulere'sempor-ibus,

71 993 98 1014 ct
111 985 290 1013 Incolumitati
300 1005 307 1017 ‚
326 990 351 1010 et
364 985 460 1016 Vitae,
480 990 505 1010 ct
518 983 640 1010 Fortuuis
656 982 718 1008 tuis.
789 979 940 1006 Infirniitati
956 979 1108 1013 l’lurEprst.

223 1022 280 1047 Irae
300 1020 400 1047 Sallust.
415 1019 535 1055 Iugurth.
556 1028 576 1045 c.
591 1027 626 1050 33.
698 1016 798 1043 Labori
813 1015 925 1041 alicuius
940 1014 1070 1048 Qiinciil.
1085 1023 1108 1047 3,

70 1094 125 1120 lere
139 1093 216 1119 Natis
230 1091 306 1119 malle
322 1100 399 1126 quam
413 1090 533 1118 thalamis
547 1099 616 1117 reor.
686 1088 751 1115 Otio
765 1087 923 1122 posteritatis
936 1086 1070 1112 consulere
1083 1091 1109 1111 et

71 1128 224 1156 inimicitias
238 1129 323 1154 vitare
336 1128 390 1154 Cic.
406 1128 476 1154 Fam.
490 1135 515 1159 2,
532 1134 568 1160 17.
637 1125 694 1151 Paci
707 1125 807 1158 semper
821 1122 857 1149 est
868 1121 1055 1161 consulendum
1068 1121 1107 1147 Id.

70 1164 123 1192 Off.
137 1173 157 1196 ι,
172 1169 209 1196 8,·-
281 1163 377 1190 Pudori
396 1163 451 1188 Cic.
465 1162 496 1188 de
511 1162 568 1188 Fin.
587 1169 609 1193 2,
628 1163 671 1186 60.
743 1158 901 1186 Rationibus
920 1158 1030 1183 alicuius
1049 1165 1110 1191 pro-

71 1201 169 1235 spicere
184 1205 209 1225 et
224 1199 357 1226 consulere
370 1198 443 1225 Idem
456 1199 527 1225 Fam.
542 1205 568 1232 7,
582 1205 606 1223 2.
677 1195 765 1229 Regna
785 1193 884 1221 Sallust.
900 1192 1019 1227 Iugurth.
1036 1202 1057 1218 c.
1072 1199 1108 1225 35.

72 1236 155 1263 Saluti
169 1236 228 1261 suae
242 1235 313 1261 Caes.
326 1234 389 1261 Bell.
404 1233 472 1260 Gall.
487 1241 515 1266 ς,
530 1240 571 1268 27.

73 1280 113 1305 14,
127 1276 164 1303 38,
177 1280 204 1304 4.
273 1270 403 1304 Supreiuis
418 1270 485 1302 suis,
500 1270 525 1297 h.
535 1278 554 1295 e.
568 1266 685 1303 adfinem
699 1270 766 1293 vitoe
778 1266 897 1302 respicere
904 1264 982 1305 ¹Idem
997 1265 1108 1297 Ann.1‚¹,

71 1310 117 1340 64.
172 1307 305 1340 Temperi
319 1306 470 1337 consulere,
489 1307 507 1330 i.
520 1304 604 1331 habere
615 1306 735 1330 rationem
748 1303 864 1340 temporis
878 1301 934 1327 Cic.
952 1301 1022 1327 Fam.
1036 1309 1065 1333 4,
1081 1308 1107 1339 o.

73 1341 94 1380 fl
118 1351 135 1369 2
171 1341 327 1374 Consulere,
353 1341 502 1376 Accusatiuo
517 1340 636 1376 personae
653 1337 776 1368 iunctum,
792 1335 918 1372 significat
932 1337 1015 1362 Petere
1034 1338 1109 1369 conji-

71 1376 147 1410 li'um,
166 1381 327 1414 interrogare.
363 1377 432 1403 Festi
445 1376 520 1402 verba
537 1376 584 1402 huc
597 1377 669 1400 etiam
687 1372 816 1407 repetenda
831 1382 838 1396 .·
860 1371 985 1397 Consulas
1005 1371 1110 1406 antiqui

71 1413 204 1448 ponebant
220 1422 274 1439 non
293 1418 392 1439 tantum
411 1421 460 1447 pro
479 1411 614 1441 consilium
633 1415 700 1443 petas
719 1413 745 1433 et
762 1407 924 1441 perconteris
941 1418 945 1432 :
971 1407 1013 1433 sed
1027 1407 1107 1434 etiam
1122 1417 1151 1443 35
1169 1411 1253 1437 sultor
1266 1411 1313 1437 vbi
1326 1411 1393 1437 ostia
1406 1412 1488 1446 pulsat
1503 1413 1596 1438 Horat.
1611 1413 1661 1439 Sat.
1672 1422 1690 1445 ι,
1700 1421 1719 1445 ι,
1730 1423 1767 1440 ιο.

71 1458 120 1484 pro
135 1449 232 1475 iudices
252 1455 277 1475 et
290 1448 391 1474 statuas.
447 1449 580 1482 Inprimis
597 1445 630 1470 ad
650 1445 718 1470 Iuris
736 1445 835 1477 peritos
858 1442 986 1478 refertur,
1005 1446 1050 1478 qui
1068 1442 1108 1469 ab.

64 1486 145 1521 solim
159 1484 278 1511 Consulti
297 1484 353 1510 inde
373 1489 501 1510 vocantur.
536 1481 590 1507 Cic.
606 1488 654 1514 pro
667 1480 788 1505 Muraen.
803 1483 831 1508 28
850 1487 872 1504 c.
888 1485 911 1510 13
938 1478 966 1504 de
981 1480 1107 1505 Iuriscon-

63 1520 156 1556 fitltis,
175 1521 265 1554 Itaque
284 1528 337 1546 non
357 1519 437 1545 modo
456 1516 576 1543 beneficii
597 1514 743 1541 collocandi
764 1515 852 1548 spem,
870 1514 912 1540 sed
927 1514 1007 1540 etiam
1022 1513 1107 1547 illud,

69 1554 141 1589 quod
155 1555 297 1589 aliquando
311 1554 378 1586 fuit,
404 1552 536 1579 LICET
562 1551 703 1578 CONSV
713 1551 734 1576 L
745 1550 763 1576 F.
773 1550 821 1576 RE
836 1550 844 1576 Ξ
872 1558 931 1575 cum
945 1549 1107 1584 perdidistis.

68 1592 138 1617 Haec
151 1597 231 1626 nempe
238 1590 298 1625 fuit
310 1589 440 1625 formula,
459 1597 505 1627 qua
521 1586 649 1621 Consilium
663 1586 719 1612 ICti
733 1586 858 1620 petebant.
896 1586 942 1612 Sed
953 1590 1003 1612 iam
1019 1595 1047 1612 ea
1058 1595 1107 1611 non
1112 1597 1150 1623 40
1169 1589 1355 1624 consultorque
1369 1589 1418 1616 fibi
1428 1588 1502 1616 adsit,

67 1626 171 1660 amplius
188 1632 247 1660 opus
260 1623 309 1657 tsi,
327 1624 465 1660 publicatis
478 1625 617 1658 jor-mulis,
645 1628 668 1648 tt
687 1620 831 1647 introdusta
850 1621 1037 1657 confitetudine,
1060 1630 1107 1657 qua

65 1660 168 1694 diuersis
186 1669 278 1695 quoque
293 1660 411 1695 partibus
430 1658 592 1694 respondetis.
647 1658 740 1684 Horat.
755 1657 835 1683 Serm.
850 1665 874 1688 2,
892 1665 937 1689 192
958 1658 1027 1691 Ergo
1044 1665 1105 1682 con-

65 1695 149 1722 sulere
162 1701 188 1722 et
201 1704 263 1722 mox
277 1695 436 1729 respondere
450 1693 542 1721 licebit
557 1695 565 1720 3

64 1730 213 1758 consuleres
225 1731 390 1766 peritissimus
402 1741 409 1761 ;
434 1730 452 1756 fi
465 1730 538 1756 causa
552 1729 649 1755 oranda
658 1749 666 1760 ,
680 1727 908 1763 eloquentissimus.
963 1728 1019 1755 Cic.
1033 1729 1105 1754 Fam.

983 518 1110 542 Commo·
1128 533 1156 551 10

739 1053 826 1078 Senec.
842 1051 912 1079 Med.
928 1060 978 1085 443
1010 1051 1109 1076 Consu-
1120 1057 1151 1083 25

639 1230 756 1257 Subditis
773 1230 913 1257 clementer
932 1229 1023 1255 Tacit.
1039 1229 1107 1254 Ann.
1121 1237 1153 1262 3ο

620 1693 678 1719 Liu.
691 1701 733 1725 39,
747 1701 783 1726 40
807 1693 879 1718 Idem
893 1693 921 1717 in
933 1701 1011 1726 pace,
1031 1692 1049 1718 fi
1063 1692 1104 1718 ius
1137 1726 1145 1732 .

1545 117 1580 158 c
1654 119 1689 161 o
1771 122 1855 162 N·
2122 142 2221 184 ΗΒ,

1173 201 1244 241 &um
1258 201 1388 241 yillicum.
1407 238 1412 244 .
1461 204 1533 232 Via.
1545 207 1580 246 de
1593 208 1668 235 Viris
1680 209 1778 238 Illustr.
1795 220 1834 246 44
1854 213 2011 249 Eloquentia
2024 221 2125 253 primus
2153 223 2220 251 iuris

1173 238 1281 263 scientia
1304 238 1516 271 consultissimus,
1543 245 1652 276 ingenio
1669 246 1866 280 sapientissimus
1887 250 1948 276 fuit.
2020 256 2075 282 Cic.
2097 243 2135 283 de,
2151 260 2213 286 Clar-

1174 274 1247 312 Orat.
1262 278 1305 306 ¹48
1331 284 1357 314 c..
1366 284 1402 308 40
1424 275 1494 301 Nam
1507 282 1535 302 vt
1548 279 1638 310 paullo
1652 287 1710 306 ante
1725 281 1798 315 dixi,
1815 284 1995 312 consultorum
2013 289 2122 317 alterum
2139 279 2221 321 diser:

1173 306 1313 348 tissimum,
1332 310 1491 350 disertorum
1507 312 1618 339 alterum
1633 316 1847 346 consustiffimun
1861 320 1945 347 fuisse.
1983 323 2056 359 Conf.
2071 326 2128 352 Gell
2157 338 2165 354 ι
2187 338 2209 355 ιη

1173 343 1354 370 Consultiores
1377 345 1480 372 tibimet
1498 346 1622 375 videntur
1640 351 1696 378 Deo
1716 353 1835 381 Tertull.
1857 356 1917 382 adu.
1931 357 2006 384 Marc
2028 367 2041 384 2
2077 368 2090 385 2
2134 347 2140 353 ¹
2169 349 2177 361 ²
2199 347 2219 361 ³*

1172 379 1370 406 consultiffimus
1383 381 1473 414 Luci,
1489 387 1514 412 18
1533 389 1575 417 pr.
2009 378 2015 384 ι
2048 378 2056 389 '
2093 380 2098 386 ·

1209 421 1257 455 (3Ὶο
1272 422 1291 441 Ν
1304 422 1316 441 S
1330 422 1350 440 V
1361 422 1376 441 L
1390 422 1412 442 T
1425 423 1444 441 V
1457 423 1482 443 Μ
1496 436 1505 449 2
1538 417 1557 444 i·
1594 427 1620 444 ¹¹·
1656 420 1804 458 [βέλημοι]
1846 427 1977 453 Decretum
1986 448 1995 460 ,
2005 425 2138 461 statutum.

1173 449 1292 476 consulto
1305 450 1405 477 fa6hnn
1418 451 1494 478 Αιιξὶ.
1508 453 1541 478 ad
1555 453 1619 480 Her.
1634 462 1650 480 2
1668 464 1690 481 c.
1705 465 1743 488 30.

1172 485 1291 510 consulta
1303 492 1406 519 patrum
1415 506 1422 518 ,
1442 487 1490 522 qui
1505 488 1588 522 leges,

2170 365 2222 392 Vir

1816 460 1909 488 Horat.
1926 463 2003 497 Epist.
2018 473 2039 496 ι,
2058 467 2095 497 ι6,
2108 475 2136 500 4¹
2162 433 2219 500 (ξιξ

1558 524 1562 528 .
1607 489 1726 531 iuraque¹
1738 493 1831 532 seruat.
1903 498 1958 524 Cic.
1982 498 2013 525 de
2033 501 2125 534 Legib.
2142 509 2171 534 2,
2188 505 2219 529 62

1173 520 1304 554 Factaque
1324 527 1350 547 et
1367 524 1484 549 consulta
1498 523 1611 550 fortium
1632 533 1660 550 ac
1675 526 1831 560 sapientium
1854 531 2018 567 sempiternis
2038 539 2218 564 monumentis

1171 555 1293 595 prodere.
1353 557 1416 596 vsu,
1424 567 1451 592 7,
1465 566 1492 591 35
1515 559 1579 586 Non
1595 569 1655 586 cum
1670 561 1802 590 Flaminio
1819 565 1870 591 tibi
1885 576 1940 600 res,
1958 578 2005 595 nec
2020 571 2125 598 feruida
2138 573 2218 600 Grac-

1171 591 1215 633 chi
1239 591 1410 618 inmanibus
1433 594 1557 621 consulta.
1628 596 1718 623 Petere
1739 599 1811 632 Virg.
1826 601 1890 628 Aen.
1911 605 1937 635 6,
1961 613 2008 637 ¹51-
2043 609 2061 632 i.
2084 610 2208 634 oraculum

1171 626 1217 652 bil.
1236 635 1265 659 4,
1283 634 1315 660 43
1342 627 1376 652 At
1396 636 1450 654 non
1468 634 1494 655 et
1512 639 1602 657 rerum
1622 639 1711 664 curas,
1731 635 1898 670 consultaque
1920 639 1985 666 Belli
2022 641 2094 669 Stare
2112 628 2218 677 probat·

1172 662 1313 702 Consulta,
1330 671 1397 697 quae
1411 663 1532 697 dogmata
1546 667 1645 693 Graece
1657 666 1719 693 licet
1733 668 1786 695 dici
1801 671 1877 704 Apul.
1892 672 1923 699 de
1939 674 2026 709 dogm.
2040 678 2103 704 Plat.
2119 687 2126 705 ι
2154 688 2170 713 p
2194 664 2218 712 3·

1173 698 1286 738 Cui-sum
1300 697 1376 724 illum
1395 700 1522 733 temporis
1536 703 1723 729 transuolantis
1742 713 1857 738 quonam
1871 709 1948 741 paeto
1967 716 2012 737 aut
2024 714 2143 740 consulto
2157 699 2219 741 asse:

1174 742 1221 769 qui
1236 739 1332 768 queant
1346 733 1413 761 Gell.
1427 743 1467 768 14,
1482 743 1505 775 ιζ
1573 737 1678 765 Senatus
1693 740 1865 774 Consultum,
1885 744 1938 770 vid.
1953 746 2000 781 sub
2019 754 2182 776 SENATV&

1214 776 1231 796 c
1244 776 1264 796 o
1273 776 1294 794 Ν
1304 777 1316 796 s
1325 776 1346 795 v
1356 776 1371 795 L
1380 777 1401 796 Τ
1412 775 1431 795 ν
1441 778 1453 797 s
1462 789 1471 802 ,
1492 779 1531 796 υς.
1566 781 1602 797 m.
1638 773 1775 807 Covfilium.
1812 777 1872 803 Liu.
1886 786 1910 810 3,
1930 782 1962 806 62
1988 783 2115 810 Consulti·
2130 785 2218 812 Colle-

1173 814 1228 840 gae.
1271 805 1319 831 Vbi
1332 805 1500 832 vidGronou.
1521 808 1552 832 it.
1567 807 1600 832 ad
1613 815 1654 840 ις,
1671 812 1699 835 ι6
1715 817 1759 845 pr.
1796 812 1865 838 Idem
1878 814 1940 850 legit
1953 816 2039 850 Plin.3
2066 828 2100 845 20
2122 821 2218 848 Vetere

1172 840 1291 867 consultu
1304 847 1416 875 patrum.
1452 842 1496 868 AI.
1509 842 1639 868 consulto.
2042 838 2050 850 '

1209 883 1225 903 c
1237 882 1255 902 o
1267 884 1288 902 N
1299 884 1311 903 s
1321 883 1340 917 y
1353 884 1369 917 ,¹-
1379 884 1401 903 T
1412 883 1438 904 E.
1474 876 1542 917 Adii.
1578 876 1800 913 [βεὲἰκλευμένως]
1836 883 1981 913 Prudenter.
2017 887 2099 915 Plaut.
2111 890 2205 925 Rud.4

1172 919 1198 946 7,
1213 920 1241 944 14
1267 912 1405 946 Decipitur
1425 918 1538 939 auaritia
1560 913 1605 939 sua
1624 912 1687 946 ille,
1707 914 1754 948 qui
1776 918 1906 950 consulte,
1927 921 2004 948 doffte
2041 930 2120 959 atque
2135 911 2218 953 astute

1171 953 1254 973 cauet-
1326 948 1449 974 Ferocius
1464 957 1543 983 quam
1558 948 1702 975 consultius
1710 958 1766 976 rem
1775 958 1865 984 gerere
1879 955 1937 981 Liu.
1950 965 1990 989 22,
2003 943 2047 992 2⁹4.
2104 961 2218 988 Auidiufl

1171 992 1250 1022 quain
1265 984 1409 1009 consultius
1421 984 1491 1010 Tac.
1506 984 1574 1010 Hist.
1589 993 1618 1017 2,
1633 993 1674 1018 24.
1744 986 1872 1014 Annonae
1893 992 2074 1020 consultissime
2095 997 2218 1030 prouidit

1170 1018 1284 1052 Capitol.
1298 1019 1394 1045 Pertin.
1414 1028 1436 1045 c.
1451 1027 1477 1054 7.

1207 1061 1223 1080 c
1233 1060 1252 1080 Ο
1261 1061 1304 1081 NS
1314 1061 1359 1080 VL
1368 1060 1389 1080 T
1399 1061 1418 1081 O
1427 1074 1433 1081 .
1470 1053 1586 1081 Aducrb.
1601 1055 1678 1082 aliud.
1716 1055 1886 1092 [ἐξεπίτηδες]
1922 1058 1947 1086 h.
1961 1068 1981 1086 e.
1997 1070 2049 1088 cum
2064 1065 2175 1098 confilio,
2193 1073 2217 1094 et

1170 1098 1218 1115 non
1238 1096 1333 1116 temere.
1375 1090 1457 1116 Plaut.
1473 1091 1549 1116 Poen.
1563 1100 1583 1122 3,
1597 1098 1620 1123 ς,
1634 1099 1666 1123 43
1693 1092 1822 1119 Consulto
1843 1093 1894 1120 hoc
1915 1094 2015 1122 faoium
2028 1098 2080 1130 est,
2101 1101 2169 1127 inihi
2188 1108 2218 1128 vt

1171 1125 1279 1152 infidiae
1291 1125 1393 1151 fierent.
1430 1128 1479 1152 Pro
1492 1125 1571 1152 eodem
1587 1126 1687 1153 Gellius
1702 1128 1784 1160 dixit,
1805 1130 1931 1156 Consulta
1948 1139 2045 1165 opera,
2065 1136 2091 1165 6,
2105 1143 2132 1169 ¹7
2154 1137 2218 1163 Non

1172 1162 1278 1195 sponte,
1307 1169 1393 1195 neque
1416 1161 1533 1188 consulta
1560 1170 1649 1196 opera.
1722 1164 1851 1191 Consulto
1873 1172 1897 1191 et
1910 1167 2050 1201 Fortuito,
2076 1171 2219 1203 Contraria,

1172 1197 1227 1223 Cic.
1240 1196 1272 1223 de
1284 1197 1377 1237 Legib.
1392 1206 1419 1229 ι,
1435 1205 1462 1231 ²5
1488 1199 1522 1224 Vt
1542 1205 1589 1230 ea,
1608 1206 1675 1232 quae
1694 1199 1855 1233 gignuntur,
1874 1201 1971 1229 donata
1991 1205 2111 1232 consulto
2129 1206 2219 1238 nobis,

1171 1241 1226 1259 nou
1243 1233 1359 1259 fortuito
1380 1239 1440 1259 nata
1456 1233 1605 1260 videantur.
1662 1235 1736 1270 Conf.
1751 1237 1823 1263 Caes.
1831 1237 1895 1263 Bell.
1909 1239 1940 1264 G.
1955 1246 1978 1271 5,
1990 1241 2030 1271 36.
2052 1247 2076 1266 et
2090 1250 2121 1274 50
2143 1249 2166 1268 ct
2180 1245 2218 1268 16.

1171 1269 1266 1295 Horat.
1280 1268 1330 1295 Sat.
1344 1277 1365 1301 ι,
1380 1277 1418 1301 ιο,
1433 1277 1471 1302 ι4.
1521 1269 1618 1295 lustin.
1634 1278 1654 1301 ι,
1672 1278 1710 1304 ιο,
1726 1279 1758 1297 21.
1821 1271 1862 1305 Est
1874 1280 1955 1300 autem
1975 1284 2002 1301 re
2016 1285 2075 1302 vera
2090 1278 2218 1304 Consulto

1170 1304 1320 1337 Ablatiuus‚
1341 1311 1370 1331 vt
1385 1305 1511 1331 Consilio.
1548 1305 1648 1332 Sallust.
1665 1306 1744 1332 Catil.
1759 1309 1776 1334 6
1796 1309 1867 1335 Nani
1881 1315 1906 1335 et
1916 1310 2071 1345 priusquam
2090 1313 2201 1348 incipias

1172 1339 1292 1366 consulto
1305 1351 1311 1366 ε
1335 1346 1361 1367 et
1374 1340 1512 1376 postquam
1528 1341 1705 1374 consulueris,
1726 1350 1829 1370 mature
1841 1344 1913 1371 facio
1928 1355 1993 1380 opus
2005 1347 2049 1373 est.
2208 1334 2219 1346 ⁵

1207 1381 1223 1401 c
1234 1381 1254 1401 o
1266 1383 1287 1401 N
1297 1382 1309 1401 s
1319 1383 1339 1402 v
1349 1382 1366 1401 i.
1376 1383 1398 1402 ‘r
1407 1383 1426 1402 o
1435 1384 1453 1403 R
1462 1395 1470 1408 ,
1489 1377 1552 1403 aris.
1589 1386 1624 1403 m.
1660 1378 1799 1414 [μητιςῂς]
1836 1381 1888 1415 Qui
1902 1381 2025 1415 consilium
2035 1386 2111 1417 petit.
2147 1384 2219 1410 Con-

1598 1448 1602 1452 .
1709 1450 1714 1453 ῃ
1838 1416 1895 1442 Cic.
1904 1426 1953 1451 pro
1964 1418 2084 1445 Muraen.
2092 1427 2125 1445 22
2143 1421 2218 1454 Vigi-

1169 1446 1205 1472 las
1218 1451 1247 1472 tu
1260 1445 1292 1472 de
1306 1446 1400 1478 nodie,
1416 1453 1445 1474 vt
1460 1447 1655 1475 consultoribus
1675 1454 1728 1475 tuis
1741 1450 1906 1484 respondeas.
1976 1454 2034 1480 ICti
2054 1454 2089 1480 est
2109 1464 2216 1488 cauere,

1169 1491 1202 1508 ne
1215 1482 1254 1508 sui
1275 1482 1436 1509 consultores
1455 1483 1592 1517 capiantur
1613 1483 1682 1510 Ibid.
1700 1494 1722 1510 c.
1739 1494 1767 1511 ιο
1787 1493 1851 1512 extr.
1924 1488 2067 1515 Consultor
2085 1493 2158 1516 etiam
2177 1491 2217 1518 ille

1168 1517 1278 1549 dicitur,
1297 1520 1340 1554 qui
1354 1517 1399 1545 dat
1412 1517 1546 1552 confilium.
1598 1519 1704 1553 Cupido
1717 1526 1796 1554 atque
1813 1521 1853 1548 ira
1865 1523 2026 1550 consultores
2039 1525 2136 1559 pellimi
2156 1526 2215 1552 Sall.

1169 1553 1289 1588 Iugurth.
1310 1562 1332 1580 c.
1346 1555 1391 1587 64.
1461 1554 1536 1581 Idem
1554 1554 1583 1580 in
1599 1554 1718 1588 Iugurth.
1746 1555 1829 1582 Simul
1848 1557 1881 1584 ab
1901 1567 1933 1584 eo
1951 1560 2046 1593 petiit,
2070 1567 2098 1587 vt
2117 1561 2218 1594 fautor,

1373 1625 1378 1630 ι
1400 1626 1405 1630 ¹
1574 1590 1662 1617 Varro
1676 1590 1708 1630 de
1723 1591 1754 1617 R.
1769 1592 1800 1618 R.
1813 1601 1836 1625 3,
1851 1602 1863 1618 2
1890 1594 2011 1628 Opinor,
2029 1599 2142 1632 inquam,
2161 1606 2217 1623 non

1167 1626 1253 1652 solum
1266 1625 1338 1660 quod
1353 1625 1469 1657 dicitur,
1487 1625 1589 1652 Malum
1608 1625 1746 1653 confilium
1764 1629 1908 1656 consultori
1928 1631 1976 1657 esse
1989 1631 2122 1665 peffimum
2138 1643 2143 1659 :
2172 1633 2216 1659 sed

1167 1662 1248 1723 {tilam
1256 1661 1376 1723 dbonum
1401 1661 1540 1688 confilium
1553 1681 1562 1695 ,
1588 1662 1635 1696 qui
1658 1662 1786 1696 consulit,
1814 1670 1840 1691 et
1860 1666 1908 1700 qui
1929 1667 2091 1701 consulitur,
2113 1668 2216 1695 bonum

1188 1706 1201 1724 a
1222 1706 1254 1723 en
1274 1706 1327 1723 um.

1203 1739 1221 1759 c
1229 1739 1248 1760 0
1258 1740 1279 1759 N
1289 1741 1302 1760 s
1313 1741 1333 1760 v
1343 1739 1388 1759 ιτ
1396 1740 1415 1759 R
1425 1741 1435 1759 1
1444 1740 1462 1759 x
1473 1752 1482 1765 ,
1513 1732 1571 1759 icis.
1608 1732 1628 1759 f.
1666 1732 1830 1770 [σρσμηθὴς]
1879 1737 2034 1764 Consultrix
2054 1744 2082 1765 et
2100 1739 2215 1773 prouida

66 1775 94 1802 7,
107 1775 128 1793 ιι
149 1766 183 1793 ad
199 1767 344 1793 Trebacium
359 1767 458 1798 lCrum,
476 1765 586 1792 Consuli
605 1765 710 1799 quidem
733 1771 758 1789 te
777 1772 792 1790 a
804 1764 912 1789 Caesare
933 1763 1041 1796 scribis,
1063 1763 1106 1789 sed
1114 1771 1147 1797 45
1166 1769 1313 1795 vtilitatum
1329 1769 1612 1804 opportunitatumque
1627 1770 1749 1797 omnium
1767 1778 1862 1799 natura
1882 1773 1939 1800 Cic.
1953 1773 1986 1800 de
1996 1774 2091 1801 Natur.
2100 1775 2179 1802 Deor.
2187 1785 2215 1809 2,

66 1802 310 1864 ⁰5‡·tifl³i·³bdffl⁰
328 1802 428 1842 consuli
439 1801 564 1863 &nallqui
622 1801 687 1862 Ἰᾶιῦι
704 1808 752 1826 vos
771 1799 1017 1861 cousuloEludicest,
1039 1799 1104 1861 qlqid

64 1847 104 1865 ini
126 1846 135 1864 i
165 1847 238 1864 acicn
259 1847 303 1864 uui
341 1844 418 1864 utetis
463 1845 495 1864 ic.
567 1856 572 1862 .
588 1844 598 1862 ι
620 1844 647 1862 in
688 1844 738 1862 err.
768 1843 807 1866 32.
898 1843 931 1869 go
944 1844 992 1870 pro
1017 1844 1031 1861 e
1074 1844 1106 1861 oc

65 1874 191 1906 consulo,
212 1874 282 1908 quod
297 1847 472 1900 tupconsulere
484 1872 584 1900 oblitus
598 1880 622 1898 es
644 1871 715 1898 Idem
729 1879 778 1905 pro
792 1871 886 1904 Qiint.
901 1880 940 1905 54.
994 1871 1104 1897 Mittere

65 1909 214 1936 consultum
228 1910 318 1944 Nepos
332 1918 358 1942 2,
373 1918 395 1941 2,
409 1911 434 1936 6.
504 1907 693 1935 Conieetorem
706 1907 789 1946 Plaut3
802 1905 897 1941 Amph.
913 1915 935 1939 ς,
950 1916 971 1939 ι,
985 1915 1024 1941 75.
1063 1907 1105 1934 Sic

65 1944 94 1971 de
107 1946 287 1972 mathematicis
301 1944 523 1979 Sueton.August.
531 1953 550 1970 c.
558 1952 594 1977 94
612 1949 676 1969 extr.
701 1949 724 1968 et
731 1942 816 1976 Calig.
824 1951 846 1968 c.
854 1949 892 1977 57.

65 1981 174 2007 consulo
187 1981 243 2007 Cic.
257 1982 310 2007 Att.
323 1989 348 2016 7,
364 1989 406 2007 κο.
459 1979 541 2006 Plaut.
554 1980 625 2006 Men.
639 1987 665 2011 4,
680 1987 700 2010 3,
714 1980 748 2004 26
767 1977 832 2010 ibo,
848 1984 874 2004 et
893 1979 1025 2005 consulam
1038 1978 1104 2005 hanc

65 2025 124 2042 rem
140 2016 254 2049 amicos,
271 2016 337 2051 quid
354 2015 504 2042 faciendum
523 2016 650 2041 censeant.
722 2013 846 2049 Aliquem
864 2023 910 2048 per
934 2014 1023 2041 literas
1048 2015 1104 2040 Cic.

66 2052 138 2078 Fam.
153 2059 188 2084 ιι,
200 2060 242 2084 29.
312 2051 462 2086 Apollinem
477 2051 608 2077 consuluit
626 2050 658 2076 de
671 2048 759 2082 bello,
781 2051 800 2075 i.
815 2053 998 2085 interrogauit,
1018 2059 1050 2076 an
1064 2050 1105 2075 de-

66 2087 132 2113 beret
151 2086 238 2113 bellare
258 2086 330 2113 Vici.
350 2087 382 2113 de
401 2087 472 2113 Viris
493 2086 588 2113 illustr.
607 2094 643 2119 35.
699 2084 774 2120 Conf.
787 2085 843 2111 Cic.
860 2084 891 2111 de
904 2086 983 2120 Legg.
997 2094 1012 2112 2
1031 2094 1052 2111 c.
1067 2087 1105 2112 16.

67 2122 159 2156 Nepos
180 2131 201 2155 ι,
213 2130 233 2155 ι,
245 2130 270 2149 2.
338 2123 407 2149 Deos
422 2121 502 2149 Ouid.
515 2122 580 2149 Fast.
593 2130 619 2154 2,
631 2125 684 2152 238.

66 2157 128 2184 Liu.
146 2166 170 2189 1,
188 2166 231 2184 20.
301 2158 365 2185 Exta
382 2158 520 2192 spirantia,
543 2157 641 2189 videre,
658 2155 719 2191 quid
734 2164 762 2181 ea
773 2155 934 2190 portendant.
985 2158 1052 2181 Nam
1074 2164 1103 2181 ex

65 2192 226 2220 viHimarum
243 2202 333 2228 quoque
352 2196 416 2219 extis
434 2201 540 2228 augures
552 2193 646 2227 satura
664 2190 812 2216 diuinabant
826 2190 920 2224 Virgil.
937 2190 1001 2215 Aen.
1016 2199 1044 2223 4,
1058 2192 1103 2224 64.

67 2228 152 2254 Lucos
170 2228 242 2254 Idem
255 2229 318 2254 Aen.
331 2236 356 2262 7,
371 2233 407 2259 83.
429 2230 448 2253 ι’.
455 2229 565 2264 faunum
580 2229 607 2253 in
621 2228 682 2252 lucis
698 2225 827 2261 consulere.
898 2225 1014 2252 Martial.
1028 2234 1055 2259 9,
1068 2228 1103 2252 60

64 2262 205 2324 fficnsuluit
218 2263 318 2295 Nares,
335 2271 367 2289 an
379 2263 483 2290 olerent
496 2271 556 2289 aera
568 2261 727 2291 Corinthon.
780 2261 893 2287 Oracula
904 2261 1007 2287 Phoebi
1019 2261 1102 2288 Ouid.

95 2303 128 2324 et.
194 2318 201 2324 .

64 2338 125 2368 gat,
140 2307 315 2368 3e’tsi‘peculum
326 2334 443 2360 consulat
454 2339 514 2367 ante
527 2334 611 2360 suum.
682 2333 800 2366 Propert.
816 2342 844 2366 4,
862 2340 885 2365 ς,
899 2340 927 2367 17
950 2332 1101 2359 Consuluit-

64 2377 116 2403 que
130 2368 219 2403 striges
225 2369 314 2395 nostro
325 2369 356 2396 de
362 2370 493 2404 sanguine.
551 2370 619 2396 Suet.
627 2368 733 2402 August.
742 2377 763 2394 c.
770 2373 802 2401 98
821 2369 999 2403 interrogauit
1011 2369 1101 2394 Thra-

64 2404 174 2437 syllum,
198 2405 333 2431 cuiusnam
351 2406 445 2431 PoEtae
464 2410 567 2440 putaret
584 2406 627 2441 effe
646 2404 757 2439 versum,
776 2413 844 2439 quem
858 2406 1000 2438 protulerat
1016 2412 1023 2427 .·
1048 2410 1102 2437 quo

62 2438 221 2473 haesitante,
240 2441 350 2467 subiecit
368 2441 450 2467 alium
484 2455 530 2460 -—
565 2439 596 2466 de
614 2439 666 2466 hoc
677 2447 785 2474 quoque
806 2439 952 2470 consuluit,
977 2440 996 2464 i.
1006 2437 1105 2474 fimpli-

64 2477 128 2502 citer
140 2479 312 2513 interrogauit.
829 2508 833 2512 ·
870 2507 876 2513 ι

100 2518 119 2539 c
127 2518 146 2539 o
154 2518 176 2538 N
183 2518 196 2538 s
206 2509 227 2538 xi
236 2518 253 2538 ι.
261 2519 278 2539 E
286 2519 310 2538 N
317 2517 341 2543 s,
348 2511 423 2538 entis.
430 2511 524 2538 Partic.
538 2508 788 2544 [συμβελευὸμενος]
802 2508 859 2534 Cic.
868 2516 897 2534 in
903 2508 978 2535 Orat.
990 2509 1104 2571 143Ciio-

1052 2552 1104 2571 ice-

59 2591 128 2611 rone
139 2583 289 2610 consulente
303 2582 362 2609 Sall.
377 2583 434 2608 Cat.
447 2586 490 2613 48.
531 2580 605 2616 Cous.
618 2580 687 2614 Nep.
705 2588 725 2612 i,
741 2588 761 2610 1,
773 2587 795 2611 3.

98 2625 117 2646 c
125 2625 144 2646 ο
153 2626 176 2645 Ν
184 2626 197 2645 s
206 2617 227 2645 v‘⁴
236 2625 253 2644 L
261 2625 280 2644 o
288 2625 307 2644 R
316 2637 324 2650 ,
343 2616 452 2644 consuli.
462 2651 467 2656 ⁸
487 2614 713 2650 [σνμβελεύομαι]
750 2616 807 2642 Cic.
821 2615 899 2642 Verr.
913 2624 934 2648 ι,
948 2623 993 2642 120
1013 2616 1101 2649 Quam

63 2653 154 2686 inanes
171 2653 265 2679 domus
282 2660 532 2684 eorumoinnium,
557 2651 604 2686 qui
619 2650 650 2678 de
664 2652 723 2678 iure
743 2651 821 2678 ciuili
841 2651 942 2682 consuli
958 2651 1057 2684 solent,
1082 2654 1101 2678 i.
1110 2664 1146 2693 70
1165 2667 1244 2684 nemo
1270 2657 1487 2685 submonebafflr,

64 2691 235 2725 interrogari,
252 2697 268 2714 a
281 2688 366 2724 quibus
384 2687 509 2721 confilium
522 2686 626 2722 petituri
679 2686 783 2719 Festus,
803 2687 917 2721 Rogatio
936 2687 989 2719 est,
1009 2689 1103 2723 inquit,

65 2732 150 2759 quum
169 2723 280 2759 populus
298 2723 451 2750 consulitur.
505 2722 589 2750 Reae.
624 2722 679 2750 Cic.
694 2722 726 2749 de
739 2722 1101 2786 ιεέἶὶέῇὴιὶῗοὲᾈὶἰόᾱξὲῗὶιά

65 2795 98 2822 de
110 2795 168 2822 eius
180 2800 266 2822 morte
278 2794 388 2830 populus
407 2795 558 2828 consultus,
576 2794 647 2821 nulla
660 2794 778 2830 quaestio
797 2793 900 2821 decreta
918 2803 932 2821 a
944 2795 1039 2821 Senatu
1057 2795 1102 2822 est.

1116 2482 1148 2515 65

1161 2588 1221 2613 lium
1236 2586 1266 2612 ab
1279 2596 1303 2613 to
1312 2581 1417 2622 petere·

1232 1813 1260 1830 ca
1281 1824 1287 1830 .
1351 1823 1357 1830 .

1166 1810 1223 1866 §SC
1235 1813 1529 1867 oiss²v²mon1vs
1545 1859 1554 1872 ,
1580 1848 1611 1873 a,
1643 1849 1709 1873 um;
1745 1843 1787 1869 vel
1815 1849 1916 1871 coNs
1929 1850 2213 1874 vLTATonivs.

1167 1873 1312 1915 Hostiarum
1331 1878 1429 1912 generis
1449 1876 1581 1911 epitheton.
1617 1876 1737 1904 Macrob.
1752 1878 1801 1904 Sat.
1815 1888 1838 1911 3,
1854 1887 1866 1912 ς
1880 1886 1924 1915 pr.
1945 1881 2013 1907 Cum
2026 1881 2098 1908 enim
2107 1882 2214 1910 Treba-

1168 1917 1220 1937 tius
1237 1911 1309 1938 libro
1324 1912 1413 1946 primo
1431 1912 1462 1938 de
1475 1912 1650 1946 religionibus
1667 1912 1774 1947 doceat,
1796 1913 1942 1942 hostiarum
1960 1925 2055 1951 genera
2075 1919 2123 1943 css’e
2142 1917 2214 1951 duo,

964 1942 1022 1968 Nec
1039 1948 1065 1968 te
1078 1941 1107 1968 id
1117 1951 1148 1978 30
1167 1956 1251 1973 vnum
1269 1948 1298 1973 in
1318 1956 1372 1982 quo
1392 1947 1513 1974 voluntas
1532 1946 1611 1974 deum
1630 1957 1677 1983 per
1696 1955 1754 1976 exta
1773 1949 1946 1985 disquiritur,
1966 1952 2095 1984 alterum,
2116 1953 2143 1979 in
2158 1963 2214 1987 quo

1167 1983 1222 2010 sola
1241 1984 1330 2010 anima
1343 1983 1393 2010 deo
1407 1984 1537 2016 sacratur,
1553 1984 1622 2010 vnde
1640 1985 1719 2011 etiam
1738 1985 1889 2020 haruspices
1906 1988 2032 2014 animales
2052 1987 2097 2015 has
2115 1989 2214 2016 hostias

1167 2025 1263 2046 vocant
1298 2034 1343 2039 —-
1376 2020 1408 2045 In
1421 2019 1462 2046 his
1475 2019 1533 2054 ipsis
1549 2019 1641 2046 hostiis
1654 2020 1696 2046 vel
1709 2022 1878 2055 animalibus,
1891 2024 1934 2050 vel
1949 2023 2145 2050 consultatoriis
2153 2043 2162 2056 ,
2178 2026 2214 2051 al.

1169 2055 1337 2081 consultoriis
1344 2074 1353 2087 ‚
1371 2061 1417 2081 etc.
1450 2055 1571 2081 videndus
1582 2058 1645 2081 enim
1656 2062 1724 2082 totus
1735 2058 1802 2083 locus
1815 2056 1858 2090 eli.

1202 2097 1219 2117 e
1228 2097 1247 2117 o
1257 2098 1279 2117 N
1289 2098 1302 2117 s
1312 2097 1332 2116 v
1343 2097 1360 2116 L
1369 2097 1391 2117 T
1402 2096 1422 2117 o
1432 2110 1441 2123 ‚
1467 2095 1520 2117 are.
1556 2093 1567 2122 [
1574 2091 1733 2125 βκλεύομαι]
1768 2093 1912 2126 Frequent.
1953 2101 1983 2119 ex
2009 2093 2110 2129 Confido
2119 2114 2128 2127 ,
2148 2094 2216 2130 quod

739 2121 823 2147 Deum
839 2121 973 2148 consulere
986 2121 1104 2155 auguriis
1119 2131 1148 2157 ςς
1160 2129 1266 2160 proprie
1277 2133 1328 2151 tum
1342 2125 1445 2157 dicitur,
1466 2134 1540 2159 quum
1553 2132 1597 2150 aut
1606 2127 1693 2160 plures
1707 2128 1736 2151 dc
1748 2135 1775 2152 re
1790 2129 1830 2154 vel
1841 2128 1912 2154 rebus
1926 2127 2072 2162 deliberant,
2092 2137 2136 2156 aut
2148 2139 2214 2156 υκαι·

1159 2159 1243 2195 fictam
1262 2160 1290 2185 de
1308 2159 1402 2185 duabus
1421 2166 1467 2186 aut
1479 2159 1596 2195 pluribus
1617 2160 1736 2187 deliberat
1755 2162 1834 2189 rebus.

1892 2164 1965 2190 Caes.
1981 2164 2044 2191 Bell.
2060 2165 2126 2191 Gall.
2142 2173 2164 2198 ς,
2185 2173 2213 2198 ςι

1166 2196 1264 2222 Omnes
1278 2195 1335 2221 fere
1347 2195 1449 2221 Galliae
1463 2196 1584 2222 ciuitates
1598 2195 1630 2222 de
1644 2196 1715 2223 bello
1730 2198 1920 2224 consultabant.
1992 2200 2052 2226 Liu.
2073 2209 2083 2227 1
2092 2220 2100 2233 ‚
2119 2209 2146 2227 zi
2169 2200 2212 2227 Ad

1164 2230 1228 2257 haec
1243 2230 1413 2257 consultanda
1425 2230 1657 2265 procurandaque,
1676 2232 1848 2259 multitudine
1861 2234 1937 2260 omni
1951 2242 1965 2259 a
1978 2235 2007 2261 vi
2018 2241 2045 2261 et
2058 2237 2138 2262 armis
2150 2246 2213 2263 con·
2240 2259 2243 2262 .

1165 2268 1255 2299 versa,
1275 2273 1319 2293 etc.
1391 2266 1547 2292 Deliberare
1560 2272 1585 2291 et
1598 2267 1746 2294 consultare
1759 2268 1791 2294 de
1803 2278 1833 2295 re
1846 2269 1935 2304 aliqua
1947 2270 2002 2296 Cic.
2017 2271 2069 2298 Off.
2080 2280 2103 2304 3,
2118 2279 2135 2306 7
2154 2281 2211 2300 c.2.

271 2297 345 2325 Idem
357 2298 388 2325 de
401 2299 464 2325 Arte
478 2299 537 2325 Am.
550 2307 573 2330 3,
587 2299 629 2330 ι36
653 2296 735 2330 Qiod
750 2305 881 2331 quamque
895 2296 1014 2330 decebit,
1049 2297 1145 2325 Eli-60
1165 2303 1205 2328 De
1228 2308 1348 2335 tempore
1371 2300 1463 2327 futuro
1486 2301 1633 2327 consultans
1654 2311 1712 2336 pars
1736 2303 1924 2337 deliberatiua,
1951 2307 2055 2340 quaerit
2077 2308 2158 2334 etiam
2176 2307 2211 2336 de

1164 2336 1309 2377 praeterito
1328 2336 1437 2376 Qinet.
1454 2345 1483 2369 3,
1505 2341 1534 2369 8,
1554 2345 1575 2370 ς.
1647 2338 1748 2365 Sallust.
1763 2341 1820 2366 Cat.
1834 2343 1851 2366 6
1874 2341 1978 2367 Deiecit
1999 2341 2096 2377 quibus
2116 2352 2211 2378 corpus

1166 2380 1239 2398 annis
1254 2374 1405 2404 infirmum,
1425 2373 1563 2406 ingenium
1577 2373 1705 2408 sapientia
1720 2375 1840 2402 validum
1853 2383 1925 2408 erat,
1946 2378 2069 2412 Reipubl.
2083 2380 2211 2406 consulta-

1164 2407 1245 2440 bant,
1276 2410 1294 2434 i.
1313 2407 1485 2443 consulebant,
1504 2407 1602 2442 cmfilio
1622 2409 1689 2436 illam
1707 2412 1832 2447 regebant.
1902 2412 1983 2440 Plaut.
1998 2413 2067 2440 Asin.
2086 2422 2115 2447 3,
2135 2423 2160 2448 ι,
2182 2422 2212 2448 3ς

1167 2444 1258 2470 Meum
1271 2443 1536 2483 caputtcontemples,
1557 2443 1575 2470 fi
1590 2445 1698 2479 quidem
1711 2455 1742 2473 ex
1758 2456 1787 2473 re
1803 2447 1931 2474 consultas
1943 2454 2002 2481 tua,
2023 2452 2041 2476 ι’.
2047 2449 2073 2484 fi
2084 2449 2152 2477 reHe
2163 2451 2213 2477 tibi

1166 2479 1288 2516 consulis,
1308 2485 1364 2506 tuae
1383 2481 1494 2506 utilitati
1507 2480 1600 2516 seruis.
1680 2483 1837 2510 Consultare
1855 2484 1966 2510 confilio
1983 2485 2067 2512 Plaut.
2082 2486 2167 2513 Truc.
2182 2494 2212 2520 5,

1164 2523 1204 2548 ςο.
1260 2515 1333 2541 Ideni
1351 2515 1438 2542 Truc.
1458 2524 1491 2547 2,
1509 2524 1534 2548 1,
1554 2523 1579 2548 ις
1602 2516 1699 2543 Blande
1721 2518 1839 2554 alloqui,
1858 2519 1930 2546 Male
1949 2520 2028 2547 corde
2048 2522 2212 2555 consultare,

1163 2550 1231 2577 bene
1246 2550 1323 2586 loqui
1336 2551 1434 2585 lingua.
1506 2552 1630 2586 Aliquem
1643 2554 1790 2581 consultare
1801 2554 1882 2581 Plaut.
1895 2556 1978 2583 Milit.
1992 2565 2020 2590 4,
2034 2565 2077 2590 34.
2101 2561 2120 2584 i.
2135 2557 2212 2592 confi-

1475 2586 1542 2627 Plin.
1557 2588 1586 2613 in
1598 2588 1690 2624 Paneg.
1699 2592 1734 2625 76
1755 2592 1811 2617 Vna
1825 2597 1880 2617 erat
1891 2591 1921 2617 in
1933 2591 2028 2618 limine
2040 2601 2131 2626 mora,
2149 2602 2211 2620 cori-

1163 2622 1259 2648 sultare
1272 2623 1358 2655 Aues,
1377 2630 1550 2658 reuererique
1570 2624 1711 2652 numinum
1732 2627 1870 2653 monitus:
1901 2635 1981 2654 nemo
1996 2629 2212 2662 perturbabatur,

1559 2659 1660 2686 Auctor
1678 2661 1710 2688 ad
1723 2662 1789 2689 Her.
1810 2671 1841 2695 3,
1864 2672 1877 2688 2
1905 2664 1973 2689 Item
1996 2664 2212 2692 Deliberationes

1162 2694 1262 2728 partim
1274 2694 1345 2728 ipsae
1358 2699 1466 2729 propter
1479 2695 1505 2720 se
1517 2695 1703 2723 consultandae
1717 2698 1775 2724 sunt
1786 2708 1791 2724 :
1811 2703 1840 2724 vt
1855 2697 1874 2724 si
1887 2697 2018 2726 deliberet
2031 2700 2149 2732 Senatus,
2161 2707 2209 2727 etc.

1163 2732 1182 2756 ι’.
1201 2730 1339 2763 habendae,
1357 2735 1387 2764 vt
1405 2729 1524 2756 dormire
1542 2731 1681 2767 somnum,
1701 2742 1817 2768 pugnare
1835 2734 1973 2769 praelium.

1164 2765 1319 2792 Consultant
1334 2765 1458 2792 mandare
1473 2765 1543 2793 duci.

1199 2808 1216 2828 c
1225 2807 1244 2828 ο
1254 2808 1275 2828 Ν
1284 2809 1297 2828 s
1306 2809 1327 2828 v
1336 2808 1352 2827 1.
1363 2807 1384 2827 'r
1393 2803 1514 2835 ᾹΤοιι,
1534 2801 1597 2842 oris.
1632 2812 1669 2831 m.
1705 2804 1758 2840 Qui
1771 2803 1894 2839 confilium
1903 2806 1980 2840 petit.
2016 2804 2047 2831 L.
2061 2813 2075 2832 2
2094 2805 2156 2840 Dig.
2174 2805 2208 2832 de

2046 2735 2090 2761 Sil.
2109 2737 2136 2768 6,
2155 2742 2210 2770 347

63 2831 107 2858 Sic
119 2832 210 2865 Quum
228 2839 273 2864 ea,
293 2839 360 2866 quae
377 2830 596 2863 consulebantur,
612 2830 644 2858 ad
657 2831 760 2857 exitum
779 2839 834 2857 non
851 2830 1021 2866 peruenirent
1042 2831 1100 2858 Cic.
1113 2842 1147 2871 7²¹.
1164 2838 1240 2872 osig,
1254 2837 1324 2864 Iuris
1348 2836 1371 2875 §.
1385 2845 1413 2870 35
1433 2838 1602 2873 Pomponius.

63 2866 136 2894 Fam.
150 2875 189 2899 10,
200 2875 239 2893 22.
308 2866 419 2894 Consuli
429 2875 471 2893 res
485 2866 594 2899 dicitur,
615 2866 643 2893 de
656 2876 704 2903 qua
718 2867 753 2893 ad
762 2867 877 2894 Senatum
890 2867 995 2894 relatum
1009 2865 1056 2900 qli,
1072 2873 1102 2894 vt

55 2908 132 2965 {atet
144 2911 174 2928 ex
185 2904 207 2929 Ie
224 2911 236 2929 ε
248 2905 329 2939 operis
335 2902 462 2939 faciendi,
481 2911 554 2938 quam
567 2902 624 2929 vide
636 2905 664 2929 in
677 2900 787 2929 difflone
800 2910 819 2930 D
827 2909 877 2930 VV
885 2909 911 2929 M
920 2909 941 2929 V
949 2909 1045 2930 IRAT
1053 2910 1070 2930 E
1078 2910 1101 2930 s.

78 2945 168 2964 enatus
180 2939 209 2964 ni
231 2937 249 2964 'l
262 2938 407 2966 consulitur
419 2938 534 2965 Pseudo·
542 2938 596 2965 Cic.
610 2938 642 2965 ad
655 2938 750 2965 Otilau.

100 2979 120 3001 c
132 2980 152 3001 ο
161 2981 183 3000 Ν
191 2981 205 3001 s
214 2981 236 3001 v
245 2980 262 3000 L
270 2981 291 3001 'r
301 2981 321 3002 v
330 2981 343 3002 s
351 2994 360 3007 ,
388 2983 419 3007 a,
442 2983 497 3000 um.
534 2974 627 3001 Partic.
663 2975 676 3009 [
683 2973 832 3009 βελευθεὶε]
877 2974 1066 3010 Interrogatus,
1086 2982 1102 3000 a

96 3017 109 3035 ο
120 3008 245 3043 confilium
253 3013 359 3045 petitum
372 3008 413 3044 ist.
448 3009 555 3037 Harioli
570 3010 683 3037 consulti
702 3010 793 3037 lustin.
807 3018 817 3036 1
826 3029 834 3042 ,
846 3018 874 3044 4,
887 3018 909 3042 3.

107 3052 153 3070 ιιιο
169 3051 204 3079 7²
229 3045 335 3072 Senatus
355 3045 478 3080 quidem,
494 3046 568 3073 cuius
586 3046 764 3081 grauislimum
782 3045 818 3072 est
837 3045 967 3072 iudiciuin
986 3045 1019 3072 de
1039 3055 1100 3073 iure

62 3078 167 3113 legum,
186 3080 393 3116 quotiescunque
412 3081 445 3107 de
460 3090 503 3108 me
522 3082 671 3115 consultus,
691 3089 736 3109 etc.
809 3080 883 3108 Idem
895 3090 944 3117 pro
957 3082 1054 3108 Milon.
1070 3084 1100 3108 16

61 3114 145 3141 Nihil
160 3114 192 3141 de
207 3115 363 3149 eiusmorte
374 3116 486 3152 populus
499 3118 638 3145 consultus.
857 3125 872 3143 2
907 3119 1012 3154 Dicitur
1026 3121 1101 3144 etiam

675 3160 720 3186 vt,
739 3153 838 3180 Omnia
859 3158 884 3179 et
904 3154 995 3188 sponte
1013 3162 1101 3188 neque

63 3194 145 3221 opera
157 3187 290 3220 consulta,
307 3187 352 3214 sed
365 3187 525 3215 amilitibus
538 3189 609 3216 forte
628 3189 731 3216 incensa
743 3190 801 3216 sunt
820 3188 889 3215 Gell.
903 3192 930 3222 6,
944 3197 970 3224 7.

64 3223 119 3249 Att.
132 3230 156 3254 2,
169 3223 198 3248 16
217 3222 346 3250 Nondum
363 3223 488 3251 videlicet
501 3224 590 3252 literas
602 3225 678 3252 ‘meas
692 3225 806 3260 legerat,
821 3225 919 3260 quibus
937 3225 969 3252 ad
987 3234 1047 3252 eum
1059 3226 1099 3252 Re

65 3257 183 3284 consulta
201 3263 227 3284 et
239 3258 373 3293 explorata
387 3260 586 3295 perscripseram
601 3270 656 3287 non
674 3260 776 3287 deberi.
847 3260 920 3287 Idem
939 3260 967 3286 in
980 3261 1058 3288 Catil.
1072 3270 1099 3294 2,

14 3315 17 3317 ,
63 3295 98 3321 26
119 3293 200 3326 Mihi,
213 3299 242 3320 vt
254 3293 316 3321 vrbi
329 3294 381 3322 {ine
393 3295 481 3322 vestro
494 3301 567 3322 metu
580 3305 608 3324 ac
620 3296 672 3324 fine
683 3296 740 3323 vllo
753 3296 869 3323 tumultu
883 3296 942 3323 satis
955 3297 1015 3324 effet
1027 3306 1100 3332 prae-

63 3328 139 3370 iidii,
156 3329 304 3369 consultum
319 3339 348 3357 ae
360 3331 496 3365 prouisum
509 3331 554 3358 est.
623 3332 679 3359 Cic.
696 3332 728 3359 de
741 3332 816 3359 Orat.
832 3340 854 3364 ι,
868 3340 914 3365 250
932 3333 1100 3368 Quamquam

981 3011 1100 3050 Cic-,1³1⁰
1113 3017 1145 3043 80
1162 3017 1227 3052 quid
1246 3016 1420 3051 respondeant
1439 3016 1628 3044 consultationi
1641 3025 1723 3043 meae.

1201 2879 1589 2906 CONSVLTATOR1vs‚
1615 2873 1669 2900 vid.
1690 2881 2007 2902 CONSVLTOR1VS.
2046 2898 2047 2901 ,

1200 2916 1217 2936 c
1225 2917 1245 2936 Ο
1254 2917 1276 2936 Ν
1285 2916 1298 2936 s
1307 2916 1329 2936 V
1336 2915 1352 2935 L
1365 2915 1387 2935 Τ
1399 2916 1421 2936 Α
1430 2916 1451 2936 Τ
1461 2917 1470 2935 1
1479 2915 1498 2935 O
1507 2929 1516 2942 ,
1535 2909 1604 2936 onis.
1636 2910 1657 2937 f.
1693 2909 1839 2943 [συμέῗκλὴ
1853 2909 2003 2945 συμζὶςλίκ]
2044 2910 2207 2937 Deliberatio.

1163 2944 1231 2972 Ter.
1245 2947 1311 2973 Hec.
1323 2954 1349 2979 4,
1362 2955 1389 2980 4,
1401 2950 1432 2975 28
1452 2945 1536 2973 Nulla
1548 2945 1600 2972 tibi
1612 2945 1746 2980 Pamphile
1759 2945 1803 2972 hic
1817 2946 1869 2972 iam
1882 2945 2040 2972 consultatio
2052 2945 2096 2972 est.
2148 2947 2206 2973 Cic.

1164 2982 1218 3007 Att.
1232 2987 1256 3014 8,
1269 2991 1288 3015 4
1308 2981 1362 3015 Ego
1375 2989 1472 3008 nauem
1488 2981 1581 3015 paraui
1595 2992 1601 3008 ι
1626 2987 1683 3007 tuas
1698 2981 1787 3008 literas
1802 2987 1890 3007 tamen
1909 2980 2046 3015 exspe&o‚
2067 2988 2096 3008 vt
2114 2982 2208 3015 sciam,

1795 3016 1942 3043 Dilatandis
1964 3017 2206 3044 consultationibus

1164 3053 1265 3079 Sallust.
1280 3052 1399 3088 Iugurth.
1419 3062 1440 3079 c.
1455 3061 1496 3088 27.
1573 3052 1629 3079 Cic.
1643 3051 1694 3078 Off.
1708 3060 1731 3084 3,
1746 3058 1776 3085 50
1797 3052 1945 3086 Sapientem
1958 3057 1983 3078 et
1998 3052 2099 3079 bonum
2112 3053 2205 3080 virum

1162 3088 1285 3124 fingimus
1299 3099 1305 3115 :
1331 3088 1364 3115 de
1377 3089 1435 3115 eius
1447 3087 1646 3115 Deliberatione
1658 3094 1684 3113 et
1697 3087 1889 3114 consultatione
1902 3088 2061 3122 quaerimus.
2116 3090 2205 3123 Qae-

1163 3124 1275 3152 stionem
1287 3124 1437 3158 infinitam,
1457 3132 1524 3159 quae
1537 3124 1636 3149 Graece
1653 3122 1720 3149 θέσις
1734 3123 1846 3154 dicitur,
1869 3123 1965 3150 Cicero
1980 3131 2052 3150 vocat
2066 3125 2205 3152 Consulta-

1162 3160 1279 3194 tionem,
1296 3167 1320 3187 et
1334 3170 1350 3187 a
1364 3158 1551 3187 Controuersia
1566 3156 1699 3194 distinguit
1712 3159 1741 3185 in
1755 3159 1844 3185 Partit.
1857 3158 1968 3186 Rhetor.
1981 3167 2009 3193 4.
2082 3160 2157 3195 Apud
2171 3161 2204 3189 C.

1041 3190 1097 3216 Cic·
1115 3198 1144 3228 85
1160 3197 1299 3224 Caesarem
1317 3196 1474 3222 consultatio
1493 3194 1526 3221 de
1545 3203 1630 3228 poena
1645 3194 1787 3221 Theodoti
1806 3194 1915 3229 ponitur
1933 3194 2043 3228 Quin&
2062 3205 2091 3228 3,
2111 3201 2141 3229 8,
2160 3204 2203 3230 ςς,

1159 3232 1293 3267 Propoflta
1304 3231 1460 3259 consultatio
1479 3230 1552 3257 idem
1564 3238 1588 3263 3,
1603 3235 1627 3260 8.

1200 3274 1370 3300 CONSVL,
1395 3267 1455 3293 iilis.
1491 3275 1526 3292 m.
1561 3264 1689 3299 [ὕπατος]
1725 3264 1814 3291 Maior
1832 3265 1996 3300 magistratus
2015 3272 2072 3293 erat
2092 3267 2202 3299 Romae,

1162 3303 1261 3331 Festus.
1332 3304 1406 3330 Non.
1420 3311 1439 3335 ι,
1452 3309 1481 3334 91
1500 3301 1646 3327 Consulum
1663 3305 1688 3325 et
1703 3300 1857 3327 Praetorum
1872 3302 2034 3337 proprietas,
2055 3303 2124 3337 quod
2140 3311 2201 3328 con-

1163 3338 1246 3366 sulant
1270 3344 1296 3366 et
1314 3343 1436 3374 praeeant
1454 3336 1574 3371 populis,
1598 3335 1757 3362 auctoritate
1776 3337 1903 3364 Varronis
1924 3338 2071 3365 ostenditur
2092 3338 2123 3364 de
2139 3338 2200 3364 Vita

62 3364 111 3400 ipsi
124 3373 348 3400 omma,quorum
365 3367 502 3401 negotium
517 3366 553 3394 est
559 3386 568 3399 ,
587 3367 703 3394 consulta
723 3366 756 3394 ad
775 3376 824 3394 nos
842 3373 868 3393 et
883 3368 1011 3402 exquisita
1028 3368 1100 3395 defe-
1107 3382 1143 3408 90
1161 3375 1253 3409 Popul.
1266 3375 1342 3402 Rom.
1363 3373 1410 3400 lib.
1425 3381 1441 3399 2
1468 3372 1548 3406 Qiod
1567 3370 1648 3398 iidem
1667 3370 1822 3399 dicebantur
1842 3373 1985 3407 Consules,
2006 3381 2032 3400 et
2050 3375 2200 3400 Praetores:

63 3406 134 3428 runt.
187 3401 268 3428 Ouid.
281 3402 339 3428 Art.
353 3409 377 3433 i,
388 3404 442 3437 467
466 3402 504 3429 Sit
516 3401 568 3430 tibi
582 3403 717 3434 credibilis
730 3404 815 3429 sermo
827 3403 997 3438 consultaque
1007 3403 1102 3437 verba,

64 3438 84 3462 ι’-
94 3436 229 3472 prudenter
243 3440 362 3473 cogitata.
397 3437 446 3465 Sed
454 3438 570 3474 praefert
583 3439 669 3476 Heins.
684 3446 707 3465 et
715 3439 852 3467 Burmann.
864 3439 996 3466 consueta.
1031 3439 1101 3466 Vell.

64 3479 91 3503 2,
105 3476 140 3504 ιε,
154 3479 167 3505 ς
191 3472 260 3499 Bene
275 3473 392 3500 consulta
405 3473 474 3499 male
487 3473 590 3501 cedunt.
823 3482 836 3506 3
873 3474 1006 3511 Significat
1017 3475 1100 3511 scien-

64 3512 152 3547 tem-et
158 3511 285 3543 peritum,
304 3518 320 3535 a
333 3518 379 3544 quo
391 3511 444 3535 iure
457 3507 582 3542 confilium
588 3515 671 3544 petas.
718 3508 770 3536 Illo
799 3517 862 3543 aepe
877 3509 938 3536 loco
954 3511 1003 3544 (in
1013 3511 1077 3546 foro
1073 3511 1100 3572 a)

64 3547 168 3577 capitur
180 3545 313 3572 consultus
321 3544 430 3575 Amori,
449 3544 559 3579 Quique
570 3544 632 3572 aliis
645 3545 724 3577 cauit,
735 3553 790 3571 non
801 3550 876 3571 cauct
889 3545 943 3580 ipse
955 3545 1005 3579 sibi
1016 3546 1072 3573 Oui

67 3578 99 3605 A.
109 3578 141 3604 A.
154 3586 175 3611 i,
187 3583 224 3612 83.
250 3600 254 3603 .
293 3581 387 3608 Horat.
402 3581 484 3607 Serm.
500 3589 521 3613 ι,
536 3588 557 3613 ι,
571 3588 600 3616 ¹7
623 3580 682 3607 Eris
695 3587 734 3612 tu,
747 3580 795 3615 qui
806 3581 887 3607 modo
903 3581 992 3613 miles,
1028 3583 1100 3608 Mer-

66 3620 140 3641 tator
152 3624 158 3640 :
195 3620 225 3641 tu
242 3616 390 3649 consultus,
411 3615 493 3643 modo
513 3615 634 3643 rusticus.
687 3616 761 3651 Conf.
779 3615 853 3642 Idem
864 3616 943 3650 Epist.
966 3626 994 3649 2,
1016 3625 1055 3649 2,
1066 3622 1100 3651 87

66 3656 90 3676 et
102 3657 154 3682 159·
171 3649 258 3685 quihus
269 3652 379 3680 omnibus
391 3653 452 3679 Iocis
459 3651 616 3679 Consultum
629 3650 698 3678 Iuris
711 3657 796 3683 notat,
812 3651 876 3686 quod
892 3652 1005 3687 expreffit
1024 3652 1056 3678 de
1067 3653 1099 3678 A.

66 3685 95 3711 Ρ.
107 3688 166 3718 369.
199 3688 230 3712 it.
250 3685 342 3722 Nepos
354 3697 398 3722 24,
410 3697 435 3721 3,
449 3696 469 3714 ι.
537 3686 600 3714 Liu.
616 3695 656 3719 io,
668 3694 702 3713 22
723 3685 855 3717 Callidos,
871 3687 1041 3723 solertesque,
1060 3688 1100 3714 iu-

67 3720 105 3747 ris
125 3727 205 3755 atque
217 3720 388 3758 Eloquentiae
405 3723 545 3750 consultos.

66 3756 166 3782 Scauro
183 3765 205 3783 c.
218 3763 259 3791 72.
328 3759 385 3786 eie.
398 3759 511 3794 Philipp.
526 3768 553 3792 9,
567 3767 589 3786 ii
609 3759 705 3792 Neque
718 3758 790 3783 enim
803 3757 848 3784 ille
861 3759 944 3793 magis
955 3759 1026 3786 Iuris
1038 3767 1100 3785 con-

67 3791 167 3824 tultus,
184 3801 265 3826 quam
277 3793 392 3822 iustitiae
404 3795 467 3822 fuit.
538 3794 693 3821 insanientis
707 3792 848 3827 sapientiae
861 3795 992 3820 consultus
1003 3795 1099 3821 Horat.

67 3826 120 3862 Osi.
135 3835 144 3853 ι
152 3846 162 3859 ,
175 3835 219 3861 34,
229 3835 255 3855 2.
323 3829 380 3857 Cic.
393 3839 442 3865 pro
453 3831 529 3858 Caec.
543 3836 575 3865 78
598 3831 636 3856 Ita
648 3828 730 3856 iustus
743 3836 768 3855 et
781 3828 866 3854 bonus
880 3829 924 3855 vir
934 3829 986 3862 est,
1005 3836 1033 3856 vt
1046 3830 1100 3856 Na-

67 3866 126 3889 tura
145 3870 200 3889 non
210 3861 348 3900 disciplina
365 3866 496 3895 consultus
512 3867 560 3893 eise
572 3865 704 3892 videatur.
773 3863 903 3891 Columel.
918 3873 952 3897 ιι,
965 3873 986 3897 ι,
1002 3873 1029 3891 iz
1049 3866 1100 3892 Ve-

66 3904 206 3925 runtamen
219 3904 250 3926 vt
266 3901 405 3928 vniuersae
422 3901 574 3936 disciplinae
592 3903 637 3928 vix
657 3901 773 3935 aliquem
792 3892 954 3931 edumhum,
973 3900 1006 3926 tic
1019 3900 1154 3939 pluri-105

67 3941 127 3963 mos
138 3933 255 3969 partium
271 3937 330 3964 eius
349 3936 469 3964 inueniat
485 3937 639 3972 magistros,
659 3946 704 3972 per
724 3944 791 3971 quos
806 3934 909 3963 efficere
924 3944 1004 3970 queas
1017 3936 1102 3971 perse-

1092 3565 1099 3572 ·
1113 3554 1146 3581 9⁵
1159 3551 1216 3579 fiat.

599 3721 673 3758 Conf.
693 3722 724 3748 A.
738 3721 770 3748 de
783 3721 856 3748 Viris
872 3722 968 3750 Illustr.
983 3724 1012 3750 in
1024 3724 1099 3750 Aem.
1107 3733 1154 3752 100
1161 3738 1240 3764 quam
1259 3728 1362 3763 regium
1379 3728 1436 3754 esse.

1159 3880 1260 3907 quorum
1274 3870 1315 3897 illo
1320 3869 1460 3906 fingularis
1472 3879 1585 3898 numerus
1597 3869 1753 3907 defignatur,
1772 3869 1816 3896 boc
1823 3869 1941 3904 pluralis.

1162 3410 1234 3444 quod
1250 3411 1383 3446 praeirent
1403 3407 1520 3443 populo,
1538 3408 1694 3438 Praetores;
1722 3407 1794 3442 quod
1813 3409 1978 3437 consulerent
1992 3409 2111 3439 Senatui,
2129 3409 2200 3434 Con-

1162 3445 1238 3472 sules.
1292 3445 1361 3481 Qid
1370 3443 1396 3479 s¹
1414 3443 1540 3480 legendum
1560 3442 1706 3469 Senatum?
1743 3443 1783 3470 Sic
1801 3445 1887 3472 Varro
1905 3445 1936 3472 de
1949 3446 1978 3473 L.
1989 3445 2020 3471 L.
2031 3453 2059 3477 4,
2073 3452 2102 3477 ¹4
2128 3443 2198 3469 Cori-

1164 3481 1220 3513 sul‚
1240 3484 1338 3518 inquit,
1358 3479 1526 3511 nominatus,
1546 3478 1620 3513 quod
1639 3478 1787 3517 consuleret
1799 3481 1928 3516 populum
1942 3486 1968 3507 et
1981 3480 2112 3506 Senatum.
2147 3477 2198 3504 nisi

1162 3515 1233 3544 illinc
1251 3517 1352 3552 potius,
1370 3513 1438 3541 vnde
1452 3514 1545 3540 Accius
1565 3513 1603 3540 ait
1623 3513 1652 3540 in
1668 3514 1767 3547 Bruto,
1792 3516 1840 3551 qui
1859 3516 1931 3544 reete
1948 3515 2080 3546 consulat,
2098 3513 2198 3540 Consul

1287 3550 1396 3585 Qiinet.
1409 3559 1430 3582 ι,
1445 3552 1472 3582 6,
1486 3557 1516 3582 31.
1535 3549 1646 3575 dubitari
1654 3548 1721 3585 poſje
1731 3549 1811 3584 dicit,
1832 3562 1864 3578 an
1877 3561 1891 3579 a
1904 3549 2062 3578 consulendo
2080 3557 2113 3574 ne
2127 3549 2196 3575 dica-

1160 3593 1204 3614 tur
1217 3588 1330 3619 Consul,
1348 3595 1381 3612 an
1394 3595 1409 3612 a
1423 3584 1573 3612 iudicando.
1632 3584 1703 3612 Nam
1717 3591 1743 3612 et
1755 3585 1806 3613 hoc
1820 3587 1955 3614 consulere
1969 3591 2071 3612 veteres
2086 3592 2196 3611 vocaue-

1161 3629 1231 3650 runt.
1267 3622 1343 3650 Vnde
1354 3620 1440 3647 adhue
1451 3625 1569 3647 remanet
1582 3619 1666 3652 illud,
1680 3621 1766 3656 Rogat
1779 3622 1844 3650 boni
1857 3621 1989 3654 consulas,
2007 3623 2026 3646 i.
2041 3619 2141 3646 bonum
2155 3620 2196 3645 iu·

1161 3657 1240 3686 dices.
1292 3656 1371 3693 Apud
1383 3656 1443 3683 Liu.
1456 3665 1485 3688 3,
1498 3664 1514 3689 9
1540 3655 1681 3683 Tribunus
1698 3657 1768 3692 pleb.
1787 3657 1817 3684 in
1834 3658 1967 3685 consulare
1995 3655 2136 3689 imperium
2155 3655 2197 3681 in·

1160 3694 1274 3726 vehens,
1292 3692 1400 3719 nomine
1414 3698 1515 3718 tantuin
1528 3691 1616 3718 minus
1629 3692 1792 3720 inuidiosum
1806 3696 1853 3726 ait,
1870 3702 1899 3720 re
1911 3692 1965 3727 ipsa
1976 3699 2058 3726 prope
2069 3690 2196 3723 atrocius,

1507 3727 1564 3755 Cic.
1579 3728 1608 3754 in
1623 3729 1709 3755 Pison.
1723 3734 1752 3762 2'3
1778 3737 1800 3754 c.
1814 3737 1844 3755 ιο
1868 3728 1966 3754 Animo
1984 3726 2126 3753 Consulem
2147 3727 2196 3752 etse

1161 3771 1283 3800 oportet,
1310 3762 1438 3795 consilio,
1463 3761 1531 3796 fide,
1553 3764 1697 3799 grauitate,
1722 3763 1874 3798 vigilanda.
1899 3771 1978 3794 cura,
2003 3767 2061 3788 toto
2080 3761 2195 3796 denique

1160 3809 1269 3828 munere
1283 3798 1454 3831 Consulatus,
1474 3799 1550 3826 omni
1562 3799 1661 3826 officio.
1722 3800 1819 3826 Veteres
1831 3798 1948 3824 dixerunt
1960 3797 2051 3830 Cosul,
2063 3803 2113 3832 pro
2125 3797 2195 3824 Con-

1161 3837 1216 3870 sul,
1241 3842 1270 3862 vt
1288 3834 1384 3867 coiux,
1388 3842 1438 3870 pro
1452 3835 1575 3862 Coniunx
1589 3846 1596 3866 ς
1621 3835 1685 3862 vnde
1697 3834 1780 3861 breues
1793 3832 1852 3867 istae
1867 3835 1956 3865 Notae,
1975 3832 2048 3901 (Χέ.
2059 3831 2192 3894 ἐιᾶΕΟΞὸ.

2039 3876 2084 3894 uui
2113 3887 2119 3893 .
2133 3875 2151 3895 ι,
2166 3872 2194 3898 7,

1161 3916 1196 3941 29
1219 3905 1332 3942 Consules
1345 3911 1445 3933 exemta
1457 3915 1475 3932 n
1488 3905 1565 3970 lilim
1576 3906 1697 3942 legimus.
1733 3906 1774 3932 sic
1786 3906 1874 3940 optimi
1885 3903 1955 3932 libri.
2008 3904 2113 3938 Aequus
2125 3902 2194 3961 Cqui

1464 3949 1481 3976 7
1558 3950 1576 3970 ²·
2166 3943 2182 3960 ¹¹
