2474 4182
286 110 334 153 87
577 70 581 72 ’
733 98 769 134 Α
851 93 888 131 D
1826 94 1866 129 A
1949 93 1983 127 D
2375 99 2423 141 88

291 191 347 217 Cic,
363 190 394 216 de
410 191 470 216 Nat.
489 190 567 215 Deor-
584 197 608 219 2,
624 189 669 212 161,
707 184 794 208 Genus
808 180 902 206 radicis
918 180 949 206 ad
966 179 1165 206 similitudinem
1186 177 1258 212 panis
1274 174 1327 215 effi·
1383 176 1445 203 huic
1463 176 1546 203 fundo
1560 179 1592 205 ad
1605 179 1756 206 dexteram?
1784 179 1852 205 Ter.
1869 179 1941 205 Adel.
1956 188 1983 212 4,
1999 187 2023 211 2,
2037 188 2069 212 43
2102 180 2141 206 Ad
2155 180 2281 207 sinistram
2295 180 2424 209 hacreeta

289 226 392 253 ciebant
407 226 477 251 Caes·
494 226 520 250 B¹
544 225 572 249 ς,
589 232 608 251 3.
631 226 670 252 42⁴·
715 217 753 243 Ad
770 216 880 250 speciem
894 215 1003 242 honoris
1019 217 1077 242 Liu,
1099 225 1119 248 3,
1135 220 1169 247 38.
1231 212 1269 238 Ad
1289 221 1329 252 isi·
1384 213 1475 247 platea.
1520 213 1600 240 Plaut.
1616 216 1696 241 Milit.
1714 225 1741 248 4,
1758 224 1783 249 7,
1799 225 1830 248 24
1853 215 1904 241 Vbi
1921 216 1941 241 is
1955 215 2006 241 cst?
2042 216 2077 240 M.
2092 216 2123 241 ad
2142 216 2250 243 laeuam.
2288 216 2327 242 Ad
2348 216 2424 244 Diem

292 272 332 288 res
346 263 471 295 cuiusque
493 259 609 285 Scribon.
631 263 678 280 101.
722 252 833 279 Fallaces
849 251 880 278 ad
892 253 1054 278 voluntatem
1070 252 1215 285 loquuntur
1230 256 1330 279 omnia,
1383 248 1460 275 intell.
1482 248 1646 276 constitutam
1674 252 1737 286 quod
1757 254 1876 286 capr-imit
1897 252 1952 277 Cic.
1977 261 2024 286 pro
2033 251 2137 277 Caeein.
2148 260 2182 283 32.
2215 252 2260 279 Sed
2281 254 2356 278 Verr.
2374 260 2424 285 2,5
2462 260 2463 263 ’

291 298 358 323 nihil
374 296 405 322 ad
427 296 563 322 veritatem
587 292 639 316 cic.
664 289 694 313 dc
716 288 799 314 Amic.
821 297 842 314 c.
863 296 902 320 25.
1077 285 1097 325 q
1129 291 1141 316 8
1170 285 1219 323 Ad,
1236 291 1283 319 pro
1305 293 1329 309 eo
1385 283 1499 315 Quando
1514 283 1559 308 illa
1572 285 1734 313 frumentum
1751 287 1822 321 quod
1844 287 1966 318 deberet,
1993 296 2046 312 non
2063 286 2094 312 ad
2108 286 2178 312 diem
2199 287 2288 314 dedit?
2332 286 2424 315 Caesar
2464 287 2465 294 ¹

291 333 355 368 qum(
369 334 439 358 ,ulmo
454 332 553 355 Amnis,
574 328 708 357 Qiantum
722 324 835 358 pertinet
855 324 894 350 ad.
939 324 994 350 Cic.
1018 324 1161 353 Verr.1,58
1184 319 1330 359 Vidllimul
1351 327 1363 352 5
1386 322 1412 347 B.
1438 321 1467 346 C.
1492 328 1517 351 Ζ,
1532 327 1569 358 Ι19
1589 320 1670 347 Nulla
1684 323 1736 348 suit
1751 323 1862 355 ciuitas,
1893 324 1958 357 quin
1974 323 2005 349 ad
2018 323 2089 348 diem
2109 323 2270 349 conueniret.
2326 323 2366 353 S1jc
2385 323 2423 350 Ad
2460 351 2461 355 1

291 378 349 394 cum
365 356 462 402 μυμῗιιι)
476 367 592 390 Romano
607 360 696 385 forum
716 360 908 394 comitiumque
923 359 1078 386 adornatum
1099 357 1131 383 ad
1152 357 1263 390 speciem
1279 364 1331 380 ma-
1385 356 1455 382 diem
1477 364 1584 385 venire,
1615 355 1690 390 dare,
1717 358 1841 384 decedere
1861 359 1915 384 Cic.
1937 368 1985 393 pro
2010 359 2032 385 S.
2055 358 2127 384 Rosc.
2150 367 2171 383 c.
2193 366 2236 390 44.
2260 357 2312 384 Off.
2326 367 2338 389 3
2358 366 2379 384 c.
2399 367 2423 386 2.

291 404 388 438 guilico
403 406 507 427 ornatu:
529 396 559 422 ad
576 396 685 427 sensum,
707 396 958 430 cogitationemque,
974 394 1068 420 acerbo
1082 400 1106 418 et
1121 391 1236 430 lugubri.
1274 391 1330 416 Cle.
1386 394 1457 418 Fam.
1474 399 1542 425 2,17.
1569 390 1672 429 *Contra
1687 394 1742 419 Cic.
1759 396 1828 420 Fam.
1845 403 1896 426 2,ss
1917 395 1964 420 Vel
1980 395 2043 429 quia
2058 394 2120 420 belli
2135 394 2313 427 magnitimor
2328 394 2424 427 impen-

292 440 362 465 Fam.
381 447 398 467 ς,
417 445 435 460 ιι
458 433 569 465 Insignes
584 431 614 457 ad
627 430 733 457 laudem
747 432 810 458 viri.
869 434 897 457 kt
913 441 939 463 4,
957 439 979 462 13
999 431 1060 455 Sum
1074 428 1106 454 ad
1122 426 1331 465 inuestigandum
1386 428 1442 453 det:
1462 427 1533 461 quod
1549 425 1670 453 videmur
1684 428 1813 463 effugere,
1834 430 1850 455 fi
1859 430 1891 456 ad
1905 430 2072 456 constitutam
2088 430 2158 455 diem
2175 428 2334 454 decedemus.
2355 429 2425 458 Idem

290 474 425 500 euriclion
464 468 504 494 Ad
519 468 676 494 breuitatem
691 468 785 502 aptius,
806 474 831 493 et
848 467 880 493 ad
895 467 1009 500 reliquas
1023 474 1063 490 res
1077 463 1260 502 prouidentius
1275 462 1330 487 Cic.
1388 464 1457 489 Fam.
1475 471 1508 495 15,
1524 471 1549 488 12
1572 462 1622 493 (al.
1639 466 1681 493 ιο)
1718 465 1766 490 Tu
1781 466 1858 491 mufis
1873 466 1968 492 110ster
1989 475 2050 500 pam
2062 472 2090 491 vt
2103 473 2194 499 operas
2208 463 2313 490 reddas:
2342 464 2424 493 „0st¹¹2

292 511 360 535 isam.
379 515 396 535 3.
412 513 430 535 1,
446 513 462 529 1.
502 505 536 529 Vt
549 512 606 529 mea
621 504 729 537 persona
746 504 844 537 semper
860 502 890 528 ad
905 502 1090 535 improborum
1103 500 1203 525 ciuium
1220 504 1332 531 impetus
1346 505 1372 522 10
1386 499 1416 525 ad
1430 499 1502 524 diem
1517 497 1613 524 dietam
1636 498 1707 524 fient.
1744 500 1808 526 Plin.
1824 510 1849 533 2,
1865 510 1894 534 23
1920 503 1955 527 Vt
1973 502 2092 536 protinus
2113 500 2206 527 mundi
2226 507 2331 534 quoque
2351 500 2430 534 ipsius⁴

290 540 389 575 aliquid
405 540 540 565 videretur
559 539 656 565 habere
677 540 802 573 populare
824 538 859 564 Id.
876 538 922 564 sub
938 539 990 563 Att.
1005 542 1028 568 8,
1045 545 1074 562 11.
1130 534 1205 569 Apul.
1221 533 1253 558 de
1274 533 1330 558 Deo
1386 536 1507 561 mensura
1526 534 1614 559 veniat
1633 534 1664 559 ad
1680 534 1795 568 Digitos,
1816 540 1833 563 j,
1851 538 2006 572 supputetur.
2045 537 2084 563 Ad
2099 544 2256 567 extremum,
2279 535 2317 561 Ad
2332 536 2424 569 postu»,

289 581 358 604 ὕοι-ι’.
380 586 403 610 p.
419 585 461 608 54,
476 578 506 607 36
526 575 554 600 «le
568 585 635 611 equo,
656 577 689 600 Vt
703 575 731 601 lit
745 575 777 600 ad
791 575 900 608 speciem
917 572 1047 604 honestus,
1062 571 1093 597 ad
1109 572 1242 609 cursuram
1255 577 1331 608 vege·
1387 580 1477 602 mum,
1515 570 1554 596 Ad
1577 569 1716 601 vltimum,
1738 571 1864 598 Aduerbio
1873 580 1934 607 sunt
1949 573 2018 599 modo
2046 573 2158 603 ordibus,
2188 579 2235 607 pro
2250 571 2371 605 Denique
2388 573 2437 600 uel·
2461 599 2465 604 ,

288 621 338 643 tus,
358 619 382 637 et
398 611 429 637 ad
444 611 579 637 vecturam
594 611 704 637 validus.
742 611 798 636 Cic.
812 620 860 644 pro
875 611 977 635 Muren.
999 610 1033 634 60
1053 617 1074 633 c.
1091 615 1124 639 29
1146 607 1234 632 finxit
1244 610 1268 630 te
1278 605 1331 638 ipsa
1386 606 1533 632 Postremo:
1559 606 1626 631 modo
1647 608 1779 640 temporis,
1802 614 1851 641 pro
1865 609 1999 635 Tandem
2036 609 2092 634 Cic,
2107 610 2159 634 Att.
2174 607 2241 633 illud
2261 613 2285 632 te
2300 606 2331 633 ad
2346 613 2425 634 extre.

285 656 378 674 natura
392 647 423 673 ad
438 647 608 678 honestatem,
630 647 797 681 grauitatem,
813 644 1023 679 temperantiam,
1046 657 1090 661 ——
1105 642 1135 668 ad
1153 649 1243 667 omnes
1259 639 1331 666 deni·
1386 650 1458 667 mum
1466 648 1490 667 et
1500 650 1549 667 oro
1563 648 1588 667 et
1603 641 1703 670 hortor.
1718 642 1787 667 conf.
1803 643 1855 669 Att.
1871 652 1925 676 2,21
1936 653 1959 670 et
1967 653 2008 671 22.
2023 651 2047 670 et
2057 645 2118 670 Nat.
2133 645 2212 670 Dcor.
2228 649 2304 674 2,118.
2323 642 2424 675 Offi3c.

287 692 338 718 que
352 684 474 715 virtutes,
488 692 611 717 magnum
627 683 762 708 hominem
779 681 949 707 etexcelsuni.
990 681 1024 704 Ex
1039 680 1121 704 Poetis
1132 677 1243 712 pluscula
1264 677 1332 701 colle—
1346 680 1368 706 ¹5
1387 685 1423 702 21.
1463 677 1522 702 Liu.
1535 688 1550 708 r,
1570 685 1595 708 33
1623 684 1648 703 et
1670 686 1695 710 53
1710 684 1735 703 et
1752 685 1792 709 54.
1836 679 1874 704 Id,
1889 688 1929 712 30,
1943 689 1974 712 ις,
2017 680 2089 706 Min,
2111 680 2138 706 Β,
2154 680 2185 705 6,
2198 684 2221 711 8,
2237 687 2276 711 43,
2315 679 2388 704 Cim,
2401 687 2424 713 3,

304 723 325 745 i!
339 720 461 746 Bromi-h.
476 719 510 745 ad
522 720 596 753 Prop.
613 727 637 750 z,
651 724 674 749 8,
690 726 706 752 7
729 719 819 743 Fortes
831 716 862 742 ad
877 716 974 751 praelia
991 721 1097 740 turmaS.
1148 715 1203 739 Cic.
1220 712 1251 738 de
1269 711 1331 737 Nat.
1388 721 1423 744 12,
1440 721 1471 737 20
1486 719 1511 737 et
1526 720 1553 746 7,
1570 722 1587 744 1,
1604 718 1624 742 8.
1653 714 1709 739 Cic.
1725 712 1755 739 ad
1771 713 1843 739 Brut.
1857 723 1885 740 ιο
1912 716 1963 742 Cui
1978 716 2078 742 consuli
2093 724 2148 741 non
2167 715 2268 741 animus
2290 714 2322 740 ab
2337 714 2424 748 initio,
2448 722 2452 731 =

311 764 366 781 eor.
388 764 414 786 1,
442 763 483 787 105
522 755 616 788 Neque
639 755 747 779 eandem
771 753 801 779 ad
828 761 967 778 numerum
983 758 1146 785 permanere,
1177 752 1194 774 ι’.
1224 755 1330 773 numero.
1387 756 1441 773 non
1456 747 1519 773 fides
1532 747 1564 773 ad
1576 755 1722 774 extremum
1736 748 1830 774 defuit.
1869 750 1914 777 Sed
1922 752 2011 777 Homo
2025 752 2056 778 ad
2071 758 2217 777 extremum
2231 749 2347 784 perditus
2366 750 2423 779 Liu.
2448 768 2453 780 1.

328 800 344 824 9
365 792 577 825 Comparationem
585 789 723 826 Jigvifficat.
763 788 840 815 Nihil
857 788 889 814 ad
902 794 975 814 tuum
992 787 1140 821 equitatum
1156 784 1212 810 Cic.
1223 792 1270 817 pro
1282 783 1331 808 De·
1387 791 1455 822 33’.²
1476 786 1493 808 i.
1503 783 1616 818 prm-sits.
1674 786 1757 811 Aliter
1780 785 1838 810 Liu.
1854 793 1880 816 2,
1895 788 1925 818 56
1958 788 2043 813 Patres
2058 788 2089 813 ad
2111 787 2235 813 Vltimum
2249 785 2425 813 dimicationis

285 834 332 853 iot.
347 836 368 853 c.
384 832 396 856 8
421 826 451 852 ld
464 831 506 859 Ψ,
520 833 580 860 prae
594 832 711 861 rquztatu.
749 825 816 851 Ter.
831 825 895 850 Eun.
912 833 936 855 2,
946 825 1010 855 3,69
1031 821 1106 848 Estne
1121 827 1148 846 vt
1171 820 1256 845 fertur
1277 818 1331 857 for·
1386 825 1438 844 rati
1458 827 1515 845 rem
1535 825 1689 851 venturam,
1722 823 1740 846 i.
1757 820 1799 846 Ad
1818 822 1931 846 vltnnam
1949 829 1972 847 ct
2016 822 2217 858 ericulojiflimam
2238 821 2424 849 dimicationem
2448 810 2452 833 l

286 864 347 889 ma?
369 864 393 888 P.
405 863 472 893 sanc,
494 863 551 888 Cli.
565 868 589 887 at
604 861 670 887 nihil
685 861 716 887 ad
731 861 844 886 nostram
855 860 929 886 hanc.
967 858 1006 884 Ad
1021 857 1173 891 sapientiam
1194 854 1272 880 huius
1288 854 1333 879 ille
1344 860 1375 877 20
1385 855 1444 880 Liu.
1459 863 1498 886 21,
1513 859 1526 883 8
1554 857 1580 879 in
1601 854 1762 890 defit-[priona
1777 858 1905 892 jalaricae
1928 830 2020 884 Miffife
2041 853 2134 885 telum*
2145 858 2233 885 hastili
2248 856 2381 891 oblongo,
2400 861 2425 885 et
2449 865 2452 888 ς

283 899 382 924 nimius
395 904 507 932 nugator
523 898 574 923 suit
596 897 675 923 Plaut.
701 898 774 931 Capt.
798 905 823 928 2,
842 905 866 927 z,
888 903 926 927 23.
975 895 1061 927 Atque
1082 892 1144 918 haee
1164 890 1196 916 ad
1214 890 1330 916 nostram
1385 896 1485 916 caetera
1507 890 1601 922 tereti,
1627 898 1810 926 praeterquam
1824 892 1855 918 ad
1869 899 2015 919 extremum
2031 914 2039 926 ,
2069 894 2137 921 vnde
2153 894 2254 920 ferrum
2269 892 2388 924 extabat,
2405 895 2424 920 iz
2449 901 2452 916 ι

284 934 500 961 consuetudinem
516 934 573 959 sunt
587 933 655 958 leuia
678 933 743 966 Nep.
762 940 794 963 ις,
808 940 834 963 2,
852 940 871 962 3.
910 930 1062 963 Disputator
1075 929 1106 953 ad
1114 926 1260 953 Cleanthen
1275 926 1331 952 Sto·
1378 934 1455 961 parte
1469 933 1586 952 extrema.
1640 927 1684 953 Ad
1697 935 1790 962 tempus
1809 928 1941 964 resineam·
1965 928 2046 955 Plaut.
2067 930 2154 956 Aulul.
2185 939 2212 962 3,
2229 938 2256 961 5,
2279 937 2309 961 52
2339 928 2381 954 lbi
2393 924 2428 958 3ῆὲ

284 971 355 996 icum
379 970 477 996 Auson.
493 969 562 995 Prof.
584 967 715 1001 Burdigal.
732 977 752 993 c.
775 970 809 992 16.
857 965 1036 991 Grannnatice
1054 963 1086 989 ad
1106 964 1231 989 Scaurum
1251 966 1329 1001 atque
1384 962 1544 996 postremum
1559 961 1628 988 cedit
1644 963 1727 989 miles.
1765 963 1824 989 Liu.
1838 973 1860 996 3,
1877 972 1887 997 5
1909 962 2023 990 Difficile
2032 964 2161 992 adl-*idem
2174 965 2210 991 est
2224 966 2252 991 in
2261 971 2313 990 tam
2321 963 2431 999 antiqu?
2454 976 2458 991 1

284 1006 418 1038 Probum,
447 1004 616 1039 promtuliine
638 1004 739 1029 Rlietor
771 1002 807 1027 ld.
824 1001 894 1027 Pros.
916 1000 993 1027 Burd.
1022 1000 1111 1034 Epigr.
1125 1007 1169 1030 20,
1194 1006 1219 1032 7.
1264 997 1330 1023 Scri·
1382 1006 1411 1023 re
1431 1004 1497 1032 quot
1510 999 1685 1031 pugnauerint
1704 999 1896 1032 ceciderintue,
1923 1000 2015 1026 exacio
2033 999 2162 1028 affirmare
2182 1009 2310 1032 numero,
2336 1003 2354 1026 ι’.
2370 995 2427 1028 Nou‘
2454 1012 2458 1026 ι

281 1041 344 1068 bon.
366 1050 400 1067 22
419 1040 537 1067 'I‘ametli
560 1048 573 1065 a
594 1039 645 1065 coli
660 1038 752 1064 dolore
767 1037 818 1063 tuti
832 1037 889 1069 lint,
902 1043 1020 1062 metuere
1034 1035 1210 1061 nihilominus
1224 1033 1330 1065 debent,
1340 1038 1368 1064 25
1376 1034 1458 1069 faczle
1479 1033 1591 1059 creilttur
1604 1033 1630 1066 st
1648 1032 1764 1067 affirmes.
1809 1035 1849 1061 Ad
1864 1036 1937 1061 frena
1951 1036 2038 1062 leones
2058 1036 2145 1071 biiugi
2158 1038 2232 1071 Virg.
2255 1037 2320 1062 Aen.
2329 1044 2365 1068 ιο,
2383 1034 2430 1069 2¹33
2454 1046 2457 1059 ²

282 1087 315 1103 ne
335 1077 385 1103 alia
400 1084 471 1110 parte
488 1076 607 1110 corporis
623 1083 704 1108 aeque
718 1073 874 1100 adficiamur
889 1073 920 1099 ad
935 1070 1235 1106 inteinperantiaiucoli.
1274 1069 1329 1095 Ho-
1383 1072 1400 1095 ι’.
1410 1070 1521 1105 frenati.
1558 1069 1618 1094 Liu.
1635 1078 1672 1102 35,
1684 1078 1712 1095 10
1740 1070 1767 1095 in
1781 1071 1896 1104 Qiintio
1911 1081 1980 1098 noua
1994 1079 2018 1098 et
2033 1074 2147 1098 recentia
2162 1073 2251 1099 onmia
2265 1071 2297 1098 ad
2309 1071 2429 1100 Gratim}¹
2453 1064 2458 1098 l

280 1122 347 1139 nore
362 1119 386 1138 et
401 1113 486 1146 pretio
499 1111 530 1137 ad
545 1110 692 1144 smaragdos
706 1110 776 1135 viret
789 1109 871 1135 Solin.
887 1118 908 1134 c.
924 1117 952 1140 23
974 1108 1033 1133 edit.
1043 1109 1144 1142 Salmas.
1187 1105 1244 1132 Vni.
1262 1107 1282 1131 Ι.
1302 1106 1327 1131 F.
1383 1112 1472 1137 erant,
1494 1104 1663 1140 i.f‹1c1el1.111t,
1679 1112 1706 1130 vt
1746 1109 1946 1142 usntzusgratior
1961 1108 2015 1141 <sss-t
2025 1110 2115 1143 populo
2129 1110 2244 1134 Romano.
2281 1107 2388 1140 Adhuc,
2401 1111 2426 1143 §t
2453 1115 2457 1135 ι

282 1150 388 1175 6,.0710111
400 1147 464 1180 obst.
481 1158 505 1181 4,
522 1153 535 1173 ο
547 1154 574 1181 p,
589 1156 629 1180 37,
786 1143 806 1183 Ἴ
832 1154 860 1170 10
880 1144 931 1177 Ad,
947 1152 995 1179 pro
1008 1144 1110 1169 Contra.
1134 1142 1190 1168 Cic.
1210 1142 1282 1167 Fam.
1301 1150 1327 1173 2,
1383 1141 1424 1167 Ad
1438 1141 1518 1172 hacc,
1538 1150 1597 1176 quae
1611 1144 1718 1177 iungunt
1731 1141 1839 1176 quidam,
1857 1143 1950 1169 melius
1960 1145 2097 1179 separatam
2105 1144 2261 1180 scribuntur,
2281 1151 2310 1169 vt
2324 1138 2429 1172 Praete?
2453 1154 2457 1171 ς

279 1192 292 1216 3
316 1184 359 1210 Ne
374 1183 469 1209 adeam
487 1183 631 1213 meditere,
659 1182 818 1215 imparatum
834 1187 858 1206 tc
882 1180 1023 1206 offendam.
1063 1179 1137 1212 Virg.
1155 1187 1178 1204 2.
1195 1178 1260 1203 Aen·
1277 1185 1327 1209 443
1384 1176 1434 1204 boc
1448 1197 1455 1209 ,
1480 1177 1585 1202 Praeter
1598 1176 1668 1203 haec.
1712 1178 1775 1213 ug.
1798 1178 1893 1204 Decem
1909 1186 2093 1206 veteranorum
2107 1179 2241 1212 millibus,
2267 1179 2299 1205 ad
2312 1178 2361 1205 hoc
2375 1183 2457 1207 mbr

345 1236 353 1240 -
374 1218 530 1252 clypeosque
545 1217 576 1244 ad
590 1218 640 1243 tela
655 1217 763 1242 sinistris
800 1216 916 1242 Prmeeffi
929 1215 1070 1241 obiiciunt.
1107 1216 1148 1241 Sic
1162 1213 1224 1239 tecqi
1240 1212 1327 1238 ess‘ead
1337 1221 1368 1245 3ο
1383 1221 1434 1247 gno
1450 1212 1664 1238 voluntariorum
1680 1222 1792 1239 numero
1807 1214 1943 1241 contracto
1958 1215 2025 1241 Vell.
2040 1224 2065 1248 2,
2081 1225 2125 1248 113.
2183 1215 2222 1241 Ad
2242 1214 2303 1240 haec
2324 1223 2372 1249 ego
2379 1207 2425 1242 'nai
2452 1232 2455 1236 -

278 1255 379 1280 alienos
393 1255 539 1288 postumus:
559 1254 650 1279 intimi
664 1252 746 1278 multa
761 1253 895 1286 apertiora
910 1252 1017 1278 videant
1033 1251 1128 1276 necesse
1142 1250 1177 1275 est
1199 1250 1255 1275 Cic.
1278 1257 1327 1283 pro
1381 1249 1456 1275 ribus
1465 1249 1504 1274 vti
1513 1248 1641 1274 Formido
1659 1250 1725 1275 Hor.
1743 1249 1787 1283 Ep.
1799 1258 1817 1281 1,
1835 1258 1870 1283 19,
1879 1259 1919 1283 45.
1957 1251 1996 1278 Ad
2006 1251 2068 1278 hace
2077 1251 2221 1286 catapultae
2235 1257 2282 1276 etc.
2293 1250 2352 1277 Liss·
2363 1245 2430 1284 395⁵
2456 1261 2458 1264 “

279 1291 353 1316 Rosc.
369 1291 458 1316 Amer.
473 1299 494 1315 c.
510 1299 554 1322 40.
593 1289 665 1315 Idem
683 1289 737 1314 Cic.
754 1287 785 1314 de
799 1288 890 1314 Diuin.
908 1297 927 1319 1,
946 1296 968 1319 13
982 1296 1003 1313 c.
1022 1295 1038 1321 7
1067 1286 1163 1312 Mirari
1184 1285 1245 1311 licet
1261 1293 1327 1319 quae
1381 1284 1449 1311 AM.
1467 1285 1526 1310 Liu.
1541 1293 1564 1314 2,
1578 1293 1607 1317 23
1623 1293 1646 1310 et
1660 1293 1686 1319 7,
1702 1294 1735 1311 12.
1789 1285 1858 1311 Flor.
1873 1294 1898 1318 2,
1912 1291 1934 1318 8,
1952 1289 1986 1313 16.
2014 1295 2036 1319 3,
2045 1296 2071 1320 9,
2081 1296 2104 1314 2.
2128 1289 2202 1313 Curt.
2219 1295 2241 1319 5,
2256 1295 2285 1319 4,
2301 1294 2335 1319 23.
2362 1293 2383 1319 ς,
2393 1293 2424 1320 13,

278 1325 326 1352 sint
347 1325 528 1352 animaduersa
547 1334 560 1351 a
576 1324 686 1351 medicis
707 1324 849 1350 herbarum
864 1332 968 1358 genera,
989 1331 1055 1357 quae
1068 1322 1196 1351 radicum,
1212 1321 1243 1347 ad
1256 1329 1327 1346 mor-
1384 1329 1415 1353 ι3.
1451 1329 1476 1353 9,
1493 1329 1529 1352 ιο,
1546 1329 1578 1352 ι3.
1617 1320 1657 1347 Ad
1671 1322 1720 1347 hoc
1730 1327 1831 1347 tantum
1840 1322 1938 1347 maiori
1952 1322 2029 1348 fratri
2043 1323 2181 1357 praelatus,
2196 1329 2224 1349 vt
2238 1322 2313 1356 prior
2327 1321 2427 1349 occide!

277 1362 319 1388 sus
334 1361 487 1393 bestiarum,
505 1361 537 1387 ad
556 1361 696 1387 oculorum
717 1359 837 1392 morbos,
859 1360 890 1386 ad
912 1359 1030 1385 vulnera.
1080 1359 1149 1393 ,Quae
1163 1357 1259 1393 quidem
1273 1357 1327 1383 Mr-
1382 1363 1456 1382 retur
1480 1357 1547 1382 Tac.
1564 1357 1598 1382 H.
1615 1365 1634 1388 1,
1650 1363 1692 1389 43,
1706 1365 1731 1383 2.
1770 1357 1838 1383 Add.
1857 1358 1931 1383 Curt.
1947 1366 1969 1390 3,
1986 1366 2016 1388 ιι,
2031 1367 2061 1384 ιι.
2105 1360 2193 1385 Verum
2207 1357 2305 1384 Sallust.
2314 1358 2425 1396 Catu-,¹33

277 1397 506 1434 dicisjignificatio
521 1396 723 1434 frequentfflinm
737 1403 760 1422 et
780 1397 871 1422 Plinio.
1028 1391 1048 1431 Ἴ
1077 1402 1098 1420 ιι
1126 1395 1248 1419 Comici-io
1261 1396 1328 1418 inter
1340 1397 1368 1423 35
1382 1393 1568 1426 Cognoueram
1589 1393 1677 1426 paruis
1698 1393 1781 1426 copiis
1801 1392 1869 1419 bella
1891 1393 1959 1427 gesta
1980 1403 2038 1419 cum
2052 1394 2184 1429 opulentis
2205 1393 2325 1428 regibus:
2344 1393 2426 1423 adhoc

276 1434 373 1469 causam
388 1442 411 1459 et
427 1432 541 1466 effeHum
555 1433 601 1459 hac
610 1431 790 1467 praepositione
803 1430 940 1467 indicatur.
978 1430 1054 1464 Prop.
1075 1441 1102 1463 4,
1118 1438 1150 1461 11,
1166 1437 1181 1455 2
1202 1428 1328 1455 Panditur
1382 1429 1455 1462 saepe
1476 1429 1598 1455 fortunae
1618 1428 1773 1455 violentiam
1790 1429 1924 1462 tolerasse,
1948 1429 2071 1456 facundia
2085 1431 2214 1462 Graecos,
2244 1429 2350 1456 scientia
2363 1428 2429 1457 belli⁴

276 1469 309 1495 ad
318 1469 401 1495 nullas
416 1469 495 1494 ianua
508 1469 583 1502 nigra
598 1477 694 1502 preces.
732 1466 852 1493 Scribon.
862 1475 913 1493 220
934 1466 1050 1497 Duritia,
1065 1474 1131 1499 quae
1145 1464 1176 1490 ad
1186 1474 1264 1490 omne
1273 1473 1326 1490 me-
1383 1464 1473 1490 Gallos
1495 1471 1555 1490 ante
1570 1465 1704 1491 Romanos
1719 1465 1802 1490 fuitse.
1860 1466 1908 1491 Sic.
1925 1466 1981 1492 Cat.
1999 1475 2036 1499 14,
2050 1475 2062 1498 3
2077 1473 2099 1492 et
2114 1475 2161 1499 44,
2176 1468 2200 1492 6.
2228 1466 2297 1492 Paul.
2312 1465 2369 1492 inl.
2382 1464 2424 1492 de-

275 1505 454 1531 dieamentum
468 1505 647 1538 exasperatur,
672 1511 750 1537 quam
766 1503 860 1528 Graeci
881 1503 1019 1536 καρκίνωμα
1046 1510 1060 1526 a
1085 1502 1201 1525 κακοῖᾶες
1224 1506 1327 1526 vocant.
1383 1500 1465 1526 bitor.
1487 1501 1519 1526 D.
1536 1500 1566 1525 de
1579 1500 1627 1534 leg.
1643 1509 1663 1526 2.
1700 1501 1811 1528 Domini
1826 1502 1934 1536 persona
1948 1501 1980 1527 ad
1994 1501 2044 1527 hoc
2059 1508 2161 1528 tantum
2175 1502 2327 1536 inspicitur,
2354 1506 2382 1528 vt
2396 1499 2443 1533 sst-

275 1540 314 1567 ld.
326 1549 346 1566 11
363 1541 562 1574 Nonnunquam
575 1540 621 1566 vix
634 1538 665 1565 ad
681 1538 743 1564 duas
757 1545 842 1564 tresue
859 1537 1033 1571 (torpedines)
1054 1536 1192 1570 respondet
1213 1536 1324 1561 curatio.
1383 1545 1442 1561 cum
1458 1544 1490 1562 eo
1504 1535 1653 1562 testamenti
1660 1536 1753 1569 factio,
1777 1540 1795 1563 i.
1811 1538 1856 1564 hoc
1868 1536 1967 1571 consilio
1981 1538 2087 1573 vclfine.
2144 1537 2184 1564 Ad
2198 1537 2244 1563 teli
2258 1537 2357 1564 Iac'ium
2369 1545 2425 1572 per-

275 1575 297 1638 ?
318 1585 344 1602 12
368 1577 449 1602 Finem
464 1579 537 1601 etiam
551 1583 573 1601 ct
586 1574 712 1608 confilium
726 1574 832 1599 mdia-at.
881 1572 910 1598 Id
935 1582 989 1598 non
1001 1579 1054 1598 tam
1078 1572 1110 1598 ad
1124 1571 1254 1597 honorem
1268 1572 1324 1597 eius
1335 1576 1371 1600 40
1384 1572 1491 1603 venire,
1518 1574 1536 1597 i.
1563 1571 1597 1597 ad
1609 1582 1659 1597 cum
1673 1573 1759 1604 locum,
1775 1573 1839 1599 unde
1852 1575 1900 1600 tela
1914 1576 1940 1599 in
1947 1571 2025 1603 hostes
2033 1576 2083 1600 iaci
2090 1572 2190 1609 pollint.
2233 1574 2268 1606 Q
2282 1570 2426 1606 Curt.3,11‚'

289 1611 392 1644 aehun,
421 1620 500 1646 quam
513 1611 546 1637 ad
569 1611 705 1636 consulum
729 1609 907 1643 ignominiam
930 1609 988 1634 Liu.
1005 1616 1082 1643 2,17.
1133 1608 1175 1634 Ne
1188 1607 1220 1633 ad
1234 1614 1325 1633 contu·
1381 1616 1390 1633 1
1406 1615 1451 1633 etc.
1491 1607 1531 1633 Ad
1547 1607 1589 1639 id,
1610 1614 1659 1642 pro
1680 1607 1725 1633 Ad
1745 1608 1807 1634 illud
1819 1617 1926 1644 tempus,
1960 1601 2038 1645 sssque
2051 1619 2084 1636 eo.
2118 1604 2182 1636 ‘Liu.
2204 1629 2210 1634 .
2233 1629 2238 1635 .
2261 1629 2267 1635 .
2289 1610 2378 1642 Q1um
2391 1607 2425 1634 ad

276 1647 383 1674 meliam
397 1646 528 1673 honorem
543 1646 639 1672 dediss'e
650 1646 797 1672 videamini
811 1645 883 1670 Caes.
897 1645 924 1669 B.
939 1645 969 1669 C.
986 1653 1017 1675 2,
1039 1652 1069 1675 32
1106 1643 1216 1669 Mutatis
1234 1643 1266 1669 ad
1286 1653 1327 1669 ce·
1382 1643 1408 1671 id
1424 1642 1520 1669 dubios
1542 1643 1680 1669 seruassent
1696 1644 1808 1670 animos.
1863 1645 1935 1671 Caes.
1951 1645 1978 1671 Β.
1994 1646 2024 1671 C.
2040 1654 2062 1678 3,
2079 1654 2108 1678 14
2133 1646 2190 1679 Qii
2204 1644 2235 1671 de
2252 1645 2333 1671 seruis
2346 1651 2425 1679 atque

275 1681 408 1709 leritatem
423 1683 548 1709 iumentis
571 1682 608 1708 ld.
622 1690 644 1714 3,
660 1690 690 1707 11.
740 1682 797 1706 Hoc
814 1680 884 1706 serui
904 1680 951 1705 esse
966 1677 1084 1704 officium
1100 1687 1170 1710 reor,
1200 1679 1325 1705 Retinere
1379 1679 1473 1705 liberis
1488 1678 1629 1711 omnibus,
1657 1679 1689 1705 ad
1704 1680 1858 1714 impuberes
1873 1680 2029 1715 supplicium
2039 1675 2127 1713 sumit,
2148 1684 2165 1707 i.
2180 1690 2209 1707 ne
2225 1681 2265 1706 his
2278 1679 2372 1716 quidem
2385 1684 2426 1706 eie-⁴

275 1719 308 1745 ad
317 1719 425 1745 salutem
434 1717 581 1745 Plaut.Aul.
598 1727 625 1749 4,
634 1726 660 1750 7,
675 1725 698 1750 7.
738 1718 837 1741 Merces
852 1715 877 1740 ei
891 1715 949 1740 data
963 1714 1134 1740 adhonorem
1159 1714 1263 1740 Vitruu.
1286 1723 1324 1747 10,
1379 1714 1458 1749 clusis.
1497 1714 1562 1740 Plin.
1576 1723 1619 1748 34,
1629 1723 1644 1740 2
1674 1715 1722 1740 Sed
1737 1714 1800 1741 haec
1815 1715 1847 1742 ad
1860 1716 1998 1743 Infinitum
2013 1717 2129 1743 effloruit
2148 1716 2292 1743 multorum
2313 1714 2424 1746 volumie

274 1763 316 1780 22.
355 1754 526 1787 Smaragduni
541 1753 574 1778 ad
594 1760 672 1786 quam
695 1759 752 1775 rem
773 1750 906 1780 viridem,
925 1750 1071 1782 pretiosum
1093 1750 1193 1775 vitrum
1218 1751 1323 1776 Petron.
1334 1755 1367 1781 45
1379 1760 1443 1776 num
1456 1759 1553 1784 opere,
1571 1750 1651 1784 liquis
1666 1750 1741 1784 plura
1754 1752 1877 1785 persequi
1891 1752 1970 1777 velit:
2004 1753 2095 1778 onmia
2107 1753 2178 1779 enim
2192 1752 2251 1788 quis
2265 1751 2354 1787 ponit}
2379 1749 2424 1778 Di-

274 1798 296 1815 c.
314 1797 349 1821 55.
386 1789 451 1814 Plin.
468 1797 511 1820 20,
528 1796 538 1819 3
561 1788 620 1813 Hoc
635 1785 667 1812 ad
681 1784 846 1811 albic-andam
862 1792 948 1810 cutem
964 1785 991 1809 in
1005 1784 1073 1809 facie
1087 1791 1198 1818 totoque
1211 1794 1324 1820 corpore
1378 1789 1445 1812 citur
1459 1793 1481 1811 rt
1495 1787 1526 1812 In
1540 1786 1684 1812 int-initum.
1721 1786 1790 1813 Atld.
1806 1789 1847 1819 36,
1864 1795 1894 1819 15.
1937 1786 1977 1813 Ad
1993 1788 2075 1814 Instar
2096 1788 2148 1814 vid.
2163 1789 2186 1814 h.
2202 1797 2226 1814 υ.
2263 1788 2303 1814 Ad
2316 1787 2423 1814 Irritum

274 1830 393 1851 vtuntur.
431 1824 488 1850 Cic.
510 1825 586 1849 Verr.
602 1831 623 1855 3,
645 1841 651 1847 .
672 1842 678 1847 .
702 1842 707 1847 .
736 1822 824 1847 Vnum
840 1821 948 1855 inquam
963 1819 995 1846 da
1007 1819 1076 1845 mihi
1097 1826 1129 1844 ex
1143 1819 1197 1858 illis
1212 1822 1323 1846 aratori·
1378 1822 1509 1855 caditspes
1525 1823 1583 1848 Liu.
1598 1830 1624 1854 2,
1644 1842 1649 1847 .
1672 1842 1678 1848 .
1696 1842 1701 1847 .
1724 1822 1763 1848 Ad
1779 1822 1911 1849 Lcc‘iicam
1926 1822 2046 1849 homines
2062 1824 2113 1849 uid.
2129 1834 2153 1850 n.
2174 1833 2206 1856 ¹3·
2246 1823 2304 1851 Nifi
2317 1822 2423 1858 planum

274 1860 333 1892 bus,
349 1861 396 1894 qui
410 1860 453 1886 vel
466 1859 497 1885 ad
509 1859 619 1885 statuam
632 1857 770 1892 pecuniam
788 1856 972 1888 contulerunt,
993 1856 1040 1890 qui
1061 1854 1109 1880 fibi
1123 1854 1192 1880 d1cat
1206 1864 1255 1889 pro
1269 1856 1324 1880 fru-
1378 1857 1471 1882 fecerit
1487 1857 1538 1882 HS.
1549 1864 1616 1884 1332)
1636 1858 1668 1883 ad
1676 1857 1806 1884 Libellam
1816 1858 1864 1884 fibi
1878 1858 1970 1885 deberi
1982 1860 2036 1885 Cic.
2046 1868 2094 1894 pro
2109 1860 2184 1893 QR.
2197 1868 2229 1892 11,
2238 1863 2254 1886 i.
2269 1868 2297 1885 ne
2310 1869 2360 1885 vna
2373 1854 2424 1895 qus·

274 1902 365 1922 mento
379 1904 459 1921 omne
478 1895 526 1920 ess‘e
547 1893 620 1928 quod
639 1893 808 1926 oportuerit,
829 1892 952 1917 solutum.
1009 1892 1078 1917 Ter.
1100 1892 1195 1917 Heaut.
1209 1901 1237 1923 4,
1254 1898 1276 1923 5,
1291 1898 1324 1923 29
1379 1890 1432 1915 dem
1446 1891 1527 1916 lzbetia
1545 1895 1633 1917 minus.
1671 1893 1761 1918 Tacit.
1776 1894 1824 1919 An.
1842 1903 1874 1926 ιε,
1888 1896 1904 1920 6
1925 1895 2016 1928 Arripi
2030 1895 2153 1921 coniunes
2174 1895 2206 1921 ad
2226 1894 2315 1921 Libita
2336 1894 2424 1921 Caenia

275 1932 421 1965 Argentum
435 1930 543 1956 dabitur
557 1926 629 1955 ei⁵ad
644 1927 756 1962 nuptias.
795 1927 851 1953 Cic.
867 1926 980 1962 Philipp.
997 1935 1019 1958 5,
1034 1934 1063 1960 17
1084 1927 1125 1952 An
1139 1926 1184 1952 illa
1200 1935 1254 1952 non
1269 1936 1325 1960 gra-
1335 1933 1367 1958 50
1379 1935 1447 1952 rum.
1486 1925 1526 1952 Ad
1540 1926 1646 1952 Limina
1660 1926 1743 1953 custos
1764 1929 1817 1954 vici.
1831 1938 1856 1954 n.
1870 1938 1908 1962 14.
1946 1930 1985 1955 Ad
2007 1916 2151 1965 Liquidiim
2166 1931 2300 1965 explorata
2320 1930 2389 1956 verit
2408 1930 2426 1946 “-

275 1967 384 1993 viffimis
393 1966 560 2000 ignominiis,
569 1963 794 1997 monimentisque
803 1962 881 1988 huius
889 1962 1002 1993 ordinis,
1010 1962 1041 1987 ad
1052 1961 1210 1995 posteritatis
1224 1970 1325 1986 memo·
1379 1961 1439 1986 Liu.
1455 1969 1492 1991 35,
1502 1969 1523 1991 5.
1561 1962 1692 1993 Qiinffil.
1709 1971 1735 1995 9,
1752 1972 1769 1996 1,
1784 1972 1814 1997 23
1834 1965 1922 1997 Qiem
1936 1964 2038 1991 duobus
2052 1966 2084 1992 ab
2098 1975 2129 1992 eo
2144 1966 2220 1992 libris
2235 1966 2374 1992 trac'tatum
2386 1965 2395 1992 l
2441 1974 2450 1995 ὲ.

275 2004 344 2030 riam
357 2003 414 2028 sunt
422 2001 545 2027 notanda.
575 2003 604 2027 Et
613 1999 726 2038 Philipp.
743 2007 782 2031 14,
793 2007 823 2030 39
840 1999 874 2024 Vt
881 2004 950 2024 extet
958 1997 989 2023 ad
998 1995 1324 2036 memoriamposteritatis
1379 2003 1454 2024 cum,
1476 1994 1508 2018 ad
1519 1994 1639 2019 Literam
1653 1998 1762 2023 subieci.
1801 2001 1850 2025 Pro
1870 2010 1915 2034 qno
1931 2002 2004 2027 vuloo
2019 2001 2104 2027 dicunt
2124 2003 2154 2027 In
2162 2002 2259 2034 fornia,
2273 2003 2312 2028 uel
2324 2003 2362 2028 ve
2416 2011 2420 2016 .

274 2039 468 2073 sempiternam.
490 2039 520 2063 Et
528 2045 577 2071 pro
587 2036 711 2062 L.Manil.
722 2043 730 2060 1
740 2035 825 2072 Locus
832 2033 863 2059 ad
872 2033 1001 2066 agendum
1010 2030 1228 2066 amplissimus,ad
1236 2030 1323 2057 dicen-
1377 2035 1460 2055 tenus.
1490 2027 1539 2066 ‘Ad
1550 2028 1663 2069 *Manum
1676 2030 1728 2060 est,
1750 2032 1822 2063 quod
1838 2034 1898 2057 satis
1911 2035 1946 2058 est
1961 2025 2018 2061 8211.
2034 2046 2072 2070 ep,
2087 2046 2114 2070 4·
2133 2040 2151 2063 i·
2165 2041 2192 2064 in
2201 2045 2317 2073 promtu,
2337 2044 2366 2063 vt
2411 2035 2413 2039 ·
2442 2005 2451 2060 i

276 2073 529 2101 dumornatifflmus.
634 2072 654 2108 “j
672 2079 696 2101 13
718 2068 1325 2105 IncchfgnandisJernorum‚liberem-omanorum·
1379 2068 1426 2090 tim
1442 2064 1514 2098 aclstt.
1537 2064 1602 2089 hum
1616 2063 1647 2090 ad
1663 2064 1773 2090 Manum
1786 2064 1880 2091 habuit
1888 2067 1988 2092 scribae
1999 2069 2059 2094 loco
2081 2072 2148 2104 Nep,
2167 2078 2202 2104 18,
2218 2082 2238 2105 ι,
2251 2081 2264 2106 3
2283 2076 2300 2099 j,
2316 2079 2380 2108 prae
2400 2079 2421 2102 ο,

275 2120 319 2147 que
330 2108 479 2142 'minfflcriis
487 2110 593 2143 ponitur
606 2107 730 2133 interdum
746 2113 773 2131 ..c
787 2108 808 2131 A
823 2106 862 2130 ml
876 2104 925 2133 Ab,
941 2104 969 2130 de
983 2113 1028 2139 quo
1042 2104 1065 2129 h.
1080 2112 1105 2129 v.
1121 2112 1144 2127 n.
1159 2111 1200 2135 34.
1238 2103 1278 2128 Sic
1291 2101 1323 2127 ad
1338 2101 1464 2136 55fic‘1m1.
1498 2135 1502 2136 .
1524 2099 1564 2125 Ad
1582 2108 1687 2136 manum
1708 2106 1811 2126 cantare
1819 2099 2002 2133 histrionibus,
2016 2112 2116 2137 quorum
2130 2113 2213 2138 nempe
2227 2110 2334 2132 maxima
2348 2110 2389 2132 vi,-
2400 2111 2423 2132 η

276 2147 409 2173 Alimenta
418 2144 588 2174 Confflfflrio,
614 2144 666 2169 pls·
681 2144 778 2176 IQPAEP,
793 2142 877 2167 Marc.
885 2141 978 2166 Donat.
988 2138 1021 2165 ad
1033 2139 1139 2164 Sueton.
1154 2138 1220 2171 Aug.
1236 2147 1258 2163 c.
1280 2140 1324 2171 67.
1379 2142 1458 2161 motus
1472 2138 1499 2161 in
1512 2136 1623 2173 manibus
1659 2135 1717 2161 Liu.
1734 2143 1760 2169 7,
1783 2144 1804 2161 2.
1825 2135 1878 2161 vid.
1889 2137 1994 2162 Gronoo.
2011 2137 2078 2173 conf.
2096 2138 2205 2172 Interpp.
2225 2139 2423 2172 Petron.p.669

275 2182 306 2209 ad
322 2184 468 2216 Argentum
484 2186 537 2215 pot.
559 2180 588 2205 L.
604 2179 732 2209 Caesaris,
753 2178 829 2203 Grut.
845 2185 869 2211 p.
888 2181 941 2208 582,
955 2177 979 2201 6.
1034 2174 1092 2201 lvd.
1114 2175 1204 2199 Gorius
1223 2172 1256 2199 ad
1269 2174 1324 2198 Mo-
1380 2173 1466 2198 Burm.
1523 2171 1569 2198 Sed
1587 2170 1655 2197 aliud
1669 2169 1702 2204 <st
1717 2171 1772 2197 Cic.
1788 2172 1863 2197 Verr.
1879 2180 1901 2205 5,
1916 2192 1922 2198 .
1940 2192 1945 2197 .
1971 2172 2168 2207 Nonnunquam
2186 2173 2266 2199 etiam
2287 2182 2316 2199 ea
2334 2181 2375 2200 res
2387 2172 2421 2199 ad

274 2228 340 2244 num.
352 2219 376 2253 j.
393 2217 572 2243 columbarium
588 2217 673 2241 Liuiae
685 2217 752 2250 Aug.
763 2221 791 2248 p.
807 2221 857 2245 191.
879 2211 919 2237 Ad
934 2210 1059 2243 Cyathos,
1078 2211 1195 2244 Propert.
1218 2218 1245 2242 4,
1261 2213 1284 2241 8,
1293 2215 1325 2242 37
1381 2216 1473 2234 manus
1481 2213 1560 2241 atque
1574 2206 1606 2233 ad
1619 2216 1730 2241 pugnam
1739 2207 1869 2234 veniebat.
1923 2208 2008 2234 Aliter
2021 2211 2093 2234 etiam
2107 2209 2255 2241 Vitruuius,
2276 2208 2335 2235 Alia
2348 2209 2420 2234 enim

276 2253 423 2288 Lygdamus
444 2252 476 2279 ad
498 2251 623 2284 Cyathos.
666 2251 772 2276 Sueton.
794 2249 867 2275 Caes.
881 2256 917 2281 49
944 2248 973 2273 C.
988 2246 1131 2272 Memmius
1146 2245 1277 2276 (Caesari)
1293 2243 1326 2270 ad
1381 2242 1412 2270 ad
1425 2244 1534 2270 Manum
1552 2243 1646 2277 species
1660 2243 1707 2269 else
1721 2243 1843 2275 videtur,
1864 2243 1915 2269 alia
1929 2243 1956 2269 in
1976 2243 2075 2270 excelso
2112 2244 2177 2271 Plin.
2191 2253 2226 2276 31,
2241 2253 2269 2270 10
2290 2244 2319 2270 de
2327 2244 2419 2279 Apelle.
2459 2267 2462 2272 .

276 2289 400 2322 cyathum
420 2295 445 2314 et
465 2288 559 2314 vinum
581 2285 727 2314 Nicomedi
747 2284 850 2316 stetisse,
869 2283 976 2309 obiecit.
1036 2281 1105 2308 Add.
1121 2282 1212 2307 quen.
1229 2289 1264 2313 13,
1278 2288 1324 2314 44.
1335 2284 1370 2309 60
1381 2280 1470 2305 Vnum
1485 2279 1587 2305 imitari
1599 2287 1676 2305 nemo
1690 2279 1777 2313 potuit
1787 2299 1795 2311 ,
1821 2279 1892 2313 quod
1905 2278 2023 2306 absoluta
2036 2288 2115 2314 opera
2128 2287 2273 2306 atramento
2287 2279 2420 2306 illiniebat

275 2325 406 2356 Imagines
421 2325 486 2350 Gor.
501 2333 524 2357 p.
538 2328 585 2355 158.
623 2322 663 2347 Ad
684 2321 816 2347 Lthicam
831 2319 952 2346 homines
971 2317 1067 2344 Catull.
1087 2326 1124 2349 10,
1140 2319 1175 2343 16.
1218 2316 1259 2342 Ad
1281 2315 1326 2341 Li-
1381 2316 1417 2341 ita
1434 2315 1523 2347 tenui,
1545 2321 1573 2340 vt
1589 2314 1700 2349 idipsum
1715 2316 1860 2349 repercussu
1872 2314 2001 2341 claritates
2012 2315 2132 2342 colorum
2146 2316 2287 2348 excitaret,
2308 2314 2420 2342 custodi-

276 2352 358 2392 ιιιιιιῖι,
378 2360 481 2395 θυρωρὸς
489 2361 520 2385 V.
542 2358 622 2384 Gloss'.
655 2358 723 2392 ‚Quin
738 2357 812 2390 Virg.
827 2357 891 2381 Aen.
908 2364 934 2387 9,
949 2357 1000 2387 648
1025 2353 1158 2388 Fidusque
1178 2352 1210 2378 ad
1219 2352 1326 2378 Limina
1379 2358 1473 2386 retque
1492 2359 1506 2377 a
1529 2350 1635 2385 puluere
1647 2358 1672 2376 et
1686 2350 1820 2377 sordibus:
1847 2350 1878 2377 ad
1892 2351 2000 2377 Manum
2016 2351 2129 2378 intuenti
2149 2351 2254 2378 demum
2275 2356 2420 2386 appareret.
2450 2369 2451 2373 ,

276 2397 370 2429 custos,
392 2397 434 2422 ubi
445 2388 550 2421 Seruius
559 2393 901 2427 Aedituuminterpretatur.
940 2391 980 2416 Ad
989 2391 1098 2416 Manum
1107 2391 1179 2415 (irat.
1189 2397 1213 2422 p.
1223 2394 1280 2421 584,
1299 2396 1326 2413 ἰ.
1384 2389 1469 2424 Igitur
1477 2386 1509 2413 ad
1517 2387 1625 2413 Manum
1639 2385 1672 2419 est
1686 2389 1713 2412 in
1725 2389 1846 2421 proximo,
1860 2387 2038 2413 iit-Cominus.
2075 2387 2116 2413 Ad
2130 2391 2235 2413 manum
2249 2388 2339 2413 seruus
2366 2385 2419 2413 vid.

277 2432 318 2466 1:st
334 2440 356 2458 ct
369 2432 413 2458 hoc
426 2434 564 2467 antiquum.
623 2429 679 2455 Cic.
696 2428 727 2454 de
741 2429 814 2455 Orat.
835 2436 858 2459 3,
873 2434 921 2457 225
933 2435 954 2452 c.
971 2429 1005 2452 60
1037 2425 1118 2459 Qiod
1144 2433 1217 2459 potes
1232 2423 1326 2450 audire
1379 2432 1404 2449 n.
1421 2432 1458 2456 14.
1503 2422 1543 2449 Ad
1557 2423 1667 2449 Matrem
1682 2422 1794 2457 pendent
1816 2423 1873 2457 pira
1892 2422 1957 2448 Plin.
1974 2431 2008 2456 ις,
2023 2431 2047 2455 ις
2073 2427 2099 2449 in
2114 2423 2161 2459 Jiaa
2174 2424 2267 2449 arbore.
2304 2422 2345 2449 Ad
2360 2423 2425 2449 Mo·-

276 2477 308 2494 ex
322 2468 426 2499 Licino,
445 2467 539 2493 cliente
555 2473 611 2497 tuo,
627 2465 733 2490 literato
748 2464 867 2495 homine,
888 2471 967 2497 quem
980 2463 1085 2488 seruum
1100 2460 1149 2487 fibi
1169 2460 1213 2486 ille
1233 2459 1328 2486 habuit
1338 2463 1369 2496 65
1380 2468 1437 2485 rem
1452 2458 1589 2485 affionum
1606 2458 1707 2493 aliquid
1725 2458 1846 2493 persequi
1866 2458 1973 2491 Quinc't.
1991 2468 2019 2492 4,
2033 2467 2042 2485 1
2078 2459 2146 2485 Adii.
2162 2468 2184 2491 3,
2198 2467 2217 2491 ι,
2231 2464 2264 2489 18.
2302 2458 2368 2485 Plin.
2386 2465 2421 2492 ις,

276 2504 309 2530 ad
324 2511 439 2529 manum.
477 2502 517 2528 Ad
531 2500 692 2528 Poss‘essiones
706 2502 764 2526 Gor.
774 2507 802 2535 p.
821 2501 959 2530 162et189.
998 2497 1037 2524 Ad
1051 2499 1163 2524 Remum
1174 2496 1243 2522 serui
1257 2499 1274 2522 ι’.
1290 2505 1326 2521 re-
1381 2500 1409 2525 28
1434 2495 1533 2521 Vinum
1549 2494 1623 2520 dulce
1637 2494 1689 2520 fine
1701 2494 1797 2524 odore,
1829 2501 1906 2520 tenue
1921 2494 2066 2521 odoratius.
2104 2495 2244 2529 Multoque
2258 2494 2368 2520 celerius
2382 2500 2419 2520 ta-

277 2542 354 2575 migcs
371 2538 431 2564 Liu.
447 2546 495 2571 34,
515 2540 540 2563 6.
577 2537 617 2562 Aa
630 2537 791 2570 Responsum
807 2538 824 2561 i.
840 2534 1032 2569 Apocrifiarius
1053 2533 1111 2559 lfid.
1126 2532 1236 2559 Nouell.
1257 2540 1298 2565 25,
1315 2540 1324 2557 1
1379 2531 1416 2557 lia
1425 2531 1456 2557 ad
1465 2531 1565 2557 Nasum
1573 2530 1691 2561 veniunt,
1706 2537 1784 2563 quam
1799 2529 1918 2564 pinguia,
1953 2533 1970 2556 i.
1992 2533 2073 2556 Nares
2081 2531 2193 2566 Jrriunt.
2211 2530 2250 2556 Ad
2264 2530 2419 2556 Nomenre-
2448 2538 2449 2546 ¹

277 2583 342 2601 extr.
353 2575 381 2600 L.
393 2579 416 2603 18
426 2574 455 2600 C.
472 2573 503 2598 de
515 2581 542 2598 re
551 2572 608 2597 mil.
624 2571 664 2607 §.1
679 2580 701 2598 et
715 2581 740 2598 2.
779 2573 810 2598 It.
826 2571 918 2605 L.7C.
934 2569 965 2596 de
973 2569 1097 2596 Palatinis
1109 2569 1171 2595 sacr.
1181 2569 1245 2602 larg.
1285 2567 1326 2593 Ad
1380 2567 1507 2602 spondent
1527 2569 1553 2592 in
1568 2564 1658 2592 ‹ieleffit
1672 2565 1796 2598 hamalo,
1823 2569 1865 2601 qm·
1883 2573 1995 2592 effantur
2017 2566 2075 2591 Liu.
2097 2574 2123 2600 7,
2139 2575 2164 2598 4.
2202 2566 2258 2591 Cic.
2274 2566 2328 2591 Att.
2342 2573 2370 2598 5,
2391 2573 2420 2591 21.

276 2609 521 2641 Valetudinarium,
537 2609 595 2634 Gor.
609 2616 633 2641 p.
651 2615 706 2639 124.
745 2607 785 2632 Ad
801 2608 941 2638 Venerem,
959 2609 977 2632 i.
990 2613 1037 2631 tem
1055 2607 1103 2631 lum
1126 2606 1244 2631 Veneris:
1270 2613 1325 2630 con·
1375 2607 1422 2639 jub
1430 2606 1480 2639 jin.
1497 2601 1619 2634 Alliclunt,
1639 2599 1784 2627 subducunt
1801 2602 1979 2633 (rationem),
1996 2601 2028 2627 ad
2043 2601 2190 2627 Nummum
2200 2601 2332 2627 conuenit.
2351 2600 2419 2627 Ter.

272 2647 330 2683 fert
346 2648 438 2672 Gorius
451 2654 474 2680 p.
491 2646 539 2677 146
562 2643 749 2678 insci-iprioncm
769 2643 841 2668 Grut.
856 2652 879 2676 p.
896 2651 953 2674 320,
967 2647 979 2672 8
1008 2644 1039 2672 A,
1062 2640 1210 2675 Templum
1225 2641 1326 2666 Romae
1335 2648 1371 2675 70
1382 2638 1455 2665 Adel.
1472 2646 1494 2671 5,
1508 2647 1530 2670 3,
1544 2639 1581 2670 46
1600 2636 1638 2664 Ad
1650 2637 1740 2663 omnia
1760 2637 1812 2663 alia
1826 2643 1909 2663 aetate
1926 2638 2038 2671 sapimus
2054 2636 2168 2669 metius,
2195 2640 2212 2662 i.
2228 2640 2255 2662 in
2267 2638 2336 2663 aliis.
2379 2635 2419 2662 Ad

278 2688 303 2708 et
319 2681 458 2715 Augustor.
480 2680 522 2706 vbi
534 2677 798 2714 tamenclesacemlotc,
818 2677 912 2703 homine
931 2680 1035 2713 ingenuo
1047 2677 1129 2713 firmo
1152 2675 1194 2710 effe
1215 2676 1325 2711 videtur.
1380 2673 1472 2700 omnia
1503 2673 1621 2699 Scribon.
1642 2670 1696 2699 201.
1726 2681 1774 2707 pro
1788 2673 1893 2699 ratione
1906 2673 2041 2699 omnium:
2069 2673 2179 2707 Acetum
2192 2672 2315 2699 intritum
2330 2672 2420 2698 consu·-

279 2717 320 2744 Ad
333 2717 431 2743 vellem
453 2717 526 2742 Grut.
541 2722 564 2740 et
579 2715 638 2740 Gor.
660 2722 684 2748 p.
701 2721 755 2739 120.
776 2712 816 2738 Ad
836 2719 967 2746 vnguenta
988 2714 1045 2738 Gor.
1062 2722 1086 2747 p.
1101 2720 1152 2747 127.
1261 2711 1281 2748 ᾖ
1296 2719 1327 2743 14
1380 2716 1468 2736 matur
1481 2709 1513 2735 ad
1527 2709 1632 2742 onmia,
1657 2717 1723 2743 quae
1737 2709 1789 2735 teri
1812 2708 1932 2736 debeant.
1974 2708 2015 2734 Ad
2035 2707 2111 2743 pedes
2125 2707 2244 2740 desilire,
2264 2707 2295 2741 {sl
2312 2709 2350 2734 Dr
2363 2715 2420 2744 equo

279 2753 330 2786 Ad,
351 2762 404 2778 cum
413 2749 459 2786 ]ἷιο
472 2750 610 2786 accusatiuo
624 2752 723 2775 interim
735 2755 781 2784 pro
796 2748 880 2774 datiuo
884 2751 988 2783 ponitur
1014 2748 1096 2774 Plaut.
1111 2749 1185 2782 Capt.
1203 2755 1224 2780 1,
1244 2755 1273 2779 4,
1294 2754 1327 2772 22.
1381 2745 1410 2771 de
1423 2744 1530 2771 cenclere.
1568 2745 1637 2772 Caes.
1651 2744 1677 2771 B.
1693 2745 1724 2771 G.
1739 2754 1767 2778 4,
1782 2753 1816 2775 12,
1831 2754 1851 2771 2.
1894 2744 1934 2771 Ad
1948 2744 2095 2779 perfeetum
2109 2744 2220 2770 Hieron.
2234 2744 2291 2770 adu.
2312 2742 2422 2778 reug-i

278 2789 319 2816 Ad
333 2787 483 2815 carnificem
497 2792 522 2812 te
535 2785 614 2811 dabo.
658 2786 734 2810 Varr.
754 2783 786 2809 de
804 2784 835 2821 R.
858 2784 888 2814 R.
910 2792 929 2815 1,
943 2791 989 2816 40,
1011 2791 1020 2808 ι
1049 2783 1117 2809 Illud
1133 2781 1206 2817 quod
1219 2787 1327 2818 apparet
1413 2789 1465 2807 om.
1483 2790 1495 2813 3
1514 2782 1582 2816 Opp.
1601 2781 1620 2807 f.
1643 2789 1676 2814 29
1699 2783 1716 2806 i.
1729 2779 1852 2817 perfecie.
1888 2780 1957 2807 Adii.
1973 2779 2108 2814 Augustin.
2124 2779 2155 2806 de
2163 2780 2285 2806 CiuDei
2304 2788 2333 2806 {2-
2353 2776 2418 2806 Plir‘u

279 2825 311 2852 ad
324 2823 463 2859 agricolas,
484 2821 512 2848 id
527 2819 671 2847 videndum
687 2819 836 2853 diligenter.
875 2818 1035 2852 Distinxerat
1053 2818 1122 2844 modo
1137 2820 1233 2853 semen,
1247 2821 1274 2844 in
1296 2818 1325 2844 il·
1339 2823 1371 2851 73
1381 2825 1421 2849 22,
1436 2825 1468 2843 22
1506 2818 1684 2844 Iumentorum
1698 2825 1806 2851 quoque
1827 2817 1914 2843 vlcera
1929 2826 1956 2843 ac
1972 2816 2102 2848 scabiem,
2123 2815 2198 2842 radix
2213 2815 2297 2848 illita,
2317 2821 2363 2842 aut
2375 2814 2424 2842 de·-

279 2860 335 2891 lud,
351 2858 423 2894 quod
438 2858 501 2884 latet
516 2856 635 2883 nostrum
649 2856 766 2888 sensum,
786 2862 809 2880 et
823 2854 859 2885 id,
881 2854 946 2890 quod
957 2860 1086 2889 apertum.
1143 2853 1211 2880 ibid.
1227 2862 1281 2887 cap.
1299 2858 1327 2886 38
1381 2852 1472 2879 coetae
1486 2854 1573 2879 succus
1587 2852 1707 2888 adpilum
1719 2852 1835 2885 reducit,
1859 2855 1877 2878 i.
1888 2852 1971 2889 facit,
1984 2860 2013 2878 vt
2025 2853 2078 2887 pilo
2092 2854 2180 2878 iterum
2200 2851 2358 2878 obducantur.
2378 2848 2417 2878 ss
2437 2858 2451 2870 ¹⁴

279 2895 361 2929 Q1od
372 2904 426 2921 non
442 2894 526 2920 solum
540 2892 572 2919 ad
586 2901 676 2926 agrum
697 2891 777 2922 vtile,
797 2890 840 2916 sed
852 2891 931 2917 etiam
944 2890 975 2916 ad
997 2889 1095 2916 cibum.
1132 2889 1201 2916 Ter.
1220 2888 1326 2915 Phorm.
1381 2888 1504 2924 plenum,
1525 2892 1541 2914 i.
1564 2888 1679 2916 Perstete
1701 2889 1793 2915 Ascon.
1808 2889 1837 2914 in
1845 2888 1937 2914 Diuin.
1959 2889 2052 2914 Horat.
2073 2887 2123 2914 Od.
2141 2896 2160 2920 1,
2177 2895 2220 2922 17,
2236 2896 2264 2921 14
2300 2887 2352 2914 Hic
2365 2884 2418 2914 tibi
2437 2891 2440 2903 ¹

279 2943 308 2967 4,
322 2941 344 2963 3,
359 2936 391 2964 48
414 2930 454 2956 Ad
471 2929 553 2956 ditem
569 2928 646 2954 datur
658 2936 687 2953 ea
704 2927 731 2953 in
751 2926 920 2958 seruitutem,
936 2933 1001 2961 pro,
1021 2925 1107 2951 Diviti
1122 2924 1207 2951 datur.
1250 2924 1325 2959 Virg.
1381 2924 1457 2958 copia
1466 2925 1584 2951 manabit
1592 2924 1624 2952 ad
1636 2924 1748 2960 plenum.
1785 2925 1825 2952 Sic
1837 2927 1910 2950 etiam
1918 2924 1992 2959 Virg.
2009 2924 2146 2958 Georg.2‚
2160 2932 2222 2956 244.
2259 2924 2350 2957 Veget.
2357 2919 2417 2957 3531*

280 2969 344 2996 Aen.
362 2976 405 3000 12,
430 2973 478 3000 372
513 2964 621 2991 Obiecit
629 2964 681 2990 sese
691 2962 723 2989 ad
743 2971 850 2989 currum
868 2962 912 2988 vbi
940 2961 1061 2994 Seruius,
1085 2960 1124 2987 Ad
1138 2969 1255 2993 currum,
1278 2968 1328 2994 pro
1381 2961 1493 2986 Hieron.
1515 2961 1568 2987 Vit.
1590 2960 1720 2988 Hilarion.
1778 2960 1817 2986 Ad
1839 2960 1950 2993 Pyrum,
1978 2961 2072 2986 Nomen
2087 2962 2198 2996 regionis
2210 2958 2309 2994 quidam
2318 2955 2418 2994 puto&
2442 2986 2445 2994 1

280 3003 380 3030 Currui
402 3003 427 3028 se
446 3000 555 3028 obiecit.
594 3001 650 3025 Huc
674 3001 746 3024 etiam
760 2998 867 3034 reseram
882 2997 943 3024 illud
962 2997 1031 3023 Ter.
1047 2996 1129 3022 Andr.
1146 3005 1165 3028 1,
1186 3005 1206 3029 1,
1222 3005 1255 3022 111
1269 2996 1326 3022 Nec
1338 3001 1369 3026 80
1378 2999 1405 3022 in
1420 3008 1427 3022 ι
1437 3006 1466 3022 oa
1480 2996 1607 3023 habitabat
1620 2997 1758 3024 Martialis.
1817 2997 1963 3032 Frequenter
1980 2999 2043 3021 enim
2057 2995 2156 3022 arbores
2170 2997 2269 3021 nomina
2281 2991 2455 3031 regioniffi*n1

281 3040 340 3065 satis
356 3038 388 3064 ad
407 3035 603 3072 obiurgandum
629 3034 726 3060 causae.
766 3036 796 3060 Ει
815 3036 895 3070 magis
909 3032 970 3058 illud
984 3033 1040 3059 Cic.
1060 3041 1109 3067 pro
1128 3032 1190 3058 Sull.
1204 3040 1234 3064 23
1256 3032 1326 3058 Con·
1380 3006 1487 3058 dablam:
1507 3041 1550 3065 ω,
1573 3033 1611 3059 Ad
1625 3033 1731 3068 pinum,
1749 3031 1814 3068 quod
1826 3030 1859 3065 ist
1878 3031 1944 3067 apud
1957 3032 2086 3058 Senecam.
2117 3030 2155 3057 Ad
2168 3031 2267 3057 malum
2285 3025 2417 3065 punicum,
2438 3039 2441 3051 a

281 3074 389 3100 tumelia
402 3073 433 3100 ad
447 3073 589 3099 maximam
610 3076 710 3106 partem
725 3070 826 3096 ciuium
840 3069 973 3096 conuenit.
1124 3066 1144 3105 fl
1166 3075 1190 3100 15
1211 3068 1329 3103 Reliquas
1379 3067 1444 3104 quod
1463 3065 1495 3100 qli
1516 3068 1582 3103 apud
1605 3070 1734 3105 Tranquil.
1762 3068 1862 3102 sipont.
1878 3074 1903 3094 et
1916 3067 2016 3094 Domit.
2031 3066 2133 3094 Calder.
2160 3066 2194 3092 ad
2206 3065 2322 3093 Martial.
2335 3063 2381 3093 lib.
2394 3063 2418 3101 ἱ,
2442 3088 2445 3096 .

275 3109 404 3146 formulas
416 3109 503 3136 ordine
513 3109 655 3134 elementari
666 3106 844 3141 perfiquemur.
880 3107 956 3131 Varr.
973 3104 1003 3130 R.
1018 3104 1050 3130 R.
1066 3112 1084 3135 1,
1097 3111 1119 3135 2,
1136 3108 1148 3133 8
1185 3104 1275 3129 Mente
1291 3103 1328 3130 est
1382 3109 1418 3134 ¹¹8
1455 3104 1575 3138 Longmu
1598 3105 1633 3131 est
1648 3103 1666 3131 fi
1680 3103 1743 3130 velit
1762 3104 1794 3130 ad
1814 3104 1906 3136 Pyram
1922 3104 2022 3130 venire.
2067 3102 2105 3129 Ad
2121 3102 2229 3129 Planum
2242 3101 2363 3129 reducere
2380 3098 2417 3126 ἀὲ
2442 3120 2443 3130 1

281 3150 369 3178 captus
379 3164 387 3175 ,
405 3149 483 3179 atque
499 3143 531 3171 ad
545 3148 652 3178 agnatos
664 3147 689 3168 et
704 3141 813 3176 gentiles
823 3140 996 3167 deducendus.
1036 3141 1127 3174 Nempe
1140 3148 1167 3165 cx
1176 3140 1235 3175 lege,
1254 3149 1326 3175 quam
1379 3139 1487 3166 catrices
1508 3139 1573 3166 Plin.
1588 3149 1628 3173 20,
1641 3149 1666 3175 9.
1722 3139 1761 3166 Ad
1775 3139 1920 3166 Polituram
1935 3140 2030 3166 sarcire
2049 3138 2114 3165 Plin.
2130 3148 2166 3171 ιι,
2180 3147 2223 3172 24.
2265 3138 2305 3164 Ad
2318 3135 2414 3172 portio?
2435 3138 2444 3170 ΰ,

281 3179 373 3216 refert.
393 3179 449 3205 Cic.
465 3180 496 3205 de
510 3181 612 3206 Inuent.
625 3187 647 3211 2,
662 3183 704 3210 148
732 3177 758 3204 Si
766 3176 881 3203 furiosus
896 3176 942 3208 est,
963 3181 1119 3210 agnatorum
1134 3175 1327 3209 gentiliumque
1340 3181 1368 3210 85
1380 3184 1457 3208 netu,
1480 3178 1497 3201 i.
1513 3176 1645 3208 Portione,
1661 3175 1706 3213 stu
1719 3176 1768 3202 Pro
1788 3177 1920 3210 portione.
1951 3175 2016 3201 Plin.
2033 3177 2076 3207 16,
2093 3184 2120 3208 41
2145 3181 2168 3200 et
2187 3173 2248 3200 alibi
2261 3173 2342 3209 saepe.
2374 3168 2416 3198 Ad
2434 3172 2443 3202 i

284 3216 312 3242 in
330 3224 363 3241 eo
380 3215 539 3249 pecuniaque
560 3215 616 3241 eius
629 3213 740 3248 potestas
758 3213 821 3239 esto.
872 3212 940 3238 Add.
956 3211 972 3238 l.
988 3220 1000 3244 3
1028 3210 1088 3237 inst.
1103 3210 1136 3237 de
1151 3210 1326 3237 curatoribus.
1381 3212 1502 3238 Praesens
1522 3217 1622 3247 tempus
1641 3211 1730 3238 lustin.
1754 3219 1774 3243 1,
1789 3220 1811 3244 5,
1827 3219 1852 3246 7.
1909 3212 1938 3237 Et
1952 3218 1998 3246 per
2013 3212 2107 3246 ellipsin
2130 3210 2195 3236 Plin.
2211 3215 2240 3242 8,
2255 3217 2288 3235 22
2309 3209 2414 3234 Vocemr
2434 3214 2441 3232 Ι
2466 3219 2470 3222 ·

285 3250 324 3278 Ad
345 3257 455 3277 aetatem
475 3250 599 3284 cuiusque
620 3249 739 3276 Scribon.
754 3249 848 3283 Comp.
870 3253 907 3281 83.
944 3247 985 3274 Ad
1003 3253 1114 3273 aetatem
1129 3247 1194 3272 eius.
1231 3246 1269 3273 Id.
1290 3255 1326 3279 91.
1380 3255 1432 3281 que
1446 3246 1568 3280 homini,
1591 3256 1669 3283 quem
1687 3247 1788 3282 priores
1802 3246 2028 3282 contemplantur,
2054 3246 2170 3272 adimere
2183 3244 2216 3271 ad
2237 3239 2443 3305 praesenfigf
2464 3252 2468 3258 ·

289 3286 348 3314 Vid.
361 3296 386 3312 τι.
401 3293 427 3320 7.
464 3285 504 3312 Ad
517 3285 632 3311 amuffim
665 3285 722 3312 Vid.
738 3292 821 3312 AMV
831 3292 843 3311 s
853 3291 866 3310 s
876 3291 910 3311 ις.
951 3285 1000 3309 Hic
1014 3282 1082 3309 modo
1099 3289 1226 3314 notamus,
1249 3284 1327 3309 Iocum
1383 3284 1442 3309 Non
1456 3285 1482 3308 in
1493 3289 1651 3323 perpetuum,
1670 3282 1718 3320 sed
1730 3283 1852 3309 duntaxat
1866 3282 1900 3309 ad
1912 3283 1974 3308 illud
1983 3290 2098 3318 praesenr
2115 3287 2216 3316 tempus.
2253 3281 2375 3315 Loquitui·
2410 3312 2413 3314 -
2434 3290 2440 3303 ·

283 3323 352 3350 Ter.
368 3323 432 3348 Hec.
447 3331 464 3353 1,
478 3329 500 3353 2,
509 3326 537 3350 88
580 3330 629 3347 uem
649 3330 677 3347 ex
692 3322 796 3357 vulgata
815 3317 917 3346 lechone
932 3318 1018 3345 damus
1037 3328 1062 3344 n.
1076 3326 1093 3353 7
1125 3321 1163 3344 ita
1176 3317 1300 3344 emendari
1313 3327 1329 3344 a
1379 3319 1454 3353 lupis.
1481 3319 1608 3346 Occidiffe
1628 3319 1660 3346 ad
1672 3319 1788 3354 praesens
1806 3319 1924 3345 contenti
1938 3319 2002 3345 Pliu.
2018 3327 2051 3352 9,
2068 3323 2091 3347 8.
2127 3317 2167 3343 Sic
2180 3318 2253 3342 etiam
2267 3315 2335 3342 Suet.
2348 3311 2413 3346 Tib.
2434 3315 2442 3354 2

283 3360 409 3388 Bentian,
433 3356 472 3384 Ad
486 3365 546 3383 amu
567 3365 602 3384 1n1
619 3356 756 3383 ambarum
771 3364 857 3382 mores
870 3364 961 3382 earum
975 3354 1142 3380 existumans.
1180 3354 1235 3380 Cic.
1250 3355 1326 3380 Verr.
1336 3361 1372 3387 90
1380 3363 1401 3380 c.
1418 3355 1436 3380 6
1448 3360 1514 3381 extr.
1551 3355 1642 3382 Tacit.
1662 3356 1728 3382 Ann.
1743 3362 1778 3387 13,
1791 3362 1823 3381 22
1837 3360 1903 3380 extr.
1925 3354 2029 3381 Plautus
2041 3353 2073 3380 ad
2088 3351 2205 3386 praesens
2218 3350 2322 3377 iilentio
2336 3347 2414 3382 trdffl
2432 3358 2441 3380 ¹.

284 3403 313 3427 4,
328 3401 365 3428 117
385 3392 413 3419 de
429 3392 603 3428 Syracusarum
619 3392 690 3422 vrbe,
712 3393 781 3419 Nam
792 3398 817 3419 et
831 3391 878 3418 situ
891 3391 926 3418 est
939 3399 998 3416 cuiu
1006 3390 1121 3422 munito,
1142 3395 1198 3416 tum
1206 3398 1236 3415 ex
1251 3390 1327 3416 omni
1381 3389 1468 3416 mimis
1488 3390 1532 3416 est.
1588 3390 1656 3418 Add.
1666 3390 1703 3417 1d.
1716 3398 1743 3423 3,
1758 3392 1789 3422 6,
1814 3398 1830 3417 2
1858 3413 1860 3416 .
1874 3390 1915 3417 Ad
1928 3391 2024 3417 Purum
2040 3387 2152 3414 Hieron.
2169 3387 2222 3422 Vit.
2244 3384 2413 3417 Hilarium-11·
2438 3384 2441 3407 ²

283 3429 373 3462 aditu,
392 3428 433 3455 vel
447 3434 539 3460 terra,-
555 3427 596 3454 vel
616 3427 684 3453 mari
704 3428 837 3462 praeclaro
855 3426 887 3454 ad
908 3425 1048 3461 aspectum.
1085 3425 1126 3452 Ad
1139 3426 1214 3451 ass'em
1227 3426 1326 3460 impen·
1398 3434 1448 3452 ure.
1470 3426 1526 3452 Cic.
1536 3427 1588 3454 Att.
1603 3436 1632 3461 4,
1649 3434 1670 3460 ις
1691 3425 1764 3460 Qiid
1771 3425 1840 3452 mihi
1852 3425 1902 3453 hoc
1916 3430 2115 3453 monumentum
2129 3422 2265 3457 proderit?
2297 3421 2337 3448 Ad
2350 3401 2413 3456 quid
2438 3417 2441 3455 ζ

285 3464 358 3491 dium
372 3464 472 3491 reddes.
509 3463 574 3490 Plin.
591 3462 668 3497 Epist.
686 3472 703 3495 1,
719 3472 749 3495 15.
770 3464 836 3490 Plin.
851 3472 887 3497 33,
903 3471 914 3496 3
933 3462 961 3488 de
975 3471 1044 3494 auro,
1065 3461 1198 3494 Quinimo
1210 3470 1264 3496 quo
1273 3462 1326 3488 sae·
1375 3433 1530 3488 laboramus
1550 3472 1589 3489 res
1603 3463 1754 3490 Romanas?
1795 3465 1812 3488 i.
1833 3462 1959 3499 quorsum,
1983 3468 2029 3496 quo
2050 3461 2166 3492 conjitio?
2203 3458 2258 3484 Cic.
2275 3457 2306 3484 de
2321 3457 2414 3489 Fato*
2437 3460 2440 3486 ὲ

286 3501 343 3534 pius
356 3500 431 3533 arsit,
450 3499 555 3535 proficit
569 3499 603 3525 ad
616 3499 778 3532 Bonitatem,
803 3503 820 3525 i.
838 3500 878 3526 Fit
892 3499 976 3525 melius
988 3507 1017 3523 ac
1026 3505 1126 3532 purms.
1164 3496 1204 3523 Ad
1225 3503 1327 3524 certum
1379 3498 1478 3524 Ponere
1497 3497 1613 3533 aliquid,
1632 3497 1663 3526 ad
1698 3497 1751 3524 uod
1764 3497 1887 3531 audiam,
1911 3496 1990 3527 volo,
2013 3497 2031 3520 i.
2046 3493 2074 3520 de
2088 3502 2142 3529 quo.
2179 3494 2248 3520 Suet.
2263 3491 2368 3527 August.
2379 3483 2413 3518 ¹⁴6
2438 3499 2439 3502 ’
2455 3496 2458 3506 ’

285 3536 423 3562 censorin.
440 3545 461 3562 c.
477 3544 502 3568 19
523 3538 540 3561 i.
555 3542 629 3561 certo.
671 3534 735 3560 Plin.
753 3543 800 3567 20,
814 3537 840 3561 16
866 3534 898 3561 de
913 3533 1015 3569 cunila,
1035 3531 1244 3559 Concoffionem
1257 3533 1326 3560 mire
1334 3538 1367 3565 93
1379 3533 1483 3568 Viginti
1497 3534 1632 3561 seruorum
1646 3507 1765 3561 millibus
1778 3531 1950 3568 manumiflis,
1960 3536 1995 3563 ,et
2007 3529 2039 3556 ad
2053 3530 2165 3556 Remum
2174 3529 2256 3561 datis,
2276 3527 2328 3555 vid.
2340 3533 2410 3566 tus-4-
2427 3524 2439 3563 γ’

285 3570 410 3603 adiuuat,
431 3571 500 3598 etad
515 3570 597 3598 eibos
609 3569 774 3597 auiditatem.
831 3570 870 3597 Ad
879 3570 978 3597 Cibum
993 3577 1073 3604 purus
1088 3568 1153 3594 Plin.
1163 3576 1203 3600 29,
1218 3577 1237 3601 4
1253 3572 1325 3601 i.1'ta,
1378 3569 1419 3595 Ad
1432 3569 1504 3595 Seras
1521 3570 1622 3605 aliquid
1636 3576 1740 3605 petere,
1759 3573 1778 3596 i.
1793 3570 1830 3596 Ex
1843 3569 1932 3596 serum
1944 3565 2054 3600 regione
2077 3564 2143 3591 Plin.
2158 3573 2174 3591 2
2194 3573 2311 3599 prooem.
2347 3560 2409 3597 cns.

285 3613 314 3632 vt
330 3606 361 3632 ad
368 3606 456 3633 cibum
467 3605 543 3642 poffit
557 3606 679 3633 adhiberi.
732 3605 772 3631 Ad
787 3606 910 3635 Cinerem
924 3604 1056 3633 ambustus
1076 3604 1140 3631 Plin.
1158 3612 1194 3636 10,
1208 3612 1234 3636 33
1257 3607 1275 3631 i.
1295 3611 1325 3631 v:
1377 3613 1427 3639 pro
1442 3605 1556 3638 Qintio
1571 3614 1601 3640 59
1634 3606 1698 3633 Non
1713 3605 1745 3632 ad
1758 3604 1898 3634 solarium,
1928 3610 1982 3627 non
1996 3601 2024 3627 in
2037 3608 2143 3635 campo,
2167 3609 2221 3626 non
2236 3601 2264 3627 in
2281 3594 2417 3637 conuiuii(
2436 3622 2438 3632 ,

284 3644 311 3667 in
325 3644 417 3667 cineres
432 3641 597 3677 redaffiisstt.
635 3641 676 3668 Ad
690 3641 806 3667 Currum
821 3641 908 3668 leones
921 3643 1030 3676 iungere
1039 3661 1046 3673 ,
1071 3639 1113 3667 vel
1125 3647 1207 3674 equos
1227 3639 1292 3666 Plin.
1301 3645 1325 3673 8,
1377 3641 1493 3667 versatus
1507 3641 1542 3667 est
1550 3662 1558 3674 ‚
1577 3645 1594 3668 i.
1608 3651 1623 3668 a
1642 3641 1674 3668 ud
1686 3640 1832 3672 Solarium,
1856 3639 1934 3664 Iocum
1946 3637 2059 3663 celebrem
2072 3643 2095 3662 ee
2101 3640 2258 3672 jrequerztem
2272 3633 2354 3668 otiosis
2371 3630 2410 3660 bo.-
2436 3649 2438 3655 ι

285 3679 313 3703 ι6
349 3676 389 3702 Ad
406 3678 520 3709 cyathos
554 3677 612 3705 Vid.
628 3687 653 3704 n.
670 3685 702 3710 ¹3·
740 3676 780 3703 Ad
794 3677 938 3704 Denarium
958 3677 1059 3704 soluere
1077 3675 1132 3702 Cic.
1146 3683 1194 3710 pro
1214 3675 1324 3710 Qiine't.
1377 3676 1491 3702 minibus.
1539 3677 1597 3704 lfid.
1634 3698 1640 3704 .
1657 3687 1683 3704 υ.
1719 3675 1759 3708 Ad
1771 3672 1866 3702 subtile
1880 3672 1987 3699 Censor.
2001 3681 2022 3698 c.
2037 3679 2076 3705 17,
2092 3674 2110 3697 ι’.
2119 3671 2256 3707 ]ὶιὶιτί1ίιεν.
2292 3669 2331 3696 Ad
2344 3669 2409 3696 fflm‘-
2421 3671 2437 3686 '³

284 3722 306 3739 c.
321 3721 348 3745 4.
369 3712 420 3738 vid.
435 3715 458 3738 h.
473 3723 498 3739 υ.
515 3714 573 3740 Liu.
591 3723 608 3746 1,
623 3721 641 3748 7
662 3712 724 3739 Inde
732 3721 791 3738 curn
800 3711 872 3738 aftae
885 3713 966 3740 boues
980 3711 1107 3748 quaedam
1115 3710 1146 3738 ad
1159 3710 1448 3740 Dcfideriumioomam
1462 3720 1559 3739 rerum.
1601 3713 1676 3740 Alter
1690 3711 1780 3738 omnia
1797 3716 1873 3743 agere
1887 3707 1920 3734 ad
1933 3707 2132 3742 praescriptum,
2156 3707 2221 3733 alter
2233 3705 2265 3733 ad
2278 3705 2407 3732 Summam
2435 3732 2437 3737 ,

283 3754 310 3775 Vt
325 3747 354 3773 fit
374 3747 526 3774 reliciarum
539 3750 675 3783 mugiss‘ent
684 3768 692 3781 ‚
717 3750 734 3774 i.
750 3755 811 3782 prae
824 3748 949 3781 diffido-1⁴0.
1003 3748 1044 3775 Ad
1062 3748 1174 3779 Dextra,
1195 3746 1235 3773 Ad
1248 3747 1323 3774 laeua
1376 3756 1467 3774 rerum
1480 3748 1615 3775 consulere
1629 3748 1707 3775 debet
1719 3745 1790 3773 Caes.
1804 3744 1833 3771 B.
1850 3743 1880 3770 C.
1896 3752 1919 3776 3,
1935 3752 1968 3776 5¹·
1987 3745 2005 3769 i.
2019 3741 2083 3778 quod
2094 3742 2128 3768 ad
2137 3746 2245 3777 primum
2252 3739 2408 3777 potimmum-

281 3783 347 3810 Plin.
364 3785 402 3815 16,
422 3785 452 3815 36
468 3783 485 3809 s.
501 3786 530 3816 65
556 3785 650 3811 Latera
671 3783 797 3811 arundini
818 3783 969 3818 calamoque
990 3784 1018 3810 in
1037 3782 1227 3811 rotunditatem
1247 3782 1320 3815 bina,
1374 3792 1418 3818 que
1425 3783 1525 3819 scopum
1539 3781 1788 3811 conducerevidetur.
1826 3779 1883 3806 Cic.
1898 3778 1951 3806 Off.
1967 3787 1985 3810 1,
2001 3786 2048 3811 149
2068 3786 2089 3803 c.
2106 3787 2133 3811 4¹
2156 3777 2195 3803 Ad
2208 3778 2349 3808 summam,
2374 3775 2408 3799 ss?

281 3820 356 3853 super
370 3817 454 3844 nodos
466 3818 567 3845 alterno
580 3821 680 3855 semper
699 3820 825 3854 inguine,
848 3825 876 3845 vt
889 3819 999 3846 alterum
1014 3819 1046 3846 ad
1060 3818 1149 3846 dextra
1163 3817 1225 3850 fiat,
1257 3817 1318 3844 alte·
1373 3826 1447 3852 agam
1461 3819 1493 3845 de
1511 3819 1626 3854 lingulis,
1657 3821 1676 3845 ι’.
1694 3817 1823 3848 Breuiser,
1846 3821 1876 3840 vt
1892 3816 2026 3849 praecipua
2043 3819 2140 3838 tantum
2153 3811 2307 3848 complet‘hr.
2340 3805 2406 3836 Affl-

279 3863 338 3881 rum
349 3854 378 3880 su
397 3854 484 3880 eriore
497 3854 617 3888 geniculo
631 3856 663 3882 ad
676 3856 751 3882 laeua
765 3864 810 3890 per
825 3855 903 3880 vices.
957 3855 1031 3888 Qud
1045 3855 1077 3882 ad
1092 3855 1234 3886 Dextram,
1253 3853 1319 3889 quid
1373 3855 1427 3880 Att.
1442 3862 1469 3888 7,
1485 3863 1509 3889 7.
1530 3864 1570 3888 10,
1583 3864 1611 3889 4.
1632 3862 1671 3887 14,
1683 3861 1702 3879 1.
1744 3849 1792 3878 Sed
1809 3849 1866 3876 Cic.
1881 3849 1951 3876 Fam.
1966 3857 1997 3881 z,
2014 3857 2020 3874 1
2059 3848 2082 3874 A
2109 3853 2134 3874 te
2152 3856 2226 3874 vero‘
2239 3847 2280 3873 bis
2293 3840 2406 3872 teruessd
2434 3876 2435 3880 1

277 3889 309 3917 ad
322 3889 369 3917 fini
392 3898 450 3918 ram
463 3888 493 3916 fit
505 3889 560 3916 Cic.
574 3889 640 3917 Phil.
655 3899 680 3918 12
695 3900 716 3918 c.
731 3899 753 3918 2.
776 3890 845 3918 Ter.
860 3890 956 3917 Heaut.
969 3899 997 3923 4,
1012 3900 1040 3923 4,
1052 3900 1080 3917 10
1106 3889 1257 3930 Proxjmam
1270 3890 1519 3926 ess'e105sum1uum,
1539 3897 1565 3918 et
1577 3899 1619 3918 eas
1632 3886 1771 3924 perbreues
1790 3885 1878 3919 accepi
1893 3885 1944 3918 (al.
1959 3887 2093 3916 omittunt,
2117 3882 2169 3916 ad)
2204 3882 2276 3910 Idem
2294 3889 2342 3917 pro
2351 3877 2405 3940 ¹13-
