2474 4182
1826 142 1860 182 C
1929 144 2099 183 A‘P-

1404 230 1440 255 cis
1456 229 1577 257 Scribon.
1589 238 1642 263 129.
1657 233 1709 258 261.
1779 231 1845 258 Plin.
1861 239 1932 264 {3³23
1952 229 1996 257 Ibi
2007 236 2033 257 et
2044 235 2160 268 capparis
2172 235 2299 262 firmioris
2312 235 2380 271 ligni
2388 240 2436 269 fru-

1404 271 1463 297 tex,
1483 265 1642 300 seminisque
1655 274 1682 294 et
1695 266 1749 293 cibi
1764 268 1878 301 vulgati,
1899 266 1972 293 caule
1994 276 2100 302 quoque
2120 279 2172 296 vna
2191 272 2436 306 plerumquedecer-

1403 307 1460 340 pto,
1531 300 1662 339 Columel.
1677 311 1710 335 11,
1724 311 1746 335 3,
1761 312 1793 336 54
1809 303 1934 338 Capparis
1949 302 2072 337 plurimis
2085 307 2230 338 prouinciis
2242 308 2286 334 sua
2299 308 2387 341 sponte
2397 319 2445 338 nou

1404 335 1510 362 valibus
1524 336 1648 362 nascitur.
1684 338 1728 365 sed
1749 339 1845 373 quibus
1866 339 1931 365 locis
1950 339 2006 364 eius
2027 339 2119 373 inopia
2130 340 2182 373 est,
2203 342 2221 368 fi
2235 343 2341 369 serenda
2356 344 2446 374 fuerit:

1405 372 1499 398 siccum
1514 371 1605 411 locum
1617 371 1781 411 desiderabit.
1816 376 1893 410 Isque
1906 375 2014 401 debebit
2028 381 2088 401 ante
2101 375 2259 404 circumdari
2273 373 2448 415 fosshlanuaess

1405 407 1539 447 repleatur
1555 406 1703 441 lapidibus,
1723 415 1749 435 et
1767 410 1852 445 calce,
1877 411 1919 438 vel
1939 411 2038 437 Punico
2058 411 2132 443 luto,
2154 417 2184 437 vt
2195 411 2225 438 fit
2238 413 2308 447 quali
2321 406 2448 448 quaedaml

1406 444 1505 475 lorica,
1524 452 1556 469 ne
1570 443 1661 478 possint
1674 452 1731 470 eam
1745 454 1916 482 perrumpere
1930 446 2059 482 praedioli
2072 447 2179 473 seminis
2192 447 2301 474 frutices
2315 459 2320 474 :
2355 430 2450 486 quife.l

1407 489 1436 507 re
1450 489 1495 514 per
1509 485 1596 505 totum
1610 488 1703 513 agrum
1720 488 1862 515 vagantur,
1881 483 1928 509 nifi
1947 484 2116 509 munimento
2134 482 2226 516 aliquo
2244 482 2436 517 prohibitifint

1409 515 1479 550 quod
1498 521 1584 541 tamen
1600 524 1653 541 non
1668 521 1769 542 tantum
1783 517 1981 545 incommodum
1997 519 2049 551 est,
2073 516 2201 550 (subinde
2215 519 2286 544 enim
2300 520 2398 553 possunt
2405 531 2442 552 ex
2454 524 2474 555 ἡ

1408 552 1518 586 stipari)
1538 558 1667 585 quantum
1680 551 1751 585 quod
1767 553 1878 579 noxium
1891 555 1964 581 virus
1978 554 2091 587 habent,
2113 554 2242 588 succoque
2256 555 2302 580 suo
2313 554 2437 586 sterilem
2455 561 2474 599 ’,γ

1407 588 1462 613 lum
1478 586 1598 627 reddunt.
1636 587 1717 626 Cultu
1737 594 1782 613 aut
1803 589 1894 621 nullo,
1915 597 1960 617 aut
1978 590 2106 617 leuitlimo
2125 595 2248 617 contenta
2265 589 2320 616 est:
2354 593 2414 629 quip
2454 604 2474 632 *q

1408 632 1475 658 quae
1490 632 1530 649 res
1544 629 1625 648 etiam
1641 632 1669 648 1n
1682 623 1791 649 desertis
1804 625 1874 658 agris
1888 625 1954 652 citra
1965 626 2056 652 rustici
2068 634 2177 661 operam
2194 625 2359 653 conualescit.
2401 603 2437 659 Ε
2454 635 2466 641 ¹·

1408 668 1447 691 10,
1463 664 1501 688 118
1522 662 1588 685 inter
1602 658 1652 684 vili
1666 658 1778 693 salgama
1791 668 1879 686 merce
1891 660 2003 696 refertur
2017 663 2153 697 Capparis.
2205 661 2326 697 Qcorfilm
2339 657 2438 694 Martia}
2467 671 2469 674 ·

1406 703 1429 726 3,
1445 702 1491 728 77,
1505 702 1518 727 ς
1535 695 1684 728 Capparin,
1703 701 1728 721 ct
1740 695 1813 730 putri
1826 705 1900 731 cepas
1913 696 1984 723 alece
1998 704 2115 727 natantes
2125 718 2133 730 ,
2169 697 2200 723 Et
2213 695 2320 731 pulpam
2333 697 2437 740 dubio'dg
2446 682 2474 714 l)

1406 731 1528 764 petasone
1541 739 1628 756 voras.
2342 743 2343 746 ¹
2400 740 2420 764 t:
2445 721 2453 761 l

1444 770 1496 805 an
1507 772 1521 791 Ρ
1533 773 1605 793 PAR
1616 786 1624 798 ,
1646 765 1707 792 aris.
1746 766 1823 793 Idem.
1860 767 1956 794 Pallad.
1969 767 2029 794 Οόῖ.
2041 774 2060 795 t.
2079 776 2102 795 11
2134 769 2194 794 Hoc
2210 768 2300 794 mense
2321 770 2436 803 menum

1407 801 1551 835 pastinaca,
1569 801 1690 834 thymum
1704 808 1729 827 et
1741 803 1884 837 origanum
1899 810 1925 830 et
1936 813 2040 839 cappar.
2112 806 2169 830 Huc
2182 803 2266 840 resero
2280 803 2390 838 Cappar'
2402 810 2430 833 233

1406 837 1460 863 culi
1474 837 1573 864 radices
1594 839 1658 872 Veg.
1672 838 1787 865 Mulom.
1802 848 1831 872 4,
1846 847 1890 872 10,
1903 849 1929 872 4.
2384 833 2428 864 δί
2456 868 2457 871 ,

1443 878 1460 898 C
1469 880 1489 899 A
1500 880 1515 899 Ρ
1524 881 1538 900 Ρ
1549 880 1570 900 A
1582 880 1600 900 R
1609 881 1647 906 A,
1668 882 1706 900 ae.
1743 875 1763 900 f.
1802 875 1891 901 Eadem
1906 885 1965 911 quae
1981 876 2119 902 Portulaca
2138 874 2216 909 Apul.
2229 874 2262 900 de
2276 873 2396 910 Herbi
2431 869 2437 884 *

1442 915 1590 941 CAPRA,
1611 916 1818 943 CAPRAGO,
1838 917 2078 945 CAPRARIVS,
2099 917 2273 943 CAPREA,
2292 913 2392 940 ΕἈΡ»
2424 924 2429 935 r

1407 945 1726 976 LVS‚.v1'cl.CAP1·.'R.
2380 948 2382 951 ’
2452 957 2454 963 “

1443 987 1460 1007 e
1469 988 1489 1007 A
1500 987 1514 1006 Ρ
1524 988 1543 1007 R
1554 989 1562 1007 1
1573 988 1589 1008 c
1599 988 1618 1008 o
1628 989 1647 1008 R
1657 989 1678 1008 N
1687 988 1707 1007 v
1717 989 1746 1013 s,
1766 981 1785 1007 i.
1803 991 1838 1008 m.
1863 981 2032 1017 [Αἰγὸκερως]
2070 980 2281 1018 Caelestefignum
2290 999 2298 1012 ‚
2317 984 2389 1017 quoy(
2421 965 2439 1026 {1
2471 988 2474 990 '

295 158 355 195 751
698 144 731 181 C
801 143 840 180 A
903 141 932 180 P

294 232 439 264 Symnmch.
474 241 494 265 1,
526 235 574 265 632
613 233 641 258 Et
670 239 837 265 quascunque
870 229 954 256 solent
985 230 1118 266 Capitolia
1144 231 1264 258 claudere
1291 231 1342 257 lar-

292 278 336 295 vas
352 275 397 294 etc.

331 311 378 331 CA
391 310 406 329 Ρ
417 310 456 330 ιτ
466 310 485 330 o
496 310 511 329 1.
524 304 566 329 ῑκ
576 311 595 328 v
605 310 616 328 s
626 322 634 334 ,
659 311 688 333 a,
716 310 770 327 um.
807 300 867 326 Adi.
905 301 1114 336 [Καπετωλῖνος]
1169 303 1219 334 Vt,
1238 301 1339 335 Iupiter

294 338 479 375 Capitolinus,
504 349 541 365 cm
565 339 620 364 Cic.
637 346 684 370 pro
699 337 786 362 Domo
807 345 854 370 144
880 346 901 362 c.
921 344 952 372 57
977 337 1023 364 has
1036 345 1124 372 preces
1142 337 1249 374 allegat,
1276 338 1339 369 Qio

294 377 363 402 circa
377 383 416 406 te,
439 375 590 409 Capitoline
600 393 606 403 ,
627 381 704 406 quein
719 379 826 406 propter
841 372 967 399 beneficia
980 374 1093 408 populus
1108 375 1184 400 Rom.
1199 374 1341 407 optimum,
1365 382 1378 408 ς

294 419 402 447 propter
416 412 469 436 vini
490 410 635 435 maximum
655 408 806 434 nominauit
840 423 886 428 ——
921 418 1015 443 precor
1026 418 1054 435 ac
1068 410 1174 444 quaeso,
1188 416 1233 434 etc.
1300 409 1341 434 An

293 449 366 475 Iouis
382 445 528 480 Capitolini
540 444 644 476 laudes,
664 451 788 478 perpetua
802 444 868 470 sacri
882 446 1032 471 certaminis
1046 445 1171 476 materia,
1186 444 1228 470 vel
1243 443 1342 470 dubiae

294 485 368 515 sunt,
391 483 430 508 iel
445 490 497 506 non
514 480 635 507 oratorio
650 489 744 514 genere
761 479 923 507 tractantur?
943 480 1075 513 Quinc‘hl.
1090 490 1112 512 3,
1126 489 1153 514 7,
1165 489 1192 512 4.
1254 480 1341 516 Respi-

294 528 330 546 cit
350 519 383 544 ad
400 519 541 543 Certamen
561 516 760 549 Capitolinum,
780 516 808 542 de
824 525 869 552 quo
884 517 990 542 Sueton.
1005 516 1107 542 Domit.
1119 526 1138 548 4
1163 515 1297 547 Instituit,
1316 521 1342 541 ct

294 552 489 589 quinquennale
510 557 642 578 certamen
661 552 723 578 Ioui
738 552 891 586 Capitolino
912 552 1024 587 triplex,
1042 551 1184 583 musicum,
1205 551 1342 586 equestre,
1359 568 1388 586 10

294 590 461 624 gymnicum,
483 594 529 613 etc.
586 588 730 624 Diligenter
743 588 780 614 ibi
797 588 826 614 dc
846 588 888 614 illo
908 591 1040 614 certamiiie
1058 591 1112 614 vlri
1133 586 1217 620 dofti,
1235 597 1288 614 cum
1308 587 1342 613 ad

291 626 478 659 chronologicas
498 626 609 649 rationes
627 623 778 651 vehementer
793 627 930 659 pertineat.
1002 623 1075 650 Idem
1095 623 1163 650 ibid.
1187 632 1216 655 13
1247 623 1295 649 Sed
1316 629 1341 649 ct

293 659 448 694 Capitolino
469 659 613 685 certamine
631 659 739 686 cunc'ios
759 660 861 694 ingenti
884 660 1008 686 consensu
1030 666 1179 694 precantes,
1207 666 1234 685 vt
1252 659 1339 685 Palfu-

292 696 364 722 rium
381 696 474 721 Suram
496 695 646 722 restituerer
663 697 766 730 pulsum
787 696 854 722 olim
873 696 985 728 Senatu,
1003 702 1113 732 acltunc
1135 695 1167 721 de
1181 694 1341 722 Oratoribus

292 740 465 762 coronatum,
483 737 529 757 etc.
573 731 621 757 Vbs
635 731 681 758 hac
689 736 817 767 pertinere
832 732 933 757 videtur
942 733 1085 758 Vet.Inscr.
1098 731 1248 767 apudGrut.
1267 739 1290 763 p.
1300 737 1340 761 331

292 777 318 794 n.
340 777 357 800 4
391 768 420 793 L.
445 767 631 793 5VRRED1
667 768 696 793 L.
730 769 758 793 F.
794 768 885 794 CLV.
917 768 1081 794 FELICIS
1116 766 1339 793 PROCVRA-

291 803 404 830 TORI
441 802 498 829 AB.
529 802 674 829 SCAEN.
702 803 869 830 THEAT.
897 804 979 829 IMP.
1008 802 1178 829 CAESAR.
1209 801 1339 826 DOMI-

290 839 415 866 TIAN.
445 838 646 866 PRINCIPI
683 839 930 866 CORONATO
968 838 1152 865 CONTRA
1190 836 1340 862 OMNES

291 876 333 902 SC
343 874 538 901 AENICOS.
587 875 644 901 Fid.
659 875 687 900 de
703 876 791 901 iisdem
807 875 872 901 ludis
887 874 1001 900 Martial.
1012 883 1040 905 4,
1055 882 1075 904 1,
1096 880 1118 898 et
1132 872 1168 898 ibi
1179 871 1341 906 Ramirestus,

289 917 313 937 et
327 920 382 936 mox
397 911 516 944 Qtercus
536 911 698 944 Capitolina.
769 911 862 937 Cliuus
878 911 933 936 Cic.
948 918 996 943 pro
1010 908 1102 934 Rabir.
1116 916 1152 940 31.
1223 908 1341 934 Martial.
1356 920 1391 937 20

291 955 329 979 12,
343 954 371 973 21
398 946 456 972 Nec
468 946 617 980 Capitolini
632 947 716 973 Collis
733 947 839 972 alumna
855 945 914 971 tibi.
987 944 1072 977 Dapes
1081 943 1250 978 Capitolinae
1267 944 1342 970 Idem

291 990 327 1015 ις,
341 987 384 1015 48.
456 982 516 1008 Liu.
531 990 553 1015 ς,
569 990 600 1014 30
622 983 692 1008 Ludi
705 982 853 1016 Capitolini
868 981 977 1011 fierent,
994 980 1066 1014 quod
1080 979 1183 1014 Iupiter
1200 986 1255 1014 opt.
1269 988 1341 1006 max.

290 1020 362 1044 suam
384 1017 470 1044 sedem
491 1025 569 1052 atque
586 1026 673 1044 arcem
692 1017 785 1052 populi
800 1016 915 1042 Romani
935 1015 962 1041 in
982 1023 1011 1041 re
1031 1015 1133 1049 trepida
1152 1021 1249 1042 tutatus
1269 1016 1341 1049 esset:
1407 1015 1484 1042 fuisse
1500 1015 1658 1050 existimant,
1674 1019 1716 1052 qui
1736 1020 1763 1043 in
1775 1017 1817 1044 ilio
1830 1025 1894 1043 metu
1908 1018 2004 1044 deorum
2018 1028 2033 1044 a
2050 1018 2170 1053 Typhone
2183 1026 2206 1044 et
2219 1015 2379 1051 transforma
2422 1035 2427 1049 s
2449 1038 2451 1043 ,

290 1054 495 1088 Collegiumque
510 1053 541 1080 ad
558 1063 614 1080 eam
630 1063 684 1080 rem
702 1055 738 1079 Μ.
749 1053 844 1078 Furius
859 1050 981 1077 Dictator
996 1051 1176 1078 constitueret.
1249 1052 1341 1079 quen.
1409 1051 1535 1086 conjilsom
1559 1054 1618 1078 aliis
1635 1053 1747 1086 dederit,
1765 1061 1788 1080 et
1811 1053 1863 1088 ipse
1877 1054 1922 1089 fi‘i
1932 1052 2092 1089 posteriorem
2105 1057 2246 1089 partemin
2260 1052 2364 1090 effi'giem
2380 1071 2387 1085 :·
2426 1046 2439 1076 ÷⁴

290 1090 340 1117 Sat.
354 1092 381 1121 6⁷
394 1092 440 1121 35⁵6
456 1091 497 1115 An
511 1090 691 1124 Capitolinam
705 1088 813 1114 deberet
827 1087 913 1113 Pollio
927 1087 1064 1120 Qicrcum
1100 1087 1224 1122 Sperare,
1245 1094 1271 1114 et
1284 1087 1343 1114 fidi·
1360 1097 1391 1123 25
1404 1091 1517 1124 priorem
1535 1097 1593 1114 vet-o
1613 1092 1639 1114 in
1654 1089 1767 1124 sormam
1787 1089 1853 1116 hirci
1874 1092 2032 1116 commutarit
2044 1100 2052 1115 .·
2089 1092 2160 1116 cuius
2174 1092 2299 1126 ingenium
2312 1084 2392 1115 adm'
2427 1082 2445 1099 '³

289 1126 339 1153 bus
355 1125 520 1160 promittere.
579 1126 623 1151 ism
640 1126 751 1158 interpr.
771 1124 801 1149 In
819 1131 903 1157 agone
916 1123 1072 1157 Capitolino
1087 1123 1246 1150 Citharoedi
1256 1123 1343 1150 vieto·
1410 1126 1501 1156 Iouem,
1514 1123 1696 1160 hmtcfigzaerattz
1710 1128 1736 1151 in
1747 1127 1839 1152 caelum
1847 1124 2010 1159 transtulrffe.
2047 1125 2146 1152 Stellam
2158 1125 2229 1152 habet
2241 1127 2269 1151 in
2287 1125 2347 1161 naso
2373 1138 2375 1140 -
2426 1121 2438 1139 ”

289 1169 330 1188 res
346 1170 472 1187 coronam
487 1169 501 1187 e
515 1170 613 1195 quercu
628 1159 799 1193 accipiebant.
847 1160 878 1185 Et
892 1159 1004 1192 Poetae,
1025 1160 1050 1186 O
1063 1160 1106 1186 cui
1119 1159 1252 1194 Tarpeias
1266 1159 1344 1186 licuit
1409 1159 1478 1186 Hore
1491 1159 1570 1192 dicas,
1588 1160 1687 1195 inpelle
1701 1161 1778 1194 duas,
1793 1164 1860 1188 inter
1868 1161 1988 1197 scapulas
1996 1161 2104 1198 fiptem,
2124 1164 2152 1187 in
2164 1168 2252 1187 ventre
2263 1161 2326 1197 sex,
2343 1163 2379 1186 inv
2425 1167 2428 1169 ⁴

289 1197 443 1231 contingere
457 1205 578 1230 quercus.
634 1197 712 1222 Locus
724 1194 756 1228 est
771 1195 889 1221 Martial.
904 1204 932 1227 4,
947 1202 989 1229 54,
1006 1203 1024 1220 1.
1097 1195 1174 1222 Sedes
1190 1196 1343 1229 Capitolina
1410 1195 1480 1221 duas.
1531 1197 1600 1222 Haec
1621 1196 1720 1230 Hygin.
1740 1197 1760 1222 f.
1781 1198 1827 1230 196
1871 1204 1895 1223 et
1915 1197 1987 1223 Poet.
2013 1197 2117 1223 Astron.
2151 1205 2179 1230 2,
2209 1204 2245 1231 27
2265 1200 2368 1232 itemque
2390 1204 2392 1209 ·

290 1234 350 1260 Stat.
364 1233 429 1259 Silu.
443 1240 465 1263 ς,
481 1241 500 1263 1,
519 1238 569 1263 189.
641 1232 746 1258 Suc-ton.
762 1231 848 1265 Calig.
865 1238 882 1265 7
902 1231 985 1257 Cuius
998 1228 1114 1265 effigiem
1124 1230 1219 1258 habitu
1233 1231 1344 1266 Cupidi-
1411 1231 1497 1258 Schol.
1511 1232 1665 1258 Germanici
1681 1233 1841 1259 Arateorum
1854 1232 1898 1259 hoc
1905 1232 1995 1270 figno,
2015 1233 2058 1259 vbi
2071 1233 2147 1259 multo
2160 1235 2270 1259 inuenies
2278 1233 2374 1270 plura..
2421 1227 2429 1243 ¹

289 1270 330 1295 nis
350 1269 378 1294 in
399 1266 460 1293 aede
477 1267 645 1301 Capitolinae
661 1267 772 1293 Veneris
786 1267 866 1293 Liuia
886 1265 1029 1293 dedicauit.
1091 1268 1150 1294 Via.
1172 1270 1246 1293 etiam
1266 1267 1344 1294 Galb.
1364 1275 1397 1300 30
1410 1270 1483 1303 nique
1495 1268 1632 1302 Ampelius
1645 1277 1666 1294 c.
1681 1276 1706 1295 2.
1778 1268 1873 1295 Manil.
1889 1277 1909 1301 1,
1922 1277 1968 1303 271
1994 1269 2074 1295 Tum
2094 1269 2169 1295 venit
2188 1268 2299 1303 angusto
2323 1268 2391 1294 Cam
2423 1260 2437 1290 Ψ

290 1310 315 1334 18
343 1303 494 1338 Capitolina
509 1304 612 1334 Venus,
632 1306 673 1329 cui
691 1304 806 1337 templum
825 1305 852 1329 in
871 1303 995 1338 Capitolio
1017 1302 1157 1329 dedicatum
1176 1300 1218 1335 est.
1267 1304 1345 1338 Capi-
1411 1312 1460 1329 nus
1475 1303 1556 1330 fidere
1571 1304 1682 1338 frigens.
1755 1305 1797 1331 sic
1809 1306 1950 1339 Beritl.pro
1965 1305 2048 1332 flexus
2061 1311 2091 1332 υε
2103 1313 2137 1337 2,
2152 1312 2200 1337 252
2219 1304 2328 1339 Tuque
2375 1299 2379 1303 ’
2419 1302 2427 1309 ”

289 1340 384 1369 tolini,
406 1345 436 1364 vt
455 1345 477 1364 rt
498 1338 670 1365 Mercuriales
689 1339 797 1375 Collegia
816 1340 915 1365 Romae.
972 1339 1069 1365 Cicero
1082 1338 1115 1365 ad
1130 1339 1168 1373 Q
1181 1339 1265 1365 Fratr.
1280 1348 1312 1372 2,
1332 1347 1345 1372 ς
1411 1340 1550 1374 pricorne‚
1568 1340 1628 1374 gelu
1648 1339 1799 1366 contractus
1820 1340 1850 1366 in
1870 1340 1954 1367 astris.
2027 1340 2084 1367 Cic.
2105 1340 2138 1367 de
2154 1340 2218 1367 Nat.
2233 1340 2314 1366 Deor.
2330 1338 2347 1366 ἀὲ

289 1376 326 1402 Μ.
342 1375 453 1401 Furium
469 1374 606 1407 Flaccum,
626 1374 745 1410 equitem
766 1375 879 1401 Roman.
894 1374 1043 1408 Capitolini
1062 1380 1086 1401 ct
1102 1374 1292 1407 Mercuriales,
1312 1375 1345 1401 de
1411 1377 1510 1408 Arato,
1528 1376 1606 1402 Tum
1619 1376 1737 1410 gelidum
1748 1376 1843 1403 valido
1857 1375 1888 1402 de
1903 1375 2011 1410 pe&ore
2030 1377 2117 1411 frigus
2132 1375 2257 1403 anhelans
2292 1372 2333 1402 Co

289 1411 403 1445 collegio
423 1411 574 1443 eiecerunt,
600 1412 762 1445 praesentem
787 1417 812 1437 et
832 1410 865 1437 ad
885 1410 963 1445 pedes
983 1411 1193 1445 uniuscuiusque
1206 1411 1345 1438 iacentem.
1412 1411 1512 1438 misero
1531 1421 1628 1446 magno
1649 1412 1827 1447 Capricornus
1850 1412 1878 1438 in
1900 1412 1975 1438 orbe.
2049 1413 2132 1438 Lotus
2146 1412 2274 1446 Hesperia
2288 1412 2356 1446 Cap?
2410 1401 2437 1435 'sl'

295 1446 401 1474 Videtur
420 1446 482 1472 illud
499 1447 626 1483 collegium
645 1445 704 1480 effi,
723 1446 751 1473 de
764 1456 809 1482 quo
823 1447 884 1473 Liu.
899 1454 921 1479 ς,
937 1454 967 1480 50
993 1446 1065 1473 Ludi
1081 1447 1232 1481 Capitolini
1251 1447 1346 1473 fierent
1366 1456 1394 1482 35
1412 1456 1482 1482 aqua
1512 1448 1629 1482 Propert.
1645 1457 1672 1481 4,
1691 1456 1712 1480 1,
1730 1450 1771 1478 86.
1843 1448 1989 1480 Tyrannus
2010 1448 2155 1483 Hesperiae
2178 1448 2359 1482 Capricornus
2384 1437 2443 1479 -,.fi‘l*‘

323 1488 369 1503 --’-
404 1481 602 1517 collegiumque
615 1481 646 1508 ad
661 1491 718 1508 eam
733 1492 789 1509 rem
802 1483 840 1509 M.
857 1483 952 1509 Furius
967 1482 1091 1509 Di&ator
1104 1481 1290 1516 constitueret,
1311 1492 1344 1509 ex
1412 1484 1480 1510 Hor.
1493 1484 1580 1511 Carni.
1597 1492 1623 1516 z,
1637 1492 1676 1519 17,
1691 1493 1734 1510 20.
1805 1485 1845 1510 Dc
1869 1484 2036 1518 Capricorno
2060 1487 2088 1510 in
2111 1487 2193 1510 numis
2214 1483 2268 1510 vid.
2293 1482 2385 1520 Spanb
2399 1504 2401 1508 ,

289 1519 339 1551 iis,
367 1518 415 1553 qui
439 1518 468 1544 in
493 1518 632 1552 Capitolio
649 1525 729 1552 atque
751 1528 810 1545 arce
833 1518 993 1545 habitarent.
1058 1518 1116 1544 Vid.
1136 1518 1243 1545 Turneb.
1263 1527 1285 1552 ς,
1303 1524 1343 1549 28-
1415 1520 1466 1556 NJii
1479 1526 1502 1546 ee
1513 1518 1607 1553 praest.
1623 1522 1697 1546 Num.
1709 1526 1764 1555 5p.
1777 1527 1833 1554 237.
2356 1527 2362 1532 “
2382 1517 2384 1521 “
2403 1520 2411 1552 ’,

289 1553 473 1588 Capitolinus,
496 1554 584 1580 Marci
598 1554 696 1580 Manlii
714 1560 862 1590 cognomen,
886 1557 930 1589 qui
947 1554 1008 1580 vrbe
1030 1563 1044 1579 a
1060 1554 1140 1580 Gallis
1160 1560 1248 1589 capta,
1272 1556 1345 1590 Capi·
1448 1557 1695 1583 CAPRlFiCVS
1706 1576 1715 1588 ,
1733 1557 1744 1582 i
1765 1562 1788 1582 et
1807 1554 1845 1582 us.
1866 1556 1886 1582 f.
1920 1554 2042 1591 [ἔρινιᾶς]
2080 1556 2154 1581 Ficus
2167 1551 2302 1588 stlueslris.
2337 1549 2427 1588 Εεξζῑῖ

287 1592 376 1616 toltum
387 1589 520 1626 serumst,
548 1595 572 1616 et
596 1589 683 1615 atinde
703 1591 816 1616 aliorum.
1411 1591 1482 1618 liber
1501 1591 1621 1618 Scribon.
1638 1599 1696 1626 174.
1767 1591 1815 1619 Sed
1837 1591 1957 1618 Genitiu.
1974 1590 2113 1625 caprificus
2126 1592 2207 1617 exstat
2221 1596 2262 1625 ap.
2277 1589 2369 1617 Scribo
2401 1580 2428 1598 ‘³

1356 1628 1394 1660 40
1413 1626 1561 1662 Caprificus
1575 1627 1650 1653 laetis
1664 1626 1744 1653 aridi.
1817 1628 1928 1660 Plin.15,
1942 1636 1971 1660 19
1992 1627 2139 1662 Caprificus
2151 1634 2263 1653 vocatur
2278 1634 2293 1656 e
2307 1625 2354 1652 filu

1411 1671 1508 1698 genere
1527 1663 1591 1690 ficus
1609 1671 1746 1697 nunquam
1757 1664 1952 1689 maturescens:
1989 1663 2032 1694 ,sed
2051 1662 2123 1698 quod
2137 1662 2191 1697 ipsa
2210 1671 2265 1694 non
2285 1660 2352 1689 habe

1411 1699 1533 1726 tribuens
1553 1710 1559 1725 :
1594 1699 1723 1733 quoniam
1745 1698 1782 1724 est
1804 1699 1932 1725 naturalis
1956 1700 2092 1725 causarum
2115 1698 2251 1729 transitus,
2276 1703 2356 1732 atque

1412 1734 1586 1760 trescentibus
1601 1734 1756 1760 idemtidem
1771 1742 1912 1768 generatur
1925 1733 2038 1769 aliquid.

2369 138 2451 202 752ss

1361 743 1386 769 15

890 1591 929 1616 De
946 1589 1054 1616 Petillio
1074 1590 1230 1624 Capitolino
1249 1592 1346 1617 Horat.

287 1626 337 1652 Sat.
353 1634 378 1658 1,
399 1634 430 1657 2,
448 1633 488 1658 93.

326 1665 562 1690 CA1³1Tosvs,
591 1666 902 1693 CArITVLARIA,
929 1667 1257 1695 CAPITVLATVM,
1280 1668 1346 1689 CA-

292 1701 551 1726 PlTvLATIM,
579 1700 838 1727 CAri'rvaM,
873 1696 928 1722 vid.
950 1703 1091 1724 eArvr.

327 1738 448 1759 CAP1T
459 1737 529 1764 VM,
554 1729 572 1755 i.
608 1739 634 1755 n.
673 1729 1128 1767 [κάπητοηπαράβλημοι,ῥῖλο’γων,
1145 1732 1267 1769 Heffich]

1305 1733 1346 1758 Ci-
2110 1735 2181 1769 Ergo
2193 1733 2290 1760 culices
2305 1742 2353 1768 par

288 1767 333 1794 bus
355 1767 514 1795 animalium,
536 1774 547 1791 e
568 1766 660 1791 Graeco
680 1764 795 1805 minna-4,
815 1775 920 1805 uorum,
944 1774 974 1792 vt
993 1769 1048 1794 vult
1065 1767 1168 1803 Salmas.
1188 1768 1222 1794 ad
1235 1768 1345 1802 Vopisci
1410 1769 1528 1796 fraudati
1543 1769 1671 1795 alimento
1685 1769 1713 1794 in
1725 1775 1821 1800 matre,
1834 1770 1908 1803 putri
1922 1771 1979 1796 eius
1993 1770 2063 1799 tabe.
2098 1770 2130 1797 ad
2143 1769 2366 1805 cognatamvolan

289 1804 380 1830 Aurel.
395 1811 412 1837 7
435 1811 459 1836 p.
475 1806 522 1835 438
548 1801 653 1834 Equum
668 1800 833 1835 Sagmanum
848 1802 924 1827 suum
938 1801 1071 1834 defricet,
1089 1805 1206 1836 capitum
1221 1804 1344 1829 animalis
1362 1815 1396 1842 45
1412 1805 1494 1839 suque
1507 1804 1619 1830 ficorum
1637 1803 1749 1836 crebro,
1769 1803 1820 1829 hoc
1838 1803 1874 1829 est
1893 1805 2017 1832 auidiore
2035 1805 2109 1844 pastu
2130 1807 2277 1841 aperientes
2295 1813 2345 1832 om
2354 1801 2395 1831 >ez
2406 1814 2424 1825 1.

288 1848 342 1865 non
357 1838 462 1865 vendat.
524 1837 667 1863 Caffiodor.
683 1844 710 1871 7,
724 1845 751 1869 33
772 1838 859 1871 Atque
874 1836 937 1863 ideo
950 1836 1145 1864 humanitatem
1162 1839 1251 1865 subter
1267 1848 1346 1865 anne-
1412 1846 1491 1875 atque
1506 1841 1542 1866 ita
1556 1844 1721 1874 penetrantes
1734 1839 1805 1865 intus
1819 1839 1904 1865 solem
1917 1840 2035 1872 primum
2043 1842 2281 1874 secuminducunt,
2297 1838 2401 1868 cereal‘

288 1883 362 1905 itam,
382 1874 424 1901 vcl
444 1871 476 1900 ad
491 1882 573 1908 equos
591 1873 707 1907 capitum
726 1872 866 1899 definitum
886 1873 959 1899 illius
977 1873 1062 1907 gentis
1077 1872 1171 1906 legatis
1184 1872 1236 1899 fine
1254 1875 1345 1908 aliqua
1412 1884 1488 1902 aures
1510 1876 1659 1901 immittunt
1687 1874 1792 1901 foribus
1815 1874 1955 1908 adapertis.
2010 1875 2077 1900 Mox
2095 1875 2210 1904 laeteum
2228 1877 2370 1904 humorem
2378 1887 2393 1909 3³
2444 1873 2449 1878 ⁵

289 1911 412 1938 tarditate
427 1908 592 1944 praestabitis
608 1908 741 1935 Ammian.
756 1909 875 1935 Marcell.
885 1917 949 1942 22,4
969 1915 1034 1935 extr.
1064 1909 1245 1942 Interrogatus
1257 1914 1347 1935 tamen
1413 1910 1451 1936 est
1462 1911 1605 1936 infantiam
1617 1910 1691 1944 pomi
1705 1909 1847 1936 absumunt
1862 1920 1868 1935 :
1903 1908 1976 1943 quod
1989 1909 2019 1936 fit
2034 1916 2060 1936 et
2072 1910 2171 1944 sponte.
2243 1912 2362 1947 Ideoque
2381 1910 2425 1938 fiee
2439 1903 2446 1918 ⁵

1414 1946 1553 1980 caprificus
1567 1945 1749 1979 praemittitur
1761 1944 1793 1970 ad
1807 1945 1940 1970 rationem
1951 1945 2042 1978 venti,
2059 1952 2089 1972 vt
2100 1946 2175 1972 flatus
2195 1947 2333 1974 euolantes
2352 1946 2424 1979 infi·
2438 1927 2446 1988 ξ

1414 1981 1491 2008 ferat.
1527 1981 1590 2008 Inde
1604 1987 1740 2015 repertum
1753 1985 1782 2006 vt
1801 1979 1889 2005 illatae
1910 1988 2019 2015 quoque
2036 1981 2144 2008 aliunde
2163 1988 2189 2008 et
2202 1982 2272 2008 inter
2284 1982 2311 2008 se
2325 1983 2421 2017 colliga
2438 1989 2443 2014 ξ

1414 2017 1591 2044 iniicerentur
1605 2016 1657 2043 fico
1671 2023 1716 2042 etc.
1789 2015 1848 2041 Col.
1863 2023 1896 2047 11,
1908 2023 1935 2047 2,
1950 2018 1981 2048 56
2019 2017 2094 2049 Qiin
2119 2017 2200 2044 etiam
2218 2023 2320 2052 tempus
2339 2017 2376 2044 est
2389 2018 2422 2043 fic
2437 2038 2444 2062 ι

1416 2053 1473 2080 neis
1486 2052 1629 2080 arboribus
1643 2050 1797 2086 caprificum
1812 2050 1982 2085 suspendere,
2002 2051 2190 2086 quodquidam
2202 2053 2351 2080 existimant
2363 2052 2422 2079 idci1
2437 2078 2441 2084 ,

1416 2089 1477 2116 fieri
1492 2089 1605 2121 debere,
1621 2097 1655 2114 ne
1667 2086 1770 2114 fruetus
1784 2086 1902 2119 decidat,
1922 2092 1948 2113 et
1962 2092 1992 2113 vt
2005 2086 2118 2112 celerius
2131 2086 2162 2113 ad
2175 2088 2356 2114 maturitatem
2374 2096 2421 2121 per

1415 2125 1481 2150 niat.
1551 2125 1621 2150 Ter.
1644 2123 1721 2150 Adel.
1736 2131 1765 2156 4,
1781 2131 1811 2154 2,
1825 2127 1856 2152 28
1908 2122 1968 2148 Illic
1987 2121 2036 2149 vbi
2055 2122 2137 2148 etiam
2156 2121 2292 2156 caprificus
2308 2130 2403 2156 magna

1415 2158 1532 2184 Martial.
1547 2167 1586 2189 10,
1599 2167 1622 2189 2,
1636 2167 1652 2190 9
1689 2159 1827 2184 Marmora
1846 2157 1967 2184 Messalae
1993 2157 2072 2184 findit
2090 2157 2238 2192 caprificus.
2268 2159 2287 2183 i.
2300 2157 2390 2193 oeqsc‘it

1413 2195 1503 2219 ruinas
1517 2192 1693 2226 aedificiorum.
1737 2192 1796 2217 Vid.
1819 2193 1922 2227 Cajaub.
1940 2192 1975 2218 ad
1992 2193 2060 2219 Pers.
2082 2202 2102 2225 1,
2117 2201 2157 2226 23.
2227 2193 2297 2219 Hor.
2311 2192 2390 2228 Epo

1413 2227 1492 2255 Iubet
1510 2227 1634 2262 sepulcris
1653 2225 1790 2260 caprificos
1811 2232 1898 2252 erutas
1935 2227 2061 2254 Flammis
2084 2228 2164 2254 aduri
2183 2228 2328 2255 Colchicis.
2375 2238 2378 2239 ⁷

1414 2262 1535 2289 quenal.
1557 2271 1584 2288 10
1594 2283 1602 2294 ,
1623 2270 1686 2294 244.
1758 2260 1850 2288 Ilidor.
1867 2269 1913 2296 17,
1925 2269 1952 2297 7.
2029 2261 2095 2296 Vqffi
2109 2264 2215 2297 Etymol.
2228 2273 2253 2298 p.
2268 2271 2320 2297 [ος.

1413 2304 1692 2326 CAPROTINVS.
2035 2303 2038 2308 '

1453 2340 1470 2360 C
1482 2341 1504 2361 A
1514 2341 1529 2359 P
1538 2341 1556 2361 R
1566 2341 1575 2359 1
1584 2340 1602 2360 P
1611 2334 1622 2359 i
1631 2339 1647 2360 C
1657 2340 1675 2360 O
1685 2353 1694 2365 ,
1715 2335 1767 2371 513³.
1804 2331 1934 2367 [ἓρινοίξω]
1971 2332 2094 2369 Οαρνξβεὶ
2108 2340 2151 2368 ope
2163 2336 2335 2361 maturitatem
2347 2334 2381 2369 fi..

289 1947 337 1973 ille
357 1946 483 1982 (tonsor)
504 1945 570 1979 quid
590 1953 621 1971 ex
635 1951 692 1971 arte
706 1943 816 1971 haberet
835 1944 1009 1979 compendii?
1046 1944 1158 1970 Vicenas
1178 1943 1288 1971 diurnas
1307 1953 1347 1970 re-

291 1982 395 2018 spondit
414 1989 546 2012 annonas,
570 1980 737 2013 totidemque
755 1980 851 2014 pabula
871 1981 1055 2007 iumentorum
1073 1983 1159 2015 (quae
1172 1980 1256 2014 vulgo
1269 1979 1347 2006 diffi-
1365 1991 1397 2017 50

290 2024 346 2045 tant
359 2018 461 2052 capita)
480 2022 506 2042 et
523 2024 641 2043 annuum
654 2014 814 2049 stipendium
827 2023 918 2049 graue.
962 2015 1041 2050 Poffis
1053 2019 1135 2052 igitur
1142 2023 1235 2051 putare
1250 2015 1293 2049 este
1308 2025 1348 2042 ca-

291 2054 393 2089 pitum,
413 2051 476 2088 quod
493 2052 522 2077 in
542 2057 619 2085 caput
638 2052 758 2076 animalis
778 2050 900 2083 dabatur,
922 2059 993 2084 quam
1013 2051 1084 2076 hodie
1097 2053 1190 2077 milites
1204 2052 1348 2079 Rationem

289 2095 388 2116 vocant.
425 2089 518 2114 Graeca
533 2093 615 2112 tamen
629 2089 700 2122 origo
709 2087 809 2121 placuit
828 2089 902 2112 etiam
921 2086 1031 2112 Florenti
1045 2083 1187 2118 Christiano
1206 2087 1240 2111 ad
1250 2086 1350 2119 Aristo-

285 2125 381 2162 phanis
393 2123 487 2159 ἒιρήνην.
524 2123 615 2149 Omnia
630 2121 658 2148 de
672 2122 770 2156 Capito
783 2122 829 2148 hoc
840 2123 893 2148 Iac.
902 2121 1021 2156 Gothofr.
1036 2120 1071 2147 ad
1083 2119 1101 2147 l.
1116 2127 1133 2155 7
1154 2121 1184 2147 C.
1193 2120 1304 2147 Theod.
1318 2121 1350 2146 de

290 2166 388 2195 erogat.
404 2159 461 2185 mil.
474 2159 542 2185 Ann.

328 2203 345 2224 C
357 2201 499 2230 APNIA,
525 2202 563 2220 ae.
601 2192 620 2218 f.
663 2193 733 2219 Vitis
752 2201 768 2218 a
781 2191 854 2228 fumi
872 2193 952 2219 coloro
972 2188 1051 2217 dicta.
1087 2189 1156 2218 Plin.
1173 2198 1214 2224 14,
1227 2198 1240 2223 3
1258 2192 1349 2219 Locum

292 2232 377 2259 damus
396 2233 424 2257 in
445 2234 734 2256 avcconm'ris.

329 2274 346 2295 c
358 2273 381 2294 A
395 2272 409 2291 Ρ
425 2273 447 2292 N
460 2272 469 2291 1
484 2271 505 2291 A
515 2270 528 2289 S
541 2283 550 2296 ,
581 2271 620 2290 ae.
657 2273 692 2289 m.
707 2292 715 2297 .
730 2262 874 2296 [καπνίας]
913 2262 1025 2288 Gemma
1044 2262 1081 2288 est
1100 2271 1132 2288 ex
1152 2262 1286 2297 Iaspidum
1305 2270 1348 2296 ge-

291 2302 401 2330 neribus
416 2321 424 2333 ‚
456 2299 574 2335 quodam
600 2298 686 2325 veluti
711 2298 788 2324 fumo
816 2297 916 2323 infcc'la
930 2317 939 2329 ,
978 2297 1048 2324 vnde
1073 2302 1099 2324 et
1124 2306 1225 2324 nomen
1248 2297 1349 2332 accepit
1362 2302 1365 2313 *

292 2339 359 2366 Plin.
377 2346 423 2372 37,
442 2345 467 2370 9.

1369 2163 1398 2189 5⁵

1368 2335 1405 2362 60

329 2381 400 2402 CAP
411 2379 434 2399 N
445 2378 531 2404 10N,
551 2370 570 2397 i.
607 2378 634 2396 n.
674 2367 757 2395 Herba
771 2366 865 2399 eadem,
883 2377 943 2404 quae
952 2368 1061 2402 Capnus
1075 2367 1143 2394 Plin.
1157 2374 1197 2400 25⁴,
1219 2366 1254 2400 13.

304 2423 310 2426 ·
331 2417 348 2438 C
357 2416 378 2437 Α
390 2416 404 2436 Ρ
414 2415 435 2435 N
444 2409 458 2434 ῐ
467 2415 488 2434 Τ
497 2414 514 2434 E
523 2414 535 2435 s
543 2426 551 2438 ,
571 2414 609 2433 ae.
633 2415 669 2432 m.
707 2405 818 2431 Gemma
831 2404 867 2430 est
880 2403 1004 2438 plurimis
1018 2404 1095 2439 spiris
1107 2403 1226 2435 fumida,
1241 2404 1271 2430 in
1283 2403 1351 2438 Cap-

295 2445 406 2482 padocia
421 2450 447 2471 et
462 2444 489 2470 in
502 2442 614 2476 Phrygia
626 2441 731 2468 nascens
740 2461 748 2472 ,
769 2440 847 2466 ebori
860 2439 952 2466 fimilis
965 2440 1033 2467 Plin.
1047 2447 1089 2474 37,
1102 2447 1140 2466 10.

331 2487 348 2508 C
359 2488 378 2508 A
388 2488 403 2507 Ρ
413 2488 434 2507 N
447 2481 460 2506 1'
471 2486 492 2506 T
505 2486 535 2506 IS
545 2499 553 2512 ,
580 2478 640 2506 i'dis.
677 2477 695 2503 f.
734 2476 883 2511 [καπνίτις]
897 2498 903 2501 .
926 2475 1058 2502 Cadmiae
1076 2476 1173 2511 species
1192 2474 1349 2507 tenuissima,

296 2526 362 2552 quae
376 2525 389 2543 e
402 2515 556 2542 fornacibus
569 2515 675 2540 flamma
689 2518 768 2547 atque
781 2513 844 2539 flatu
858 2511 958 2547 egesta,
973 2512 1084 2539 cameris
1098 2510 1281 2546 lateribusque
1295 2512 1351 2537 for·
1369 2519 1402 2551 65·
1417 2513 1585 2545 obruuntur,
1605 2512 1649 2539 vel
1667 2517 1773 2538 truncus
1793 2511 1897 2539 arboris
1907 2532 1914 2544 ,
1933 2521 1987 2546 quo
2007 2512 2067 2539 loco
2087 2518 2193 2547 turget,
2216 2510 2422 2541 scarificandmsst

296 2562 390 2580 nacum
404 2551 538 2579 adhaeret.
588 2550 646 2577 Vid.
655 2549 721 2575 Plin.
731 2557 772 2582 34,
780 2557 818 2575 io.

331 2595 401 2615 CA?
412 2594 481 2615 Nos
492 2607 499 2619 ,
521 2587 539 2613 i.
574 2584 684 2618 Herba,
702 2588 773 2611 cuim·
787 2585 899 2610 meminit
910 2583 978 2610 Plin.
992 2592 1028 2617 23,
1041 2592 1074 2616 13.
1102 2589 1125 2610 et
1146 2584 1186 2616 16,
1200 2589 1218 2618 7
1238 2583 1350 2617 Capnon

296 2624 406 2652 herbam
424 2623 472 2658 qui
483 2622 576 2656 edere,
597 2622 680 2649 bilem
692 2629 739 2656 per
752 2620 857 2647 vrinam
869 2619 993 2646 reddunt.
1290 2626 1293 2627 ⁷

308 2672 312 2674 >
332 2665 432 2687 CAPN
444 2664 652 2689 VMARGos,
681 2657 701 2683 i.
738 2665 774 2683 m.
818 2655 921 2690 Argilla
940 2655 977 2682 est
995 2655 1072 2687 rufa,
1091 2653 1239 2681 intermiffo
1260 2652 1350 2688 lapide

298 2701 382 2723 terrae
402 2693 521 2721 t‘ninutae
540 2692 681 2724 arenosae,
701 2701 749 2728 qua
769 2693 837 2719 velut
855 2692 928 2727 adipe
941 2698 1040 2723 terrae,
1060 2700 1123 2717 arua
1136 2689 1304 2726 pinguefiant
1324 2692 1352 2715 in
1369 2705 1405 2733 70
1417 2695 1513 2721 Nomen
1524 2691 1558 2726 est
1572 2692 1686 2724 Plin.1,·,
1700 2699 1734 2725 ¹9·
1769 2697 1793 2716 et
1807 2693 1851 2724 16,
1869 2700 1912 2726 27,

299 2731 380 2759 Gallia
394 2737 417 2758 ct
432 2730 578 2757 Britannia.
629 2728 791 2762 Inspergitur
803 2734 883 2754 autem
899 2736 975 2760 rara,
992 2727 1044 2754 sale
1058 2735 1116 2753 eam
1129 2727 1236 2753 misceri
1250 2731 1351 2760 putant.

297 2767 384 2795 Semel
398 2775 457 2793 vero
471 2764 570 2792 iniecta
587 2764 616 2790 in
630 2763 822 2799 quinquaginta
842 2772 924 2790 annos
938 2763 1010 2790 valet
1031 2769 1056 2790 et
1075 2763 1200 2797 frugum,
1220 2767 1246 2788 et
1259 2761 1352 2796 pabuli

297 2803 428 2831 vbertate.
485 2802 553 2828 Haec
566 2799 632 2827 Plin.
647 2807 691 2834 17,
711 2806 736 2834 7.
791 2798 839 2826 Sed
859 2798 989 2826 Harduin.
1008 2808 1037 2825 ex
1051 2799 1126 2826 MSS.
1140 2799 1351 2832 Awunumarga,

298 2838 366 2877 quast
378 2840 478 2865 minime
490 2846 577 2864 amara
590 2846 598 2861 :
621 2834 720 2867 καυνίν,
740 2844 861 2861 amarum.
901 2834 976 2861 Idem
991 2842 1014 2868 5,
1029 2843 1074 2867 24.

334 2881 352 2903 C
361 2880 383 2902 A
392 2881 407 2901 Ρ
418 2880 432 2900 P
441 2880 472 2900 A.
504 2882 530 2899 n.
560 2870 657 2898 indecl.
693 2869 820 2904 [κάππα]

299 2912 390 2938 Latini
407 2915 516 2936 utuntur
535 2915 562 2936 C.
617 2908 706 2941 Cappa
726 2905 795 2940 apud
813 2906 928 2932 Graecos
941 2905 1075 2940 Qtinffil.
1091 2914 1115 2937 1,
1128 2913 1158 2939 4,
1169 2913 1188 2939 9
1214 2906 1265 2942 legi
1284 2904 1353 2931 debet

299 2948 407 2982 Coppa,
426 2946 466 2971 vel
480 2944 587 2980 Koppa,
607 2949 637 2970 vt
655 2942 689 2969 ad
706 2951 758 2968 eum
777 2942 856 2968 locum
875 2939 1020 2974 ostenditur.
1075 2942 1169 2968 Melius
1181 2940 1228 2967 huc
1240 2940 1353 2977 refertur

300 2983 398 3010 Auson.
413 2980 471 3008 Eid.
483 2989 520 3013 12,
535 2988 563 3014 19
584 2979 672 3014 Cappa
688 2978 730 3004 fui
743 2976 878 3012 quondam
891 2977 1017 3009 Boeotia,
1035 2977 1069 3011 (1¹.
1082 2977 1217 3009 Thebana,
1231 2976 1352 3011 Cadmea)

300 3027 369 3045 nunc
384 3017 491 3045 Latium
511 3023 539 3042 K.
575 3014 645 3042 Add.
660 3013 751 3041 Isidor.
766 3021 810 3046 14,
826 3014 865 3039 26.
1063 3010 1084 3050 q
1109 3021 1126 3039 2.
1162 3012 1267 3052 Cappa,
1278 3012 1352 3053 'Pilei

301 3063 382 3090 genus
396 3064 403 3084 ς
434 3052 477 3079 vcl
491 3050 564 3087 quod
584 3049 651 3077 duos
665 3050 765 3084 apices,
785 3054 815 3075 vt
827 3048 917 3084 Cappa
929 3047 1008 3074 litera
1020 3047 1132 3081 habeat,
1148 3047 1192 3075 vel
1207 3057 1270 3083 quia
1282 3057 1351 3088 c-apz-
1367 3057 1400 3083 80

301 3091 334 3117 tis
354 3094 540 3116 ornamentum
559 3086 596 3113 est
615 3086 706 3114 Ifidor.
726 3090 767 3118 18,
787 3092 822 3118 31.
1009 3081 1029 3121 ff
1055 3092 1068 3116 3
1105 3084 1210 3119 Cappa,
1230 3085 1351 3111 Marinus

303 3134 400 3160 equus,
421 3125 513 3155 Festo3
532 3123 578 3150 sed'
588 3122 636 3150 alii
650 3122 740 3156 legunt
755 3121 864 3156 Campa,
878 3118 973 3145 meliur.

340 3168 356 3188 c
366 3168 388 3188 A
397 3167 410 3186 Ρ
420 3167 435 3187 Ρ
445 3167 467 3187 A
477 3166 495 3187 D
505 3167 524 3187 o
533 3166 550 3187 c
559 3167 569 3186 1
578 3165 599 3186 A
609 3178 617 3192 ,
641 3166 679 3185 ae.
717 3157 736 3183 f.
774 3152 976 3190 [Καππαδοκία]
1022 3154 1100 3191 Regio
1115 3154 1202 3187 Asiae,
1227 3156 1351 3184 Euxinum

303 3196 396 3231 versus.
432 3196 498 3223 Plin.
512 3198 539 3229 6,
552 3203 568 3222 2
586 3201 610 3221 et
622 3202 644 3227 3.
682 3194 778 3220 Nomen
791 3191 863 3219 habet
880 3201 895 3218 a
906 3191 939 3217 Ca
953 3189 1047 3226 padoce
1066 3199 1134 3217 amne
1148 3201 1155 3216 :
1180 3198 1237 3218 ante
1252 3192 1352 3220 Leuco-

304 3232 371 3264 syria
390 3232 525 3266 appellata,
544 3237 581 3256 ὐι
600 3231 668 3257 Ptin.
687 3228 752 3255 dicit
772 3231 802 3260 6,
817 3237 841 3260 5·
875 3233 898 3253 et
949 3235 1011 3262 epos
1033 3234 1079 3260 14,
1100 3234 1124 3258 1,
1141 3235 1162 3260 3.
1205 3228 1261 3255 Cic.
1278 3230 1355 3256 Fam.¹
1367 3236 1397 3266 ες

304 3275 345 3301 13,
362 3275 392 3307 4·
411 3268 502 3302 Itaque
523 3266 670 3294 exercitum
688 3263 758 3292 mihi
778 3262 928 3290 ducendum
945 3271 993 3297 per
1009 3262 1191 3298 Cappadociae
1211 3265 1352 3299 regionem
1380 3294 1383 3296 ,

330 3309 404 3330 itaut.

301 3313 386 3367 PCA
399 3343 414 3363 r
426 3334 572 3370 Minox,
602 3336 666 3364 acis.
702 3345 738 3363 m.
781 3330 958 3369 [Καππάδοξ]
1004 3334 1056 3369 Qu·
1079 3331 1113 3367 est
1136 3342 1165 3359 ex
1186 3334 1351 3370 Cappadocia.

304 3373 360 3402 Cic.
375 3373 431 3409 post
445 3372 500 3399 red.
517 3373 544 3399 in
557 3374 641 3400 Senat.
655 3381 679 3406 13
706 3372 872 3406 Capadocem
885 3369 968 3397 modo
981 3368 1120 3404 abreptum
1138 3369 1170 3396 de
1183 3379 1260 3405 grege
1274 3381 1352 3399 vena.

303 3407 371 3443 lium·
387 3408 497 3437 diceres.
541 3410 632 3443 Nempe
645 3414 791 3435 contemtum
803 3407 848 3435 hoc
858 3414 936 3443 genus
944 3404 1089 3441 firuorum,
1106 3411 1136 3432 vt
1149 3405 1221 3440 Syri,
1231 3407 1351 3446 Phryges,
1362 3425 1398 3450 90

304 3444 387 3482 Myfi‚
405 3451 451 3471 etc.
508 3443 548 3471 Sic
561 3444 671 3478 Pingues
684 3443 851 3479 Cappadocas
865 3441 970 3477 pascere
983 3441 1050 3468 Pers.
1063 3440 1114 3468 Sat.
1128 3443 1155 3474 6,
1168 3448 1203 3476 77
1223 3442 1350 3506 degeruis,

303 3485 347 3518 qui
359 3490 389 3508 ex
395 3479 551 3516 Cappadocia
565 3481 637 3505 multi
651 3479 840 3507 aduehebantur.
912 3476 1099 3512 Cappadocum
1111 3483 1236 3505 montana
1269 3478 1350 3507 ohors

304 3520 401 3546 Lucan.
415 3524 441 3552 7,
455 3523 512 3548 225.
584 3514 722 3542 Nobilitas
735 3514 920 3550 Cappadocum
933 3513 1026 3540 Tacit.
1041 3514 1108 3539 Ann.
1124 3521 1164 3547 14,
1178 3514 1218 3539 26.
1276 3516 1351 3542 Man,

304 3553 381 3588 cipiis
395 3551 528 3586 locuples,
548 3556 606 3585 eget
621 3550 688 3578 aeris
701 3551 888 3586 Cappadocum
902 3550 958 3577 Rex
972 3547 1160 3584 H01·.Epist.-1‚
1173 3550 1197 3580 6,
1211 3557 1250 3582 39.
1304 3551 1351 3578 Fe..
1382 3582 1385 3589 .

303 3597 378 3616 roces
400 3589 498 3616 Lucan.
514 3594 543 3620 3,
560 3595 625 3620 244.
1365 3599 1398 3627 9.

340 3631 356 3650 c
369 3621 623 3654 APPAndcvs,
643 3629 674 3654 a,
692 3630 747 3648 um.
783 3621 846 3649 Adi.
882 3628 927 3655 vt,
948 3619 1064 3648 Martial.
1085 3628 1130 3652 10,
1142 3620 1195 3654 76,
1209 3628 1221 3652 3
1247 3620 1305 3648 Nee
1318 3621 1351 3649 de
1384 3610 1397 3627 ³

304 3659 466 3694 Cappadocis
477 3666 556 3693 eques
570 3656 679 3684 catastis.
716 3655 828 3684 Laetum
841 3656 997 3693 Cappadoca
1015 3655 1082 3683 Plin.
1095 3663 1138 3689 19,
1153 3660 1176 3686 8.

342 3701 389 3722 CA
398 3702 413 3721 Ρ
423 3702 437 3722 Ρ
446 3702 467 3722 A
480 3701 497 3721 D
506 3701 526 3721 o
536 3693 555 3720 'c
567 3700 576 3720 1
588 3699 606 3718 v
617 3699 630 3720 s
640 3712 649 3726 ,
667 3701 680 3719 a
690 3712 698 3724 ‚
719 3701 772 3718 um.
809 3692 885 3720 Idem.
921 3699 967 3725 vt,
985 3689 1270 3726 GemmaCappadocia
1283 3692 1349 3722 Plin.

305 3737 346 3765 37,
360 3739 395 3756 10.
464 3728 575 3764 Zizipha
589 3728 754 3763 Cappadocia
773 3727 810 3754 Id.
825 3736 864 3760 21,
876 3736 902 3761 9.

344 3771 361 3791 c
375 3771 396 3791 A
406 3772 420 3791 Ρ
429 3772 444 3791 Ρ
454 3772 473 3791 A
484 3772 501 3792 n
511 3773 529 3792 o
541 3771 558 3792 c
570 3771 591 3792 A
602 3771 620 3792 R
630 3770 647 3792 c
656 3771 676 3791 1-1
685 3771 694 3791 1
702 3770 740 3796 A,
759 3771 798 3789 ae.
835 3763 854 3789 f.
892 3760 1064 3796 [Kanna-lona
1078 3762 1146 3797 χῐα]
1183 3761 1350 3791 Sacerdotium
1359 3778 1408 3798 100

306 3800 474 3835 Cappadociae
489 3803 642 3836 prouinciae.
690 3798 854 3826 Modestinus
876 3797 893 3824 1.
907 3798 1039 3826 Diximus.
1078 3818 1085 3826 .
1098 3798 1132 3826 de
1143 3798 1256 3825 excusat.
1269 3805 1350 3827 tutor.

306 3836 461 3863 Prouinciae
477 3836 669 3869 sacerdotium,
687 3841 716 3862 vt
730 3833 873 3867 Asiarchia,
893 3832 1354 3868 Bythyniarchia,Cappadocarchia‚

307 3870 415 3908 praebet
439 3879 452 3897 a
477 3871 566 3898 tutelis
587 3871 800 3903 immunitatem,
820 3869 883 3896 dum
903 3869 928 3896 ei
947 3871 1054 3898 muneri
1069 3869 1133 3906 quis
1141 3869 1251 3906 praeest.
1292 3870 1350 3897 Vid.

306 3909 368 3936 Ant.
383 3907 449 3940 Aug.
465 3905 511 3932 lib.
526 3907 587 3942 fing.
601 3908 633 3934 ad
647 3905 758 3950 Modest5
771 3915 796 3941 p.
810 3913 865 3940 407
872 3904 915 3942 sq.

346 3948 364 3970 c
375 3949 397 3971 A
405 3949 421 3971 Ρ
432 3947 448 3968 Ρ
459 3941 482 3969 A‘
490 3948 509 3968 R
518 3949 530 3968 1
538 3948 550 3968 s
558 3962 567 3975 ‚
587 3943 618 3970 is.
645 3943 665 3970 f.
702 3942 716 3977 [
723 3943 863 3976 καππαμε]
900 3941 1012 3968 Fruticis
1022 3949 1109 3978 genus.
1145 3940 1271 3977 Capparin
1283 3940 1354 3968 radi·
1362 3952 1406 3978 ¹05
1419 3945 1524 3970 Homine
1542 3944 1610 3979 dici,
1626 3941 1757 3979 ¹Apuleius
1775 3939 1878 3969 Florid.
1897 3948 1909 3968 x
1932 3939 2054 3975 ostmdiss
2073 3941 2103 3968 de
2115 3939 2243 3978 Apollinis
2252 3935 2353 3974 facie<
2397 3948 2421 3973 .'

858 2871 954 2897 Nomen
971 2872 1058 2897 literae
1074 2870 1165 2896 Graec‘e
1184 2876 1220 2902 K,
1239 2875 1285 2904 Pro
1304 2877 1352 2905 qua
1372 2881 1404 2910 75
1418 2872 1546 2908 Caprifici
1560 2872 1614 2899 dies
1628 2868 1661 2906 est
1673 2870 1763 2897 Mense
1775 2870 1855 2896 Iunio
1868 2872 1938 2897 circa
1952 2869 2109 2902 solstitium,
2124 2878 2154 2897 vt
2167 2879 2196 2897 ex
2209 2869 2273 2897 Pall.
2288 2864 2381 2905 Maxi,
2396 2872 2416 2903 ,ἲ

1415 2371 1513 2397 ciliare.
1548 2369 1610 2396 Pall.
1625 2369 1704 2395 Mart.
1721 2377 1758 2400 10,
1771 2373 1802 2398 28
1829 2369 1919 2395 Mense
1939 2369 2018 2395 Iunio
2034 2370 2103 2396 circa
2118 2369 2261 2401 solstitium
2281 2372 2367 2406 capri.
2378 2378 2385 2392 ὲ

1416 2407 1477 2433 sunt
1493 2404 1601 2432 arbores
1615 2401 1675 2437 fici',
1691 2403 1720 2430 id
1735 2403 1771 2430 est
1785 2404 1959 2438 suspendendi
1972 2405 2048 2439 grossi
2062 2413 2093 2431 ex
2108 2404 2251 2438 caprifico,
2268 2406 2325 2433 lino
2337 2403 2390 2434 ue

1416 2447 1443 2469 ta
1458 2441 1565 2477 pertusi.
1601 2440 1629 2467 Si
1643 2439 1693 2467 hoc
1703 2439 1780 2472 defit,
1801 2439 1923 2467 abrotani
1932 2441 2008 2474 virga
2023 2440 2200 2475 suspenditur,
2220 2443 2267 2468 adt
2279 2442 2407 2474 εεΙΙυωι,

1417 2478 1447 2504 in
1464 2477 1561 2504 vlmeis
1580 2476 1655 2503 foliis
1675 2475 1830 2509 inuenitur,
1849 2482 1895 2502 aut
1914 2476 2028 2502 arietina
2048 2485 2148 2503 cornua
2168 2476 2234 2504 circa
2248 2477 2349 2504 radices

1416 2556 1445 2576 vt
1459 2548 1534 2584 possit
1547 2548 1646 2582 humor
1659 2548 1775 2574 effluere.
1846 2548 1920 2583 Conf.
1934 2549 1992 2574 Iun.
2006 2556 2030 2581 ς,
2044 2557 2068 2575 2.
2141 2547 2208 2574 Plin.
2235 2549 2272 2581 16,
2292 2543 2334 2584 27
2346 2548 2422 2575 Sunt·

1417 2585 1523 2612 biferae
1543 2585 1571 2611 in
1587 2583 1695 2610 eisdem.
1767 2583 1798 2610 In
1817 2583 1870 2610 Cea
1887 2584 1971 2610 insula
1985 2583 2104 2619 caprifici
2116 2584 2226 2611 triferae
2238 2583 2301 2618 sunt.
2350 2583 2420 2618 „Pr-ii

1416 2622 1494 2649 foetu
1508 2622 1616 2656 sequens
1628 2624 1771 2651 cuneatur,
1790 2619 1910 2654 sequenti
1925 2620 2026 2646 tertius.
2044 2620 2095 2647 hoc
2113 2619 2158 2646 fici
2171 2618 2359 2654 caprifiea'ntur.

1458 2664 1475 2684 c
1488 2664 1510 2684 A
1520 2664 1534 2683 Ρ
1545 2663 1625 2684 R1F1
1634 2663 1650 2683 c
1659 2658 1682 2682 A
1692 2660 1714 2681 ‘r
1725 2661 1765 2682 10
1774 2674 1781 2686 ‚
1800 2656 1867 2682 onis.
1903 2655 1922 2682 f.
1940 2663 1949 2670 ·
1960 2655 2122 2692 [ἒμνασμδς]
2159 2657 2230 2684 Satis
2258 2657 2308 2683 iam
2331 2653 2420 2692 desere}

2332 2707 2334 2711 ’
2360 2687 2406 2719 ’ίιῦἶ

1453 2728 1769 2759 CAPR1F101A1.1S,
1786 2735 1808 2752 e.
1844 2727 1905 2754 Adi.
1942 2726 2119 2762 Caprificialis
2139 2726 2195 2754 dies
2214 2728 2271 2763 quis
2289 2731 2425 2768 eng-'j'

1416 2765 1519 2792 tabatur
1531 2766 1597 2791 alias
1608 2763 1786 2795 adPlin.11‚15
1805 2763 1876 2789 Huic
1890 2763 2042 2790 vindemiae
2049 2763 2243 2797 Atticifignum
2252 2761 2346 2789 dedere
2366 2763 2425 2799 'CA'

1418 2800 1605 2836 caprificialem
1620 2799 1691 2826 diem
1704 2798 1824 2825 Vulcano
1839 2800 1939 2826 sacrum
1953 2809 1958 2825 :
1993 2799 2037 2826 vbi
2051 2802 2126 2825 vario
2140 2799 2311 2829 tentabantur.
2337 2797 2383 2832 ⁸⁴.
2404 2802 2418 2837 g

1418 2837 1510 2863 doinus
1523 2846 1552 2863 ex
1565 2836 1640 2864 MSS.
1709 2834 1821 2860 Initium
1852 2834 1969 2870 caprifici
1981 2844 1988 2865 ;
2026 2834 2075 2861 alii
2105 2834 2178 2862 diem
2209 2833 2330 2861 Vulcano
2364 2836 2379 2863 'J
2400 2832 2417 2862 ss]

1416 2909 1536 2936 vidimus.
1607 2906 1718 2934 Vulcani
1732 2906 1788 2932 dics
1799 2915 1861 2946 quae
1873 2908 1938 2934 alias
1958 2906 2115 2933 Vulcanalia
2128 2917 2136 2938 3
2166 2905 2253 2941 paullo
2269 2910 2348 2940 nemp
2374 2921 2378 2931 5

1418 2945 1509 2973 Italiae
1523 2944 1638 2971 mellatio.
1712 2943 1753 2970 Ita
1767 2941 1832 2968 Plin.
1845 2947 1868 2975 8,
1883 2950 1909 2975 33
1926 2943 1944 2969 s.
1959 2950 1985 2973 51
2007 2940 2145 2976 Solstitium
2158 2940 2269 2978 defignat
2282 2939 2363 2970 εἰκῇ,Α
2413 2939 2416 2946 ’

1419 2990 1478 3013 cos,
1497 2980 1542 3007 vbi
1555 2978 1704 3007 Harduinus
1717 2977 1788 3004 diem
1801 2978 1990 3012 caprificialem
2010 2977 2141 3012 (nondum
2155 2977 2258 3014 scilicet
2273 2976 2328 3004 dela
2369 2982 2371 2984 “

1418 3023 1499 3044 terum
1512 3016 1611 3050 locum)
1624 3024 1672 3041 non
1685 3013 1788 3040 damnat
1797 3033 1806 3046 ,
1818 3013 1867 3049 Jed
1880 3013 1909 3040 de
1925 3014 2126 3049 capt-ficationis
2137 3020 2245 3049 tempore
2258 3013 2366 3048 explico*

1453 3059 1501 3080 CA
1513 3058 1528 3078 Ρ
1542 3057 1734 3083 RIGENVS,
1754 3056 1938 3082 CAPR1LE,
1957 3055 2200 3084 CAPR1L1.vs‚
2221 3047 2277 3075 vid.
2296 3051 2364 3078 c·='{

1422 3117 1423 3120 ,
1453 3094 1500 3115 CA
1510 3094 1525 3114 r
1534 3095 1553 3115 R
1563 3095 1572 3115 1
1581 3094 1606 3114 M
1615 3094 1636 3113 ν
1645 3093 1661 3113 1.
1671 3092 1692 3113 G
1700 3092 1721 3113 v
1730 3092 1743 3113 s
1751 3105 1760 3118 ,
1779 3085 1798 3112 i.
1836 3094 1872 3111 m.
1909 3083 2084 3120 [ωἷγοθήλης]
2119 3087 2163 3121 qui
2174 3091 2266 3120 capras
2277 3083 2361 3112 mul

1415 3123 1531 3151 Conuicio
1543 3122 1576 3158 egli
1589 3121 1685 3152 Catull.
1699 3121 1786 3157 Epigr.
1799 3129 1840 3154 22,
1853 3129 1871 3155 9
2318 3139 2328 3159 1
2359 3125 2362 3131 ¹

1612 3159 1685 3186 Haec
1698 3167 1780 3193 quum
1793 3156 1878 3192 legas,
1896 3162 1953 3184 tum
1966 3155 2052 3183 bellus
2066 3155 2114 3182 ille
2131 3161 2158 3182 et
2175 3153 2292 3182 vrbanus
2321 3164 2326 3170 ·

1612 3194 1731 3222 Suffenus
1743 3202 1810 3220 vnus
1829 3192 2024 3228 caprimulgus,
2042 3198 2087 3219 aut
2106 3192 2198 3225 fossbr,

1613 3231 1711 3259 Rursus
1723 3228 1840 3257 videtur.
2352 3239 2365 3263 g

1417 3264 1439 3305 fl
1459 3274 1475 3293 2
1499 3266 1702 3302 Caprimulgus,
1716 3268 1798 3298 Auis,
1813 3264 1841 3291 de
1856 3274 1903 3300 qua
1917 3263 1986 3290 Plin.
2001 3270 2040 3296 10,
2054 3272 2091 3297 40
2110 3263 2146 3290 Ca
2166 3261 2278 3297 rimulgi
2291 3262 2367 3297 appe'

1416 3301 1698 3337 grandiorismerulae
1711 3300 1815 3337 aspediu
1830 3300 1901 3327 fures
1915 3299 2056 3327 nocturni:
2076 3299 2146 3326 inter
2166 3300 2195 3326 iu
2212 3298 2285 3325 enim
2297 3297 2358 3335 visti

1415 3340 1519 3366 Intrant.
1533 3336 1670 3373 pastorum
1679 3337 1794 3370 stabula,
1810 3344 2001 3371 caprarumque
2014 3334 2142 3362 vberibus
2155 3334 2281 3361 aduolant
2292 3334 2365 3360 [πᾶν

1415 3381 1475 3410 pter
1489 3373 1562 3402 laffis
1577 3385 1582 3401 :
1609 3383 1661 3410 qua
1674 3373 1775 3402 iniuria
1794 3372 1861 3400 vber
1875 3372 2023 3405 emoritur,
2040 3371 2179 3407 caprisque
2198 3369 2324 3408 caecitas,
2348 3373 2363 3402 ³·v

1413 3410 1546 3443 mulsere,
1564 3409 1699 3437 oboritur.
2172 3423 2175 3428 ν
2262 3431 2265 3434 .
2346 3431 2359 3442 ,.

1453 3449 1904 3480 CArRmvs30A1³R1sso‚
1930 3447 2243 3479 oAeronsEvs,
2273 3438 2328 3467 vid.
2354 3449 2366 3458 ·>
2409 3464 2413 3469 .

1451 3488 1641 3515 CAPR1vs,
1669 3481 1689 3508 i.
1724 3489 1761 3507 m.
1803 3480 1864 3509 Viri
1881 3488 1983 3513 nomen,
2002 3477 2067 3516 quod
2079 3476 2272 3511 Antonormfiae
2290 3475 2314 3504 lo
2351 3489 2357 3500 κ
2412 3475 2415 3483 ”

1417 3518 1511 3554 Nempe
1527 3518 1622 3545 Horat.
1635 3517 1718 3545 Serm.
1736 3525 1756 3549 1,
1774 3525 1803 3550 4,
1823 3517 1855 3549 65
2350 3523 2363 3526 ·

1767 3551 1869 3578 Sulcius
1887 3559 1947 3578 acer
2282 3564 2289 3570 —
2340 3559 2356 3574 -,

1573 3587 1716 3621 Ambulat,
1733 3592 1760 3614 et
1773 3587 1886 3622 Caprius
1900 3594 1995 3614 raucus
2006 3583 2093 3616 male,
2110 3591 2224 3619 cumque
2234 3579 2348 3622 libel

1571 3625 1684 3664 Magnus
1700 3629 1813 3658 vterque
1832 3623 1915 3650 timor
1933 3620 2089 3649 latronibus.
2296 3631 2298 3634 ·

1423 3659 1472 3686 Vbi
1485 3659 1589 3694 Acron,
1605 3660 1707 3688 Sulcius
1721 3665 1747 3686 et
1760 3659 1871 3694 Caprius
1884 3657 1995 3685 nomina
2001 3655 2117 3682 fuerunt
2130 3653 2296 3696 delatorum.

1416 3703 1457 3722 res
1472 3695 1568 3724 volunt
1585 3696 1662 3723 fuiss‘e
1685 3696 1839 3724 causarum:
1873 3693 1938 3721 inde
1955 3691 2037 3720 etiam
2054 3691 2139 3717 Rauci
2157 3690 2299 3718 traduntur

1413 3739 1428 3757 a
1447 3730 1517 3758 endi.
1892 3747 1896 3752 -
1918 3735 1921 3740 '

1429 3740 1690 3800 gcArnouAss,
1719 3767 1762 3794 vel
1786 3767 2044 3795 CAPRONEAE,
2071 3765 2170 3789 arum:
2197 3757 2326 3801 [cynici-f
2361 3763 2367 3787 ἰ

1418 3801 1478 3828 nius
1493 3811 1521 3836 1,
1535 3808 1562 3833 81
1587 3802 1702 3835 Comae,
1722 3809 1790 3837 quae
1811 3805 1871 3826 ante
1887 3799 2005 3825 frontem
2026 3798 2100 3830 sunt,
2122 3797 2193 3833 quasi
2212 3804 2228 3824 a
2242 3797 2361 3835 capue
2401 3805 2406 3830 ξ

1419 3837 1524 3865 Festus:
1552 3839 1704 3873 Capronae,
1717 3837 1737 3864 E
1757 3842 1853 3867 uorum
1868 3833 1949 3861 iubae
1963 3833 1993 3860 in
2005 3833 2123 3861 frontem
2136 3834 2265 3861 deuexae:
2289 3828 2306 3857 d
2323 3832 2363 3871 θα
2399 3835 2407 3865 ¹„

1418 3882 1433 3900 a
1445 3873 1539 3909 Capite
1559 3882 1666 3909 pronae.
1736 3846 1821 3898 {ucis
1841 3869 1891 3897 Sat.
1907 3877 1924 3904 7
1950 3869 2044 3904 Aptari
2063 3875 2140 3905 eaput
2159 3875 2185 3896 at
2196 3869 2238 3895 'ue
2254 3872 2315 3894 ¹com
2333 3867 2408 3910 χρή.
2420 3869 2427 3878 ”
2468 3874 2469 3877 ’

1418 3918 1543 3943 capronas
1577 3909 1651 3937 Altas
1670 3905 1806 3934 flentibus
1823 3905 1961 3938 immistas,
1981 3911 2010 3932 vt
2027 3914 2085 3932 rnos
2103 3905 2164 3932 fuit2
2176 3878 2241 3932 iilis-³
2258 3912 2281 3922 *²
2307 3899 2339 3927 δ”
2402 3909 2404 3911 ’
2435 3916 2437 3923 v
