2474 4182
27 153 72 192 93
442 133 662 179 ADD

29 232 94 256 tinet
118 229 182 256 Hor.
196 228 245 255 Sat.
261 235 293 260 2,
305 234 334 261 5,
358 236 403 260 109
428 227 453 254 Si
468 226 526 262 quis
539 225 618 252 Forte
631 222 791 250 coheredum
812 222 900 250 senior
921 222 989 249 male
1012 224 1063 250 tus-

33 266 92 297 fiet,
112 264 171 290 huic
183 270 210 290 tu
225 264 273 290 Dic
285 284 292 296 ,
314 273 345 289 ex
361 271 433 298 parte
447 270 491 290 tua
503 262 546 288 seu
558 260 635 286 fundi
651 260 702 285 liue
717 259 810 285 domus
825 259 854 285 fit
874 261 980 292 liniter,
1002 268 1063 294 gau-

33 301 132 327 dentem
146 308 254 325 nummo
267 306 292 325 te
305 299 432 326 addicere.
469 299 571 324 Sueton.
588 296 659 322 Caes.
672 303 702 326 50
724 295 797 321 Bello
811 295 901 327 ciuili,
914 296 988 330 super
1000 295 1061 320 alias

33 330 196 365 donationes,
217 335 369 370 amplillima
387 333 491 369 praedia
509 341 540 358 ex
558 331 727 357 auctionibus
746 330 832 357 hallae
852 332 877 357 ci
901 330 1062 363 (Seruiliae)

30 379 137 399 nummo
158 370 267 397 addixit.
339 366 500 406 Scdflutfsuat
511 368 551 394 hie
563 366 636 393 lcfito
648 374 672 392 et
678 367 803 402 Ji‘ntcntzu
818 370 884 393 intur
898 374 1019 396 nummo,
1040 370 1064 389 ct

31 406 150 432 minimo.
188 408 254 442 Qun
271 406 314 433 hoc
321 407 399 443 strici·
411 406 533 431 orationis
540 402 612 438 fucit
620 402 679 438 ferr
689 403 851 438 probabilius.
897 404 944 429 Res
956 399 1062 436 quid-sm,

29 444 46 467 i.
61 447 136 467 totum
150 441 193 467 hoc
208 452 282 474 acutis
295 443 406 468 emtionis
419 439 574 475 e’tfin·mm'a.'
588 445 680 464 certum
693 438 740 471 ‘st’
759 439 811 464 vul.
828 439 882 465 Val.
898 438 965 464 Max.
982 443 1010 467 5,
1035 443 1060 465 2,

30 485 66 503 ιο.
102 474 255 511 Ain-agaim„
269 476 330 504 [llud
340 475 424 502 cli-indu
437 473 607 510 quodammodo
621 472 677 507 isti,
694 473 810 507 rquu'el‘a
830 472 938 501 donandi
949 472 1061 511 licentia,

29 519 132 547 apparit
163 509 191 539 ιῖι·
225 513 333 547 Digestis
350 520 391 544 19,
417 519 447 542 2,
467 512 503 542 46
522 516 545 535 ct
565 518 609 542 41,
631 518 662 541 2,
681 518 719 536 10.
761 510 819 536 vid.
854 514 955 536 chls
976 510 1059 532 cama.

31 547 204 584 Pcrfiqmmmr
218 558 265 575 mm
277 550 342 575 loca,
360 547 403 572 vbi
416 544 544 572 Addicere
557 543 589 577 ist
604 545 715 571 vendwc.
754 547 809 573 Cic.
824 547 897 572 Verr.
911 551 938 574 3,
956 561 962 567 .
986 562 992 567 .
1016 561 1022 566 .

30 583 85 609 Iam
100 584 210 610 ailcliclis
221 591 245 610 et
260 582 371 609 venditis
385 581 508 608 decumis.
546 581 602 607 Cic.
618 580 729 616 Philipp.
754 590 782 614 2,
802 589 828 615 ς,
850 588 866 606 2
892 578 960 603 Cum
975 583 1000 603 te
1015 585 1060 602 ne-

31 628 82 653 quc
97 620 224 654 principes
237 619 349 644 ciuitatis
360 617 493 651 rogando,
510 626 594 650 neque
610 618 723 643 maiores
736 624 798 644 natu
810 613 955 645 mouendo,
972 621 1059 647 neque

31 655 154 689 frequens
175 656 273 681 senanw
294 652 393 687 agendo
416 653 447 679 de
469 653 575 679 vendita
591 660 669 687 atque
687 653 791 680 addicta
805 650 930 689 sententia
950 657 1060 675 mouere

32 691 127 724 potuit.
163 692 202 717 Sic
214 688 351 715 Addiciam
366 689 452 723 pretio
466 688 564 715 habere
580 688 659 715 fidem
673 696 697 715 ct
709 688 863 722 religionem
882 686 937 711 Cic.
951 686 1026 711 Vcrr.
1035 693 1061 717 2,

32 732 64 760 78
85 729 109 753 ι’..
132 725 166 752 ob
190 733 245 751 rem
279 724 444 751 iudicandam
480 725 619 759 pecuniam
651 726 780 759 accipere,
798 727 827 747 vt
860 720 911 756 'Pfi
942 720 1061 746 declarat.
1077 728 1100 755 15
1118 720 1185 747 Plin.
1199 725 1242 752 28,
1263 729 1282 752 4
1296 720 1314 745 s·
1329 727 1363 745 12.

32 759 54 801 ff
76 770 90 788 2
112 762 234 788 Nimirum
249 770 296 786 non
309 760 343 786 inl
356 760 519 786 venditawzmri
532 760 601 787 mollo
612 764 736 796 pertinet,
748 756 796 794 fid
809 756 924 789 addicit,
945 759 988 792 qui
1006 766 1062 792 quo-

32 805 120 832 cunque
133 795 325 831 inodofacit‚11t
337 806 376 823 rrs
383 795 496 822 adultum
511 797 636 833 transcat,
646 794 739 829 statum
752 799 834 818 mum.
872 790 912 826 Est
925 795 1007 828 itaque
1022 792 1064 818 do-

31 841 101 862 nare,
121 829 249 863 dcstinare,
263 831 392 863 damnare,
413 832 496 858 dicare
509 840 553 858 cte.
626 831 749 858 Addicere
760 829 820 854 suos
839 837 941 854 amores
958 828 1064 854 crudele

31 867 66 893 est
90 867 168 893 Ouid.
191 868 254 894 Met.
280 876 305 900 1,
326 870 372 902 617
394 867 421 894 dc
436 870 480 899 lo,
502 878 572 904 qnam
595 863 742 898 donaristbi
757 875 772 890 a
788 866 857 895 IouF,
876 865 1063 899 Iunopcticrat.

29 902 184 936 Sanguinem
197 903 306 929 alicuius
333 904 388 930 Cic.
402 904 429 930 in
441 905 524 930 Pison.
540 909 576 935 83.
643 901 679 934 ld.
694 899 749 933 post
763 900 863 926 Redin
881 900 938 926 Sen.
958 902 985 926 16
1026 901 1061 926 Vt

30 937 198 964 Consularem
210 938 380 973 dignitatem,
401 946 429 965 vt
442 940 507 976 reip.
521 940 626 969 statum,
646 942 674 962 Vt
689 936 795 962 Senatus
813 936 1015 968 audientum,
1033 942 1062 962 vt

29 973 93 1000 ciuis
104 975 203 1007 optime
214 974 304 1001 meriti
316 975 434 1002 fortunas
447 976 641 1010 prouinciarum
651 971 759 997 foedere
770 971 912 998 addiceres.
949 971 1062 998 Addicla

28 1009 84 1035 vita
97 1009 221 1042 alicuius,
241 1017 266 1037 et
278 1012 410 1045 propolim
425 1012 548 1046 praemiis
566 1009 618 1035 Cic.
633 1016 680 1042 pro
691 1007 786 1034 Milon.
800 1015 840 1041 57.
878 1007 1006 1034 Addicere
1016 1006 1062 1033 bo-

28 1054 61 1071 na
74 1044 101 1070 in
113 1045 261 1078 publicum,
282 1047 410 1073 Publicae-e
432 1048 503 1074 Caes.
515 1045 574 1072 Bell.
588 1043 669 1070 Ciuil.
682 1051 697 1069 2
706 1063 714 1075 ,
735 1048 769 1073 18.
813 1043 869 1069 Cic.
884 1045 960 1070 Verr.
975 1052 1000 1075 1,
1013 1051 1063 1076 144

29 1079 166 1107 Addicitur
179 1081 206 1107 id
216 1091 281 1116 opus
299 1083 355 1109 HS.
376 1084 454 1109 DLX
472 1080 600 1112 millibus,
620 1082 638 1105 i.
652 1081 756 1106 locatur.
795 1079 850 1105 Cic.
864 1079 916 1106 Off.
929 1088 951 1111 3,
961 1087 992 1112 43
1000 1088 1021 1104 c.
1033 1087 1062 1104 10

29 1115 97 1142 Cum
115 1117 136 1142 is
155 1117 202 1151 qui
218 1118 300 1144 morti
317 1118 435 1144 addictus
452 1118 522 1149 ess'et,
543 1124 637 1150 paucos
654 1115 709 1141 dies
721 1114 991 1141 commendandorum
1005 1115 1064 1140 suo-

28 1160 87 1178 rum
102 1155 184 1187 gratia
196 1153 349 1188 postulasset.
386 1154 431 1181 Sed
441 1155 512 1179 ctiam
525 1154 551 1177 in
565 1152 685 1178 rcleuiori
700 1151 755 1177 Cic.
768 1150 799 1177 de
813 1152 871 1177 lnu.
883 1160 913 1183 2,
935 1159 947 1183 ς
969 1150 1062 1184 Qiod-

28 1186 60 1213 li:
81 1187 224 1215 incaeteris
232 1198 338 1225 quoque
351 1189 440 1215 studiis
452 1197 465 1214 a
479 1187 568 1214 multis
582 1187 679 1222 eligere
691 1187 812 1213 homines
825 1186 1063 1214 commodissimum

0 1232 1 1242 ³
17 1223 167 1259 -quodque,
186 1234 265 1260 quam
277 1226 301 1252 se
312 1227 336 1252 se
349 1225 393 1251 vni
404 1224 482 1251 alicui
497 1229 568 1250 certo
579 1223 676 1249 vellent
689 1223 825 1255 addicere,
844 1223 931 1249 minus
949 1223 977 1249 in
990 1231 1063 1249 arro-

28 1260 115 1293 gantia
133 1260 311 1293 ostenderent,
328 1269 380 1287 non
396 1266 530 1295 tantopere
550 1260 578 1286 in
595 1259 670 1285 vitiis
686 1260 897 1293 perseuerarent,
922 1259 1060 1293 aliquanto

0 1293 1 1326 l
29 1294 112 1322 leuius
124 1304 156 1322 ex
169 1297 303 1324 inscientia
315 1296 470 1324 laborarent.
542 1296 583 1323 Sic
601 1294 729 1321 Addicere
744 1296 769 1321 sc
784 1300 809 1321 et
821 1296 972 1321 consecrare
984 1294 1062 1321 certis

28 1331 163 1359 sententiis
176 1333 256 1359 Tusc.
268 1341 296 1364 2,
315 1352 321 1358 .
344 1352 350 1358 .
426 1333 482 1358 Cic.
498 1331 527 1358 in
543 1330 641 1358 Sallust.
660 1340 681 1357 11
710 1331 776 1357 Non
792 1330 863 1357 enim
876 1331 922 1357 vni
935 1331 1064 1365 priuatim

28 1367 163 1393 ancillatus
178 1369 247 1400 sum,
265 1377 347 1403 neque
359 1377 401 1394 me
412 1367 510 1394 addixi.
582 1367 683 1401 Corpus
700 1367 774 1392 suum
792 1366 950 1401 turpiffimae
963 1366 1065 1401 cupidi-

29 1403 78 1429 tati
110 1403 147 1429 Ad
161 1405 256 1430 Hcren.
269 1413 301 1437 4,
323 1412 350 1435 23
365 1414 386 1430 c.
401 1406 437 1430 16.
507 1403 650 1429 Pueritiam
667 1403 739 1429 suam
756 1403 832 1429 omni
845 1403 1065 1437 intemperantiae

0 1442 2 1477 ’ἰ
31 1438 71 1465 Ad
84 1440 181 1465 Hercu.
196 1449 228 1472 4,
245 1448 288 1473 24.
326 1440 356 1466 Se
367 1439 465 1466 senatui
481 1439 536 1465 Cic.
550 1447 598 1473 pro
610 1439 692 1465 Plane.
706 1447 745 1471 93.
784 1439 815 1465 Se
831 1445 972 1474 perpetuae
985 1439 1066 1465 serui-

30 1475 83 1500 tuti
103 1475 175 1501 Cacs.
189 1475 217 1501 B.
229 1475 259 1501 G.
273 1483 305 1509 7,
324 1483 368 1510 77.
390 1477 419 1502 In
432 1475 585 1502 seruitutem
603 1474 663 1502 Liu.
677 1483 704 1506 3,
722 1476 760 1507 56.
919 1473 940 1517 fl
962 1484 974 1507 3
998 1474 1067 1501 Iudi-

29 1511 92 1536 cIaIe
105 1510 202 1537 verbum
213 1509 245 1543 cst
259 1519 281 1536 rt
297 1512 464 1542 Praetorium,
483 1520 535 1537 cum
553 1510 681 1537 debitorem
695 1510 833 1536 obaeratum
845 1509 976 1537 adiudicat
989 1510 1067 1537 credi-

31 1548 83 1572 tori
122 1546 202 1573 Plaut.
215 1548 292 1573 Poen.
305 1556 313 1572 1
323 1567 330 1578 ‚
352 1556 376 1578 1,
398 1552 425 1579 58
458 1546 511 1572 Vbi
523 1546 550 1571 in
562 1547 602 1572 ius
615 1546 733 1578 venerit,
753 1546 856 1572 addicet
868 1548 977 1573 Praetor
988 1547 1066 1573 fami-

31 1581 94 1607 liam
106 1587 187 1608 totam
198 1582 257 1607 tibi.
304 1583 335 1607 Et
347 1590 368 1614 5,
376 1584 400 1613 6,
415 1590 449 1613 24
474 1582 547 1615 Quin
560 1589 664 1616 egomet
679 1581 729 1608 tibi
742 1591 784 1608 me
796 1582 903 1609 addico:
921 1582 986 1618 quid
994 1584 1067 1609 Prac-

3 1827 4 1859 i
27 1828 46 1856 l.
57 1838 98 1863 39.
120 1829 140 1871 ¹:
151 1832 195 1865 46.
216 1830 269 1872 911.
282 1836 321 1861 80.
357 1832 388 1858 D.
403 1832 434 1858 de
446 1831 527 1858 iudic.
566 1833 597 1859 Et
611 1833 648 1859 ita
660 1833 780 1860 addictus
793 1834 896 1861 aelioni
908 1835 1067 1862 arbitrariae

2 1909 5 1930 Ι
26 1865 267 1929 ἓιυάὶῗᾶὲὲὲάῗῃιῗὲι
278 1866 338 1893 fine.
374 1868 406 1894 D.
419 1867 491 1903 quod
503 1872 566 1896 cert.
580 1868 630 1895 loc.
668 1871 737 1896 Hinc
749 1870 806 1896 Sen.
821 1871 868 1905 Ep.
881 1873 916 1897 66
936 1872 982 1897 Te
998 1870 1069 1897 arbi-

25 2011 165 2037 Practorem
185 2010 277 2040 iuberi,
297 2013 377 2035 aiunt.
427 2010 497 2035 Certe
508 2008 632 2044 firmatur
649 2009 708 2034 hacc
719 2009 847 2044 sententia
864 2010 916 2036 Ioco
935 2009 1070 2035 Macrobii

4 2044 6 2078 l
25 2046 76 2072 Sat.
90 2053 109 2077 1,
125 2047 153 2072 16
172 2044 320 2072 Trebatius
332 2059 376 2074 -,.—
387 2044 439 2076 ait,
453 2043 579 2070 nundinis
593 2044 773 2078 magistratum
791 2045 859 2077 posse
880 2043 1069 2067 manumittere

4 2093 6 2110 z
25 2081 178 2115 iudiciaque
190 2080 318 2107 addicere.
492 2089 510 2111 4
536 2081 565 2104 Ιη
578 2080 694 2112 augurali
712 2078 846 2110 dz‘fivplina
858 2075 989 2101 Addicere
1006 2084 1067 2101 aues

4 2129 7 2134 ·
28 2116 188 2146 ἀίειυιηιν,,ι’.
197 2114 342 2152 significare
354 2114 491 2148 confinjum
503 2119 528 2138 et
540 2111 739 2145 approbationem
751 2112 868 2136 Deorum.
905 2111 965 2137 Liu.
980 2119 1023 2145 27,
1039 2112 1068 2137 16

28 2151 113 2178 Fabio
123 2151 266 2186 auspicanti
284 2163 328 2169 —
344 2157 404 2173 aues
418 2146 495 2172 semel
513 2151 592 2180 atque
604 2145 702 2172 iterum
720 2154 774 2171 non
791 2144 959 2173 addixerunt.

5 2195 6 2200 ¹
27 2188 95 2213 Ann.
103 2195 129 2218 2,
142 2193 204 2218 ¹42²·
226 2183 324 2210 Au6tus
338 2183 443 2214 omine,
459 2180 642 2208 addicentibus
657 2181 794 2216 auspiciis,
806 2188 884 2209 vocat
899 2182 1065 2209 concionem.

25 2218 47 2260 ff
67 2229 80 2254 5
105 2221 201 2247 Dubius
218 2218 288 2246 verbi
309 2218 382 2244 huius
399 2217 458 2253 vfits
476 2215 510 2251 ‹st
528 2220 556 2243 in
575 2217 617 2243 illo
635 2217 690 2243 Cic.
705 2217 794 2245 Parad.
809 2227 843 2250 4,
859 2227 869 2244 1
892 2219 947 2253 Ego
963 2228 1028 2246 vero
1041 2225 1068 2246 te

6 2277 7 2280 .
25 2266 80 2285 11011
92 2256 213 2288 stultum,
227 2261 255 2282 vt
268 2255 358 2289 saepe,
375 2262 431 2280 non
449 2252 605 2288 improbum
622 2258 650 2279 vt
669 2253 787 2288 semper,
808 2254 852 2280 sed
872 2253 1021 2282 dementem
1041 2261 1067 2282 et

6 2307 7 2321 ;
26 2294 162 2324 insanum,
186 2289 336 2319 rationibus
352 2289 470 2317 addicam
484 2288 639 2316 necessariis.
678 2289 725 2316 Sed
737 2292 834 2316 incerta
853 2293 935 2317 omnia
947 2291 1021 2328 facit
1037 2293 1068 2318 Ii-

1075 550 1103 567 10
1119 540 1275 568 ditioribus.

1078 911 1109 929 20
1121 899 1235 926 Additur
1251 899 1279 925 in
1294 907 1357 924 caua
1371 897 1491 923 dentium
1505 897 1572 922 Plin.
1590 904 1639 929 29,
1657 901 1679 925 8.

1079 1090 1106 1116 ²5
1118 1088 1200 1104 mones
1214 1081 1326 1113 pertinet
1345 1080 1372 1102 in
1392 1075 1449 1110 istis
1477 1076 1534 1102 Cic.
1548 1076 1620 1102 Fam.

309 1902 438 1930 Addicere
455 1903 545 1937 litem,
573 1907 601 1931 in
622 1906 683 1932 XII
697 1906 790 1932 tabulis
805 1912 854 1940 pro
869 1906 1003 1933 Secundum
1024 1907 1071 1931 ali-

4 1944 5 1948 *
45 1946 94 1964 uem
107 1937 232 1971 iudicare,
251 1938 318 1973 apud
331 1939 399 1965 Gell.
413 1948 451 1974 17,
466 1948 481 1966 2
502 1940 560 1966 Post
581 1940 723 1966 meridiem
747 1940 893 1973 praesenti,
918 1940 994 1965 litem
1027 1938 1070 1964 ad·
1595 1966 1600 1970 ,
2117 1967 2121 1970 ,
2162 1967 2167 1971 .

25 1946 116 2000 dicito.
153 1973 200 2001 Sed
210 1975 257 2001 alii
270 1972 391 2001 astionem
404 1975 473 2000 modo
487 1974 562 2004 dare,
574 1981 598 2000 et
610 1974 644 1999 ad
657 1974 807 2010 litigandum
820 1974 953 2000 admittere
961 1974 1007 2000 hac
1020 1975 1070 2009 Iege
1085 1983 1116 2008 50
1126 1972 1176 1998 ait:
1199 1971 1280 1997 Diine
1294 1969 1364 1995 hune
1378 1966 1502 1993 ardorem
1517 1965 1652 1991 mentibus
1669 1965 1769 1991 addunt
1805 1965 1918 1996 Euryale
1934 1967 1942 1991 3
1981 1965 2074 1991 Calcar
2089 1966 2182 1999 alicui,

1531 129 1753 171 ADD
2062 147 2165 186 μ9,,

1118 221 1184 248 Plin.
1198 226 1232 253 33,
1247 228 1275 245 10
1296 219 1331 246 Vt
1346 219 1450 253 Appion
1463 220 1656 247 Grammaticus
1671 219 1795 254 scriptum
1811 219 1969 254 reliquerit,
1990 219 2121 254 quendam
2134 229 2165 246 ex

1119 257 1186 283 facie
1212 255 1352 282 hominum
1378 254 1577 282 addiuinantcm
1606 256 1916 291 (quosmetoposcopos
1935 260 2054 287 vocant)
2080 264 2112 281 ex
2134 256 2167 282 iis

1119 291 1210 319 dixilse
1223 297 1267 317 aut
1281 291 1387 317 futurae
1401 291 1495 316 mortis
1508 300 1603 323 annos,
1617 298 1661 319 aut
1678 292 1841 326 praeteritae.

1156 334 1178 354 Α
1189 334 1206 353 D
1215 334 1234 353 D
1244 333 1262 353 O
1271 346 1278 358 ,
1300 326 1404 353 add'a‘re.
1433 323 1610 360 [προσδίδωμι]
1649 328 1786 363 Obsbletum
1798 326 1897 354 verbum
1910 328 1982 352 aiunt
1990 332 2038 360 pro
2047 327 2115 353 Dare
2129 326 2170 352 uel

1118 363 1227 390 Addere.
1264 361 1381 389 Laudant
1395 361 1476 387 Plaut.
1490 361 1606 387 Trucul.
1621 370 1648 394 5,
1670 372 1696 394 19
1718 364 1785 390 Tuo
1808 362 1939 391 arbitratu
1960 361 2032 396 quod
2053 360 2169 394 iubebis,

1118 398 1269 425 addabitur.
1307 397 1355 425 Sed
1367 396 1438 424 hodie
1452 396 1550 428 editur,
1570 396 1599 422 Id
1613 397 1727 424 dabitur.

1155 440 1277 465 ADDO,
1298 433 1355 466 i'di,
1376 434 1454 464 itum,
1476 433 1529 458 (Te.
1551 432 1737 467 [προστίθημη
1757 433 1896 468 ἐπιτίθημι,
1906 431 2053 466 insciam]
2074 441 2102 457 cx
2117 431 2168 464 Ad,

1119 477 1142 496 rt
1157 470 1214 501 Do,
1235 468 1278 494 das
1294 479 1301 499 ς
1338 467 1454 499 adiicere,
1475 467 1618 503 adiungere.
1654 468 1729 501 Virg.
1745 469 1810 494 Aen.
1824 479 1856 502 9,
1880 472 1928 503 765
1949 486 1959 491 -
1980 485 1990 490 -
2007 485 2017 490 -
2037 473 2064 494 et
2078 467 2168 494 verbis

1117 505 1181 532 haec
1195 505 1300 539 insuper
1314 504 1395 531 addit.
1453 503 1521 530 Ter.
1537 504 1643 529 Phorm.
1659 511 1686 534 1,
1708 511 1733 534 1,
1755 508 1768 531 8
1788 505 1821 529 Vt
1837 505 1937 538 semper
1948 503 2052 539 aliquid
2072 502 2169 530 addant

1349 539 1460 574 Qiintffl.
1475 548 1510 573 4,
1532 546 1561 571 5,
1584 546 1608 571 15
1630 537 1734 564 Addere
1747 546 1779 564 ex
1793 538 1946 565 abundanti.
2019 540 2090 566 Caes.
2100 540 2127 565 B.
2137 539 2167 565 C.

1118 586 1130 610 3
1141 597 1148 609 ,
1169 585 1205 609 49
1228 577 1305 602 Hunc
1320 576 1440 602 laborem
1454 575 1487 601 ad
1501 574 1658 609 quotidiana
1673 581 1754 607 opera
1766 572 1904 599 addebant.
1976 575 2094 602 Cic,0ff,
2109 584 2128 607 1,
2137 582 2169 608 37

1119 612 1193 646 Qud
1206 612 1238 638 ad
1250 611 1316 638 hanc
1334 610 1563 638 mansuetudinem
1577 609 1638 636 addi
1652 608 1752 643 potest?
1799 608 1874 635 Idem
1887 608 1919 634 ad
1935 610 1986 635 Att.
2000 620 2024 644 1,
2047 620 2070 643 13
2092 612 2123 637 In
2139 611 2171 636 il-

1118 649 1171 674 lam
1185 648 1335 674 orationem
1351 647 1517 673 Metellinam
1530 645 1622 672 addidi
1642 644 1779 680 quaedam.
1850 644 1948 670 Multas
1971 654 2010 671 res
2035 655 2117 673 nouas
2141 647 2171 672 in

1119 683 1236 711 edietum
1251 683 1354 710 addidit
1367 683 1435 717 Nep.
1451 691 1503 715 24,
1524 690 1553 715 2,
1573 690 1597 708 2.
1671 682 1701 707 ln
1721 686 1862 713 Vtramque
1880 688 1970 705 aurem
1995 680 2084 707 addito
2104 691 2170 717 pane

1415 718 1486 747 Adii.
1500 720 1542 749 16,
1563 725 1585 743 11
1615 715 1662 743 Sed
1676 716 1792 743 Balsama
1807 715 1824 740 li
1838 715 1949 749 geminis
1964 716 2090 742 instillans
2101 719 2171 744 auri-

1118 756 1168 783 bus
1182 755 1260 781 addas
1275 754 1485 788 Sammonic.14.
1531 752 1605 789 Conf.
1622 754 1698 779 Varr.
1718 753 1749 778 R.
1776 752 1806 777 R.
1833 761 1857 783 1,
1879 758 1926 783 54,
1950 759 1962 776 2
1993 758 2024 789 ct·
2040 760 2066 783 3,
2087 761 2124 785 13,
2146 763 2170 780 2,

1119 791 1225 819 Colum.
1241 800 1283 823 12,
1303 799 1354 822 22,
1377 799 1395 817 1.
1413 797 1436 816 et
1452 798 1491 822 12,
1509 796 1556 823 57,
1579 797 1607 814 1.
1635 787 1705 815 Vnde
1724 793 1843 822 apParct‚
1864 786 1968 812 Addere
1985 787 2028 819 effe
2050 788 2173 814 nitardum

1113 827 1264 863 simpliciter
1290 826 1389 858 indere,
1409 824 1558 861 infundere,
1578 830 1606 850 at
1628 833 1682 850 cum
1707 826 1826 850 relatione
1848 822 1882 848 ad
1905 831 1966 853 vas,
1987 829 2030 847 aut
2042 831 2113 854 reni,
2134 827 2174 849 cni

1120 865 1262 899 applicatur
1277 872 1287 892 ,·
1323 871 1372 888 non
1395 861 1429 888 ad
1444 861 1540 897 species
1551 861 1638 895 plures
1661 863 1688 885 in
1708 868 1784 885 vnum
1801 867 1848 883 vas
1866 857 2033 884 conficiendas
2056 859 2172 894 intelligi.

1437 897 1441 901 '
1723 894 1827 920 Addere
1844 894 1872 920 in
1885 902 1997 920 coronas
2018 893 2084 920 Plin.
2098 902 2173 926 21,4.

1119 935 1223 962 Addere
1247 935 1275 961 in
1299 940 1363 969 potu
1388 938 1552 967 vnguentum
1572 932 1638 959 Plin.
1655 940 1695 964 13,
1713 939 1735 963 3.
1791 929 1890 963 1d.z5,
1912 938 1934 956 11
1974 930 2069 964 Purgat
2083 936 2173 956 autem

1120 971 1279 1004 cyclaminos
1300 979 1360 996 cum
1373 969 1451 996 melle
1467 969 1494 994 in
1508 977 1582 995 nares
1597 967 1696 994 addita.
1752 965 1856 992 Addere
1870 966 1899 991 in
1912 975 1994 991 ouum
2009 966 2087 991 inane
2108 965 2174 991 Plin.

1122 1016 1163 1039 20,
1173 1015 1214 1033 22.
1250 1005 1365 1032 Additur
1374 1005 1546 1040 inpotionem
1554 1004 1619 1030 Plin.
1628 1011 1717 1035 20,23.
1740 1001 1839 1028 Album
1849 1001 2070 1028 investimentum
2078 1000 2175 1028 addere

1120 1043 1179 1069 Liu.
1188 1051 1215 1075 4,
1224 1050 1253 1074 25
1262 1048 1328 1068 extr.
1346 1041 1405 1068 Vici.
1417 1042 1522 1068 Gronou.
1531 1039 1564 1066 ad
1571 1040 1594 1066 h.
1603 1041 1619 1065 I.
1626 1038 1689 1065 etad
1696 1038 1810 1065 Cic.Att.
1819 1045 1853 1069 13,
1861 1046 1895 1063 20
1903 1046 1942 1071 pr.
2021 1036 2065 1099 32
2074 1036 2176 1073 Adser-

1639 1085 1673 1109 4,
1695 1083 1707 1106 3
1735 1073 1784 1099 Sed
1797 1072 1900 1108 aliquid
1914 1079 1993 1107 atque
2010 1081 2024 1098 a
2046 1082 2077 1099 eo
2091 1073 2175 1100 multa

1120 1114 1219 1140 addunt
1235 1113 1401 1147 afferuntqne
1415 1112 1446 1138 de
1461 1112 1517 1138 su0.
1567 1111 1641 1137 idem
1656 1110 1687 1136 de
1703 1110 1794 1143 Arusp.
1810 1110 1886 1143 Resp.
1910 1129 1915 1134 .
1938 1129 1943 1135 .
1965 1129 1970 1134 .
2011 1108 2089 1136 Nihil
2106 1108 2176 1135 addo

1121 1149 1152 1176 de
1168 1158 1238 1176 meo.
1276 1148 1427 1183 Si'clAddit,
1443 1151 1461 1173 i.
1480 1147 1543 1173 dicit
1551 1153 1683 1181 practerea
1693 1146 1762 1172 Ter.
1777 1145 1841 1171 Eun.
1859 1154 1882 1175 1,
1904 1153 1937 1177 2,
1955 1153 1996 1178 34.
2034 1144 2107 1171 Adde
2115 1144 2177 1177 huc,

1113 1185 1166 1220 Jiue
1181 1187 1240 1212 Huc
1255 1184 1321 1211 adde
1336 1195 1342 1210 :
1374 1184 1489 1220 formula
1504 1180 1814 1218 cannes-leudifintcntias
1825 1191 1832 1205 .·
1871 1180 1931 1206 Liu.
1947 1188 1981 1214 7,
2001 1200 2007 1206 .
2029 1201 2035 1206 .
2057 1200 2064 1207 .
2102 1180 2176 1206 Adde

1120 1221 1170 1248 huc
1187 1220 1388 1256 populationem
1402 1228 1545 1254 agrorum,
1565 1217 1673 1253 praedas
1688 1217 1829 1244 hominum
1846 1222 1925 1251 atque
1946 1215 2076 1250 pecudum
2095 1216 2174 1242 aclas.

1078 1271 1109 1296 30
1121 1257 1195 1284 Adde
1209 1256 1297 1292 quod,
1319 1256 1417 1282 eandsm
1430 1258 1482 1282 vim
1496 1255 1576 1281 habet.
1615 1253 1698 1281 Ouid.
1713 1253 1745 1279 de
1760 1254 1824 1279 Arte
1840 1253 1899 1279 Am.
1913 1261 1936 1285 3,
1956 1257 1998 1285 538
2020 1251 2094 1278 Adde
2101 1252 2174 1287 quod

1120 1293 1229 1320 insidiae
1244 1293 1321 1319 sacris
1335 1301 1350 1318 a
1363 1291 1469 1318 vatibus
1483 1290 1586 1317 absunt.
1660 1289 1734 1316 Adde
1748 1288 1820 1325 quod
1834 1289 1960 1323 ingenuas
1980 1287 2098 1315 didiciffe
2112 1287 2176 1314 iidc-

1120 1330 1183 1356 liter
1196 1333 1264 1356 artes
1300 1328 1410 1355 Emollit
1424 1336 1528 1359 mores,
1546 1335 1593 1352 nec
1609 1325 1670 1352 finit
1683 1326 1731 1352 eise
1744 1326 1816 1352 feros
1836 1324 1917 1351 Ouid.
1939 1325 2014 1350 Pont.
2031 1333 2060 1357 2,
2076 1333 2110 1357 9,
2131 1330 2173 1358 48.

1121 1367 1205 1393 Simile
1219 1362 1252 1398 ist
1285 1365 1342 1393 Cic.
1356 1364 1407 1391 Off.
1424 1373 1449 1396 1,
1470 1366 1504 1397 67
1538 1363 1642 1388 Harum
1660 1370 1750 1389 rerum
1773 1360 1884 1387 duarum
1898 1360 2022 1396 splendor
2042 1360 2130 1386 onmis
2151 1367 2177 1386 et

1121 1400 1286 1436 amplitudo,
1306 1400 1375 1426 addo
1388 1400 1469 1426 etiam
1482 1398 1626 1425 vtilitatem
1636 1418 1643 1430 ,
1666 1398 1694 1424 in
1707 1396 1863 1432 posteriore.
1935 1396 1991 1422 Cic.
2017 1395 2048 1422 de
2061 1397 2136 1423 Orat.
2151 1404 2176 1428 2,

1080 1442 1107 1467 33
1123 1445 1155 1471 54
1173 1436 1311 1463 Paululum
1323 1436 1348 1461 se
1363 1436 1463 1465 crexit,
1483 1440 1508 1460 et
1522 1433 1625 1460 addidit
1642 1433 1768 1460 historiae
1780 1433 1913 1459 maiorem
1925 1433 2019 1458 sonum
2033 1432 2117 1464 vocis,
2131 1432 2177 1457 vir

1122 1473 1240 1508 optimus
1254 1472 1334 1499 Craffi
1348 1470 1490 1497 familiaris
1506 1470 1645 1504 Antipater
1659 1480 1664 1495 :
1701 1470 1798 1495 caeteri
1818 1478 1872 1494 non
1891 1475 2062 1494 exornatores
2076 1476 2178 1499 rerum,

1123 1509 1167 1536 sed
1182 1507 1367 1535 tantummodo
1382 1513 1542 1533 narratores
1700 1503 1721 1542 ἦ
1743 1514 1755 1536 3
1776 1505 1844 1540 Qcae
1876 1506 2007 1529 contraria
2027 1502 2082 1537 sint
2105 1504 2179 1529 huiua-

1122 1545 1207 1576 verbi,
1228 1554 1257 1570 ex
1270 1542 1328 1577 1stis
1341 1543 1469 1580 intelligas
1484 1553 1491 1568 .·
1529 1541 1584 1567 Cic.
1601 1539 1680 1567 Acad.
1697 1550 1730 1574 4,
1751 1542 1787 1572 49
1818 1540 1887 1566 Cum
1900 1538 2003 1574 aliquid
2023 1539 2179 1579 minutatim

1122 1587 1148 1607 et
1163 1580 1293 1615 gradatim
1306 1579 1413 1606 additur
1428 1585 1473 1605 aut
1488 1577 1614 1604 demitur.
1673 1576 1729 1602 Cic.
1745 1575 1776 1602 de
1789 1576 1865 1602 Orat.
1880 1584 1911 1608 2,
1932 1577 1967 1601 26
1999 1575 2129 1610 Equidem
2144 1574 2177 1601 fic

30 1623 88 1642 tore
95 1625 158 1650 opus
165 1616 347 1648 estzGellaou
357 1617 412 1643 Post
420 1617 572 1648 deinde,nisi
581 1618 750 1644 dissoluerent
758 1621 810 1649 (aes
817 1620 921 1645 alienum
930 1619 1109 1653 debit0r1·s)40
1124 1617 1242 1644 iudicare
1257 1616 1346 1648 soleo,
1365 1614 1495 1650 quicquid
1507 1620 1551 1639 aut
1565 1611 1698 1640 addideris
1707 1632 1714 1644 ,
1733 1618 1778 1638 aut
1794 1611 1949 1643 mutaueris,
1963 1617 2007 1637 aut
2023 1611 2178 1643 detraxeris,

30 1650 62 1677 ad
69 1652 218 1678 Praetorem
231 1651 392 1678 vocabantur
400 1673 408 1685 ,
429 1658 454 1678 et
467 1652 500 1679 ab
507 1662 538 1682 eo
546 1653 642 1688 quibus
650 1661 723 1681 erant
732 1653 842 1680 iudicati
849 1654 958 1690 (debere)
966 1655 1070 1681 addice—

27 1685 216 1726 bantui-,neruo
224 1696 330 1722 quoque
338 1695 380 1714 aut
388 1689 558 1723 compedibus
566 1689 753 1716 vinciebantur
759 1697 803 1716 etc.
824 1691 881 1717 Cic.
889 1699 938 1726 pro
946 1691 1027 1717 Flacc.
1036 1695 1069 1723 48

27 1721 76 1748 Iste
89 1731 147 1749 cum
161 1722 306 1750 iudicatum
319 1733 372 1750 non
383 1722 489 1757 faceret,
501 1725 619 1751 addictus
626 1727 785 1761 Hermippo,
793 1732 818 1752 et
825 1725 857 1752 ab
865 1726 915 1753 hoc
923 1726 1016 1753 (11ιᾶ1113
1024 1726 1079 1752 est.'

33 1757 91 1784 Vici.
100 1768 154 1784 mox
162 1766 331 1786 ADDICTVS.
364 1761 452 1787 Verum
461 1764 534 1787 etiam
543 1761 638 1788 Addici
645 1761 867 1795 dicebaturiudex,
874 1763 1019 1796 arbitcrue,
1027 1765 1070 1798 qui

27 1802 56 1820 ex
65 1793 180 1830 formula
196 1804 212 1821 a
227 1796 343 1822 Praetore
356 1795 476 1828 dabatur,
490 1798 569 1823 velex
582 1801 741 1824 conuentione
752 1799 909 1835 litigatorum
916 1799 1067 1835 sumebatur.
1078 1806 1111 1833 45
1127 1806 1155 1829 19
1177 1803 1243 1823 extr.
1272 1799 1291 1822 ι’.
1307 1795 1393 1829 illatfiz
1409 1795 1499 1829 struat
1520 1792 1624 1817 diutius.

1124 1653 1247 1680 vitiosius
1261 1659 1287 1678 et
1301 1652 1418 1679 deterius
1432 1652 1562 1677 futurum.
1607 1649 1664 1675 Cic.
1679 1647 1731 1675 Off.
1745 1657 1769 1680 1,
1791 1656 1822 1680 59
1843 1648 1878 1673 Vt
1897 1647 1963 1673 boni
1975 1647 2179 1674 ratiocinatores

1125 1688 1277 1716 officiorum
1290 1689 1338 1714 effe
1350 1686 1488 1723 pollimus,
1509 1691 1535 1712 et
1549 1684 1669 1711 addendo
1683 1683 1890 1718 deducendoque
1916 1683 2008 1710 vidore
2029 1692 2097 1718 quae
2116 1683 2179 1709 reli·

1125 1725 1173 1761 qui
1187 1726 1287 1751 summa
1300 1724 1355 1751 fiat.
1514 1719 1535 1759 q
1557 1730 1576 1754 4
1597 1722 1714 1756 Reliquas
1732 1720 1863 1756 formulas
1886 1720 2016 1746 literarum
2039 1719 2126 1746 ordine
2143 1728 2180 1746 re-

1125 1761 1255 1797 censtmus.
1294 1759 1388 1787 Herba
1408 1757 1502 1785 coniza
1527 1756 1655 1784 substrata
1675 1756 1832 1787 frumentis,
1853 1755 1928 1782 addit
1942 1755 2030 1781 Aetati
2046 1755 2142 1783 Pallad.
2159 1764 2179 1787 1,

1671 1791 1843 1817 Alacritatem
1862 1791 1997 1817 scribendi
2016 1790 2098 1818 alicui
2122 1792 2180 1818 Cic.

1126 1834 1179 1860 Att.
1196 1834 1235 1864 16,
1251 1840 1272 1863 3.
1311 1830 1349 1856 Id.
1359 1838 1385 1862 7,
1395 1837 1410 1854 2
1432 1829 1507 1860 Qios
1520 1832 1549 1852 tu
1564 1825 1696 1851 laudando
1713 1826 1824 1850 Animos
1839 1825 1972 1852 addidisti.
2011 1827 2101 1852 Annos
2114 1826 2180 1852 duos

1124 1868 1264 1894 addiderat
1276 1865 1308 1891 ad
1321 1865 1374 1890 duo
1388 1862 1468 1887 lust-ra
1476 1881 1483 1893 ,
1499 1864 1516 1886 i.
1527 1862 1612 1887 Natus
1619 1866 1673 1886 erat
1680 1869 1760 1886 annos
1767 1859 1893 1886 duodecim
1911 1860 1992 1886 Ouid.
2004 1861 2069 1887 Fast.
2080 1871 2106 1894 4,
2116 1869 2178 1896 702.

1125 1902 1225 1928 Tibul.
1240 1909 1266 1932 2,
1281 1908 1310 1932 4,
1324 1907 1359 1931 42
1378 1897 1453 1930 Qiin
1466 1902 1510 1922 tua
1523 1905 1592 1922 nunc
1607 1897 1717 1922 iuuenes
1736 1895 1853 1930 spectent
1868 1895 1990 1922 incendia
2007 1896 2087 1927 laeti;
2120 1898 2179 1923 Nec

1126 1937 1268 1971 quisquam
1282 1934 1416 1961 Flammae
1437 1931 1538 1957 sedulus
1554 1931 1631 1957 addat
1645 1932 1756 1964 Aquam.
1795 1931 1872 1964 Virg.
1890 1932 1955 1957 Aen.
1969 1940 2002 1964 9,
2025 1937 2070 1964 184
2097 1932 2180 1957 Nisus

1126 2010 1143 2031 i.
1151 2005 1284 2037 stimulare
1304 2010 1329 2028 et
1340 2000 1462 2037 instigare
1483 2001 1551 2027 Hor.
1565 2000 1644 2035 Epist.
1659 2009 1684 2033 2,
1701 2010 1720 2032 1,
1736 2007 1794 2034 217.
1837 2001 1946 2028 Cornua
1965 2002 2074 2036 pauperi
2095 2001 2180 2035 addis,

1123 2042 1141 2065 ι’.
1157 2038 1314 2073 Superbiam,
1323 2037 1506 2073 petulantiam,
1519 2037 1673 2063 violentiam.
1706 2037 1801 2063 Horat.
1818 2036 1870 2063 Od.
1886 2045 1908 2069 3,
1921 2045 1961 2069 21,
1980 2042 2004 2066 18
2025 2038 2180 2073 Amphoram

1122 2076 1181 2100 vini
1193 2074 1326 2110 alloquens.
1363 2073 1448 2101 Simile
1459 2070 1493 2105 est
1507 2072 1572 2100 illud
1585 2072 1667 2099 Ouid.
1684 2071 1716 2099 de
1726 2073 1790 2098 Arte
1804 2073 1892 2104 Am.1,
1901 2081 1948 2105 239
1970 2073 2050 2100 Tunc
2065 2074 2179 2101 veniunt

1125 2110 1209 2142 risus,
1228 2116 1291 2136 tunc
1310 2117 1409 2145 pauper
1430 2109 1539 2135 Cornua
1560 2109 1649 2135 sumit.
1720 2107 1851 2141 Proinde,
1871 2112 1910 2134 ait
1931 2108 2035 2142 Festus,
2056 2109 2180 2137 homines

997 2148 1066 2173 Tac.
1085 2160 1110 2167 -ι
1124 2145 1213 2172 11111110
1228 2146 1293 2173 vino
1307 2152 1393 2173 truces
1409 2144 1486 2177 fieri,
1500 2150 1526 2171 et
1541 2144 1604 2171 ideo
1618 2143 1714 2171 Liberi
1732 2144 1814 2179 patris
1829 2143 1967 2171 fimulacro
1988 2154 2088 2173 cornua
2107 2145 2178 2173 addi.

1123 2182 1207 2209 Astris
1223 2182 1358 2217 aliquem,
1383 2184 1401 2207 i.
1415 2183 1443 2207 in
1462 2181 1534 2207 diuos
1546 2180 1657 2217 referre,
1677 2181 1743 2207 caelo
1762 2180 1909 2217 adscribere.
1948 2181 2030 2207 Ouid.
2048 2181 2079 2208 de
2093 2182 2178 2209 Ponto

1122 2227 1151 2252 4,
1167 2223 1191 2251 8,
1207 2221 1247 2251 63.
1296 2218 1455 2252 Cognomen
1476 2217 1536 2243 Liu.
1552 2227 1581 2251 4,
1601 2237 1606 2243 .
1631 2237 1637 2243 .
1659 2236 1666 2242 .
1692 2216 1768 2251 Virg.
1784 2218 1850 2243 Aen.
1866 2225 1887 2249 1,
1902 2218 1955 2251 267
1975 2218 2010 2244 At
2023 2227 2090 2252 puer
2103 2219 2180 2245 Asca-

1123 2255 1199 2287 nius,
1220 2254 1265 2281 cui
1278 2263 1347 2280 nunc
1362 2254 1519 2288 Cognomen
1534 2252 1594 2279 Iulo
1631 2251 1755 2279 Additur.
1811 2251 1917 2280 Addere
1936 2252 1969 2279 ad
1989 2254 2179 2288 compendium

1125 2290 1208 2317 Plaut.
1224 2289 1309 2317 Calin.
1326 2298 1350 2322 3,
1367 2298 1387 2323 1,
1405 2298 1417 2322 3
1439 2288 1486 2316 Sed
1501 2290 1576 2316 Gron.
1591 2287 1725 2315 Coaddito
1739 2287 1772 2315 ad
1785 2297 1871 2323 comp.
1894 2288 1949 2315 Cic.
1964 2288 2036 2316 Fam.
2054 2298 2089 2322 13,
2105 2297 2130 2323 15
2151 2290 2179 2316 Si

6 2335 8 2346 l
26 2329 125 2357 brorum
145 2334 168 2354 et
185 2326 312 2355 doctorum
331 2324 456 2362 diffi‘nsus.
497 2324 624 2352 Addicam
643 2334 714 2362 aegre
732 2325 847 2352 admittit
861 2326 998 2362 sententia.
1036 2328 1109 2361 [¹²60
1124 2326 1158 2353 ad
1172 2325 1217 2361 id,
1234 2325 1308 2362 quod
1321 2326 1442 2361 ipsorum
1458 2325 1532 2352 causa
1549 2325 1608 2358 vis,
1629 2323 1762 2352 addideris
1777 2324 1921 2351 Cumulum
1938 2325 2179 2352 commendationis

6 2365 8 2381 ³
28 2363 214 2402 longobardica
226 2371 298 2399 eaque
310 2364 468 2389 intricatiore
478 2361 610 2397 scriptura
624 2361 726 2388 videtur
744 2360 865 2389 addicam
884 2365 950 2389 oriri
962 2362 1069 2398 potuiſjb

6 2411 8 2432 ς
28 2410 58 2429 ex
72 2400 204 2427 euincam:
224 2398 289 2435 quod
319 2399 382 2425 Iacet
393 2400 466 2424 etiam
479 2397 612 2428 Lambino,
637 2398 755 2429 Graeuio,
772 2399 877 2434 aliisque
890 2401 958 2425 viris
970 2402 1071 2435 ingenio

8 2461 9 2469 ,
23 2434 216 2473 praestantibus.
251 2435 292 2462 Du
309 2437 348 2461 ius
363 2443 413 2460 ‘non
426 2436 508 2459 minus
529 2431 563 2467 est
577 2434 658 2464 Iocus,
676 2436 720 2469 qui
734 2431 781 2461 huc
798 2434 917 2461 laudatur
934 2433 993 2461 Sall.
1011 2436 1069 2462 Cat.

8 2475 9 2478 ’
29 2481 65 2502 ,22
80 2481 118 2508 pr.
138 2470 215 2498 Dedit
228 2471 327 2498 Curtius
343 2468 439 2496 idoneis
450 2465 609 2502 missoribus,
626 2470 696 2496 Cum
715 2468 749 2496 ad
764 2470 949 2497 iusiurandum
962 2470 1071 2506 popula-

29 2509 68 2536 ris
80 2507 180 2535 sceleris
192 2507 232 2534 sui
245 2506 368 2541 adigeret.

8 2565 10 2572 .
67 2550 287 2576 Anmc‘rvs,
306 2551 338 2575 a,
357 2551 412 2568 um.
447 2542 515 2568 Part.

9 2580 10 2594 ³
30 2579 137 2611 dicitur,
151 2582 194 2616 qui
200 2585 304 2614 propter
316 2587 357 2605 aes
370 2579 475 2606 alienum
494 2580 521 2603 in
533 2580 708 2612 temporariam
723 2578 872 2613 seruitutem
891 2577 985 2605 traditi
997 2578 1068 2614 sunt.

32 2616 110 2644 Locus
122 2616 161 2649 cla
181 2623 232 2641 icus
243 2612 277 2647 esi
291 2609 421 2647 Qine'til.
436 2620 463 2647 7,
477 2622 505 2647 4,
517 2614 552 2639 26
567 2614 604 2648 sq.
643 2613 788 2646 Addielus,
809 2622 887 2649 quem
907 2613 948 2640 lex
968 2614 1069 2640 seruire

34 2650 118 2678 donee
133 2651 160 2676 so
171 2649 259 2681 uerit,
272 2648 356 2675 iubet.
373 2662 419 2669 —
447 2648 542 2674 Seruus
555 2657 616 2676 cum
629 2650 844 2682 manumittitur,
865 2649 895 2676 fit
912 2649 1069 2676 libertinus:

34 2728 114 2750 tatem
129 2729 183 2747 non
196 2720 382 2755 consequetur:
399 2717 525 2745 Addictus
541 2719 681 2754 soluendo,
700 2723 767 2750 citra
780 2722 943 2749 voluntatem
964 2721 1070 2748 domini

10 2770 12 2783 ι
33 2758 207 2792 consequetur
219 2763 263 2782 etc.
298 2754 367 2782 Add.
380 2754 446 2781 Gell.
461 2763 505 2788 20,
520 2764 539 2782 1.
576 2756 705 2790 Qinctil.
720 2767 750 2793 3,
766 2760 799 2792 6,
814 2766 843 2791 25
870 2757 996 2791 Qiaestio
1017 2756 1068 2791 est,

34 2795 75 2821 An
89 2793 113 2820 is
128 2800 223 2827 quem,
243 2790 306 2818 dum
320 2790 424 2817 addicta
439 2790 491 2823 est,
508 2797 593 2819 mater
606 2794 723 2828 peperit,
743 2795 832 2822 seruus
845 2793 874 2820 fit
887 2795 978 2821 natust
1000 2795 1069 2821 Hinc

31 2829 115 2857 Plaut.
130 2829 216 2855 Poen..
221 2836 245 2860 3,
258 2837 286 2862 4,
300 2836 328 2853 10
340 2826 432 2854 Abduc
446 2827 535 2860 intro,
556 2828 692 2857 addietum
704 2836 784 2860 tenes.
820 2829 889 2858 Add.
899 2829 989 2856 Bacch.
1004 2839 1030 2863 2,
1046 2837 1069 2863 3,

33 2870 73 2900 87.
93 2863 186 2892 Deinde
196 2866 270 2890 etiam
287 2862 316 2888 de
329 2864 389 2890 aliis
402 2862 505 2895 dicitur,
518 2866 545 2890 in
575 2874 589 2891 u

32 2899 144 2928 indicare
159 2900 254 2926 volunt.
287 2907 312 2925 υ.
326 2908 352 2936 g.
373 2898 516 2939 AddiCtum
529 2873 576 2927 sug
589 2901 634 2928 sua
645 2901 704 2929 iura
717 2903 821 2930 trahere
836 2903 955 2936 Propert.
968 2911 991 2935 3,
1001 2911 1027 2935 9,
1043 2910 1068 2928 2.

32 2935 101 2965 Add.
119 2945 145 2962 v.
167 2944 205 2968 32.
248 2934 355 2962 Habere
371 2934 488 2970 aliquem
506 2935 656 2970 addidium,
677 2938 811 2971 deditum,
829 2937 986 2964 obstri&um
1012 2938 1068 2965 Cic.

34 2981 84 3008 pro
97 2971 188 2999 Caelio
202 2976 234 3001 80
254 2980 276 2998 c.
287 2979 319 3004 32
360 2969 427 2998 Hor.
441 2971 523 3006 Epod.
539 2980 578 3007 17,
590 2981 613 3000 11
632 2974 736 3001 Luxere
747 2982 843 3002 matres
856 2973 920 3000 Iliae
934 2973 1069 3001 addietum

33 3008 100 3036 seris
132 3007 264 3039 Alitibus,
282 3012 360 3042 atque
378 3007 486 3034 canibus
507 3007 669 3037 homicidam
686 3011 840 3038 Hec‘torem.
885 3010 941 3037 Cic.
955 3011 1027 3037 Fam.
1041 3017 1069 3045 7,

34 3079 80 3106 hus
89 3077 243 3106 lacermzdum
256 3077 305 3105 fibi
319 3079 465 3114 proposuit.
501 3080 624 3108 Vastitati
639 3082 695 3110 Cic.
710 3084 763 3110 Att.
778 3091 802 3115 9,
817 3091 848 3108 11.
885 3083 980 3109 Hor.E
1000 3082 1040 3108 ist.
1049 3091 1070 3115 1,

34 3122 96 3147 514
117 3112 224 3141 Nullius
235 3113 353 3141 addifims
367 3115 454 3142 iurare
469 3115 498 3141 in
508 3116 590 3144 verba
602 3119 730 3153 magistri.
768 3119 845 3145 Plura
859 3116 928 3144 dabit
935 3119 972 3145 Dr
1009 3118 1069 3145 enb.

32 3149 66 3177 ad
75 3149 125 3190 su.
141 3157 178 3189 15,
189 3155 252 3184 247.
272 3165 274 3168 -
287 3149 412 3183 Δᾱάὶὲὶιις
420 3171 429 3184 ,
441 3151 550 3179 Nomen
563 3153 696 3181 Plautinae
709 3153 873 3181 Comoediae
887 3154 918 3181 ab
934 3163 965 3181 eo
983 3154 1013 3182 in
1031 3155 1070 3190 pi-

36 3185 120 3213 strino
131 3185 248 3219 scriptae.
286 3185 386 3214 Aue'tor
397 3188 483 3214 Varro
495 3188 564 3223 apud
572 3189 639 3216 Gell.
653 3199 675 3223 3,
688 3200 710 3223 3.

33 3265 77 3291 43,
90 3264 106 3291 7
127 3255 218 3282 Trans
233 3255 332 3289 Lygios
344 3257 477 3285 Gethones
495 3266 653 3294 regnantur,
673 3262 752 3298 paulo
774 3262 826 3288 iam
845 3261 973 3289 addiffius
992 3272 1073 3298 quam

33 3298 150 3320 caeterae
162 3292 357 3318 Germanorum
375 3299 477 3326 gentes,
494 3296 613 3324 nondum
627 3303 715 3325 tamen
734 3299 810 3333 supra
830 3296 987 3327 libertatem.
1026 3298 1074 3328 Sed

33 3329 143 3356 meliores
161 3327 222 3354 libri
240 3328 325 3364 legunt
338 3327 497 3363 AdduCfius,
515 3332 559 3359 vbi
571 3333 625 3360 vid.

72 3370 287 3396 ADDiCTlo,
307 3363 376 3390 “W-15·
403 3363 559 3402 [κατκθῖκη]
603 3369 661 3397 Cic.
673 3369 732 3396 A&
752 3370 780 3396 in
792 3370 869 3396 Verr.
878 3378 899 3402 1,
913 3379 940 3397 1-2
959 3380 1013 3405 c.4
1035 3371 1073 3399 Si-

559 2541 659 2571 solenni
680 2542 749 2569 velut
763 2540 953 2578 significatione
977 2540 1006 2568 de
1028 2542 1072 2568 hir

36 2684 162 2714 Addictus
175 2690 277 2719 recepta
288 2683 411 2712 libertate
424 2683 460 2709 est
473 2682 611 2717 ingenuus.
645 2685 750 2719 Seruus,
762 2687 850 2713 inuito
863 2685 973 2712 domino
988 2685 1109 2728 liber-70
1123 2695 1182 2720 neg.
1195 2693 1222 2720 7,
1243 2705 1249 2712 .
1271 2705 1277 2712 .
1299 2705 1305 2712 .

590 2864 645 2891 ibus
651 2864 842 2900 similitudinem
856 2867 925 2892 illius
938 2875 1014 2893 nexus
1026 2865 1069 2900 effe
1079 2869 1111 2897 75¹
1125 2865 1204 2901 Epist.
1222 2867 1277 2891 106.
1306 2865 1399 2891 Honos
1420 2862 1567 2890 addebatur
1588 2868 1665 2897 togae
1678 2862 1724 2889 Sil.
1739 2865 1771 2895 6,
1791 2871 1851 2896 394.

1124 2371 1207 2389 meae.
1251 2362 1334 2389 Plaut.
1350 2361 1434 2388 Milit.
1447 2369 1474 2393 2,
1487 2363 1515 2393 6,
1532 2362 1566 2394 69
1588 2360 1641 2386 Cui
1658 2369 1701 2387 me
1715 2360 1862 2387 Custodem·
1880 2359 1958 2387 herus
1978 2360 2080 2388 addidit
2101 2361 2178 2388 miles

1124 2407 1207 2425 meus.
1265 2399 1341 2433 Virg.
1356 2398 1421 2424 Aen.
1440 2405 1473 2429 9,
1495 2398 1549 2431 649
1581 2396 1660 2423 Tum
1680 2397 1816 2423 Comitem
1835 2396 1950 2423 Ascanio
1969 2403 2043 2431 pater
2065 2396 2177 2424 addidit.

1125 2434 1252 2461 Dextram
1267 2433 1341 2461 bello
1355 2432 1400 2460 Sil.
1413 2441 1452 2465 10,
1466 2441 1520 2465 233.
1557 2432 1620 2459 Dies
1635 2441 1731 2467 paucos
1744 2432 1794 2459 fibi
1806 2432 1904 2459 addere
1918 2432 1950 2459 ad
1964 2432 2123 2459 dictaturam
2137 2442 2180 2468 ge-

1125 2470 1236 2498 rendam
1249 2470 1305 2496 Cic.
1319 2469 1372 2497 Off.
1390 2477 1411 2501 3,
1428 2477 1476 2495 112.
1517 2469 1597 2495 Dono
1610 2467 1721 2501 addere,
1737 2469 1841 2504 Infieper
1852 2468 1915 2494 dare
1927 2468 2009 2495 Plaut.
2024 2469 2099 2503 Epid.
2113 2477 2135 2502 3,
2150 2478 2179 2502 4,

1080 2511 1112 2544 65
1125 2511 1162 2539 38.
1200 2505 1334 2541 Exemplis
1347 2503 1507 2531 melioribus
1521 2505 1547 2530 se
1562 2503 1675 2536 addere,
1691 2505 1807 2540 Exempla
1821 2505 1922 2530 meliora
1932 2504 2007 2540 sequi
2026 2504 2119 2531 Claud.
2133 2506 2178 2531 Pa-

1123 2550 1182 2576 neg.
1191 2550 1220 2575 4,
1230 2550 1267 2568 12.
1305 2540 1384 2568 Facta
1390 2539 1534 2576 pollicitis,
1545 2543 1563 2566 i.
1575 2541 1663 2567 Facere
1671 2539 1716 2575 fi‘u
1730 2541 1830 2575 implere
1846 2539 1911 2575 quod
1917 2540 2074 2576 promiseris.
2095 2540 2178 2568 Ouid.

1124 2579 1217 2605 Amor.
1233 2586 1263 2610 2,
1279 2579 1325 2611 16,
1343 2597 1349 2603 .
1374 2597 1380 2604 .
1406 2597 1411 2602 .
1438 2576 1547 2608 Fidem,
1562 2581 1612 2611 pro
1626 2575 1793 2611 Confirmare,
1807 2575 1925 2602 laudatur
1944 2576 1964 2610 (
1967 2575 2077 2612 mendosi·
2091 2583 2154 2612 puto
2157 2578 2178 2611 )

1125 2613 1192 2640 Plin.
1209 2613 1289 2648 Epist.
1304 2618 1363 2646 248.
1402 2612 1496 2639 Fidem
1510 2611 1658 2648 pollicitam
1672 2610 1751 2638 dietis
1765 2610 1919 2638 Ouidi-'ait
1930 2613 2018 2644 3,366.
2039 2612 2179 2640 Fiduciam

1125 2649 1208 2676 alicui
1221 2649 1313 2677 Tacit.
1328 2648 1396 2675 Hist.
1413 2657 1434 2681 1,
1455 2668 1461 2675 .
1483 2668 1489 2674 .
1512 2668 1519 2675 .
1553 2648 1646 2675 Finem
1660 2647 1742 2673 alicui
1755 2647 1813 2680 rei,
1822 2653 1871 2682 pro
1884 2648 2011 2682 Imponere
2027 2648 2121 2675 Claud.
2133 2649 2178 2675 Pa-

1337 2683 1419 2711 Ouid.
1437 2685 1502 2710 Met.
1524 2693 1562 2716 10,
1578 2691 1630 2718 207
1653 2683 1775 2718 Tempus
1799 2688 1825 2709 et
1839 2682 1906 2709 illud
1921 2683 1991 2716 erit,
2011 2693 2066 2719 quo
2084 2685 2111 2711 se
2124 2684 2179 2712 for-

1123 2721 1233 2749 tiffimus
1254 2722 1342 2748 Heros
1361 2719 1448 2747 Addat
1468 2720 1496 2747 in
1515 2719 1584 2746 hunc
1604 2719 1714 2751 florem,
1735 2722 1753 2746 i.
1771 2725 1879 2746 mutetur
1901 2721 1929 2745 in
1940 2719 2041 2756 florem.
2101 2720 2178 2755 Virg.

1126 2759 1192 2784 Aen.
1206 2765 1228 2790 5,
1243 2762 1290 2792 817
1309 2757 1400 2791 Iungit·
1411 2764 1494 2792 equos
1508 2763 1588 2782 curru
1603 2755 1727 2790 genitor,
1746 2754 1947 2789 spumantiaque
1974 2755 2048 2782 addit
2085 2757 2179 2783 Frena.

1125 2793 1214 2821 Valer.
1230 2793 1312 2820 Flacc.
1329 2793 1428 2827 Argon.
1442 2793 1469 2824 6,
1485 2797 1524 2821 181
1551 2790 1674 2818 Necdum
1691 2790 1760 2818 clara
1773 2790 1870 2825 quibus
1885 2791 1937 2817 sese
1958 2791 2031 2826 Fuga
2043 2792 2178 2819 mentibus

1126 2829 1220 2860 addat,
1234 2829 1278 2855 vbi
1292 2830 1364 2863 Fuga
1378 2826 1445 2864 quast
1458 2829 1512 2854 Dea
1525 2834 1569 2853 aut
1585 2828 1661 2854 Furia
1673 2824 1715 2859 est.
1753 2827 1882 2860 Gradum,
1891 2833 1941 2862 pro
1953 2829 2099 2855 Accelerat-e
2111 2828 2178 2856 Plin.

1894 2861 1995 2889 Labem
2015 2864 2087 2890 fastis
2101 2864 2141 2891 Id.
2154 2869 2180 2896 8,

1124 2907 1180 2935 258.
1218 2900 1352 2928 Laborem
1371 2899 1453 2927 alicui
1473 2899 1514 2927 rei
1528 2899 1620 2926 Tacit.
1637 2898 1705 2925 Hist.
1720 2908 1748 2933 4,
1769 2918 1775 2925 .
1797 2919 1803 2925 .
1827 2918 1834 2925 .
1871 2898 1940 2925 Add.
1956 2899 2031 2933 Virg.
2046 2900 2144 2934 Georg.
2158 2908 2180 2932 1,

1822 2933 1903 2961 Ouid.
1918 2934 1975 2959 Art.
1989 2942 2021 2965 2,
2042 2937 2095 2969 672
2125 2936 2179 2961 Aut

1789 2969 1836 2997 Sed
1854 2971 1929 2995 aliter
1948 2969 2022 2997 idem
2041 2971 2134 2996 Amor.
2150 2979 2178 3003 1,

2005 3005 2074 3032 Tib.
2090 3014 2111 3038 1,
2123 3015 2152 3039 2,
2167 3014 2178 3033 t

1127 2945 1181 2971 150.
1237 2937 1355 2963 Lucrum
1375 2935 1475 2962 emtori
1494 2935 1551 2962 Cic.
1568 2936 1645 2962 Verr.
1665 2943 1695 2967 3,
1724 2954 1730 2960 .
1750 2955 1757 2961 .
1776 2955 1783 2961 .

1125 2974 1182 3001 fera
1202 2972 1343 3007 belligeras
1369 2971 1459 2998 addite
1483 2971 1512 2998 in
1536 2980 1610 2998 arma
1627 2971 1730 2997 Manus.

1125 3017 1159 3045 7,
1181 3018 1191 3036 1
1221 3009 1294 3035 Adde
1312 3009 1408 3035 Manus
1427 3008 1457 3034 in
1475 3007 1564 3034 vincla
1588 3015 1678 3033 meas:
1703 3014 1826 3032 meruere
1850 3011 1960 3031 catenas.

35 3051 72 3078 24
91 3041 216 3070 Addictus
233 3042 311 3071 Calui
325 3043 510 3078 Hipponacteo
521 3046 680 3079 praeconio,
700 3056 768 3083 quem
781 3047 871 3073 Caluus
887 3046 982 3082 asperis
995 3046 1070 3081 verst-
1081 3049 1112 3076 80
1126 3045 1201 3073 Adde
1223 3046 1348 3076 Merum,
1383 3043 1504 3078 vinoque
1527 3051 1613 3070 nouos
1636 3042 1771 3076 compesce
1795 3040 1917 3074 dolores,
1945 3043 1963 3067 i.
1991 3042 2085 3080 copiast
2111 3041 2179 3073 bibe,

1120 3082 1220 3119 poculi:
1228 3080 1360 3116 prioribus
1374 3081 1426 3107 alia
1445 3079 1508 3105 adde
1521 3084 1569 3105 etc.
1606 3078 1666 3105 Sall.
1677 3079 1736 3118 lug.
1750 3079 1788 3110 46
1806 3078 1930 3110 Qorum
1949 3084 2064 3103 maiores
2078 3077 2180 3104 Punico

1126 3123 1206 3153 atque
1227 3116 1288 3144 aliie
1305 3115 1383 3143 bellis
1402 3115 1519 3142 Multum
1537 3115 1604 3149 reip.
1623 3113 1794 3145 addiderant,
1812 3116 1830 3139 i.
1844 3118 1966 3138 auxerant
1985 3119 2063 3148 remp.
2100 3114 2177 3148 Virg.

1127 3154 1225 3194 Georgn.
1236 3162 1264 3186 4,
1278 3160 1327 3186 149
1346 3152 1426 3179 Nunc
1440 3160 1497 3186 age,
1511 3151 1627 3177 Naturas
1640 3149 1743 3185 apibus,
1755 3157 1818 3185 quas
1832 3148 1951 3182 Iuppiter
1966 3147 2020 3181 ipse
2056 3148 2180 3182 Addidit,
2221 3178 2225 3179 ⁷

71 3228 94 3248 A
102 3227 120 3249 D
129 3227 148 3247 D
157 3228 166 3246 1
176 3227 193 3248 C
202 3227 223 3246 Τ
231 3226 249 3246 E
257 3239 266 3252 ,
290 3220 357 3248 Adu.
383 3223 542 3258 [σροᾶετῶς]
579 3225 708 3253 laudatur
720 3226 813 3252 Tacit.
826 3225 859 3252 de
870 3226 970 3253 Morib.
978 3226 1070 3254 Germ.
1086 3208 1114 3257 8¹5
1128 3189 1311 3260 ffliesdiiiildien
1322 3223 1555 3259 vnquamsceleris
1567 3222 1655 3249 errori
1667 3221 1786 3248 addidit}
1806 3219 1857 3246 Ou.
1873 3219 1938 3245 Met.
1949 3227 1976 3252 9,
1989 3227 2032 3253 355
2053 3220 2180 3257 Namque

1319 3188 1430 3215 Nomen
1441 3187 1523 3214 alicui
1535 3186 1628 3213 Claud.
1643 3187 1737 3220 Paneg.
1757 3192 1780 3218 5,
1804 3204 1810 3210 .
1832 3194 1838 3209 .‘
1861 3203 1867 3209 .
1900 3183 1958 3209 Sen.
1971 3184 2037 3211 Her.
2046 3184 2108 3211 Fur.
2116 3193 2179 3220 1237

1128 3262 1180 3289 hoc
1193 3270 1257 3289 auus
1271 3261 1385 3293 Eurytus
1404 3259 1446 3286 illi
1458 3258 1605 3286 Addiderat
1619 3259 1736 3285 Nomen.
1772 3254 1854 3281 Plaut.
1867 3254 1975 3281 Poenul.
1989 3264 2022 3296 4,
2039 3265 2070 3289 2,
2089 3262 2123 3291 48
2144 3259 2180 3285 Vt

1129 3307 1144 3324 e
1163 3308 1180 3325 o
1191 3297 1258 3325 hanc
1271 3296 1403 3323 familiam
1416 3295 1528 3323 interire
1542 3295 1632 3329 cupio.
1653 3294 1690 3321 M.
1705 3291 1770 3319 adde
1782 3291 1898 3325 Operam
1911 3290 1929 3317 fi
1943 3300 2025 3325 cupis,
2038 3301 2062 3328 q.
2073 3292 2098 3319 d.
2113 3294 2180 3320 Vota

1129 3337 1139 3361 i
1163 3344 1179 3361 a
1196 3337 1290 3376 ignaua
1301 3332 1381 3373 stim:
1411 3331 1445 3359 da
1462 3332 1594 3358 etiami-el
1615 3329 1713 3365 infhper
1730 3334 1836 3362 operam.
1851 3363 1856 3367 1
1875 3326 1949 3353 Idem
1967 3328 2035 3354 Pers.
2048 3338 2082 3363 4,
2095 3336 2180 3368 4,·77

1130 3371 1169 3397 Ita
1183 3370 1266 3396 velim
1287 3368 1395 3403 quidem
1410 3367 1535 3394 Hercule.
1573 3366 1611 3394 T.
1620 3366 1716 3399 Optata
1734 3368 1764 3389 vt
1780 3368 1920 3395 eueniant,
1940 3363 2057 3398 Operam
2078 3364 2178 3390 addito.

37 3398 92 3426 mul
108 3399 137 3431 in
149 3399 207 3426 iure
220 3398 333 3425 dicendo
348 3398 481 3427 bonorum
500 3403 730 3441 poss'effionumque
749 3411 841 3432 contra
860 3407 980 3433 onmium
1000 3406 1112 3441 insti-90
1129 3407 1217 3433 Partes
1229 3405 1329 3432 illaesas
1341 3403 1445 3431 vitiatis
1461 3402 1543 3430 Ouid.
1557 3403 1621 3429 Met.
1634 3410 1664 3432 2,
1678 3400 1735 3429 826.
1773 3397 1811 3425 Id.
1826 3403 1855 3430 8,
1873 3403 1927 3433 484
1947 3400 1978 3425 111
1990 3399 2070 3426 scelus
2083 3399 2179 3426 adden-

35 3440 92 3462 tuta
104 3433 221 3462 addictio
233 3440 259 3462 et
273 3434 445 3462 condonatio.
480 3438 555 3470 Alio,
569 3446 644 3475 puto,
659 3439 787 3468 intelletiu
824 3441 878 3467 Lex
891 3443 1011 3470 Mamilia
1031 3452 1070 3478 ap.

10 3494 12 3499 ,
37 3470 114 3497 Goes.
127 3470 158 3497 R.
172 3471 234 3512 Agr.
248 3479 273 3506 p.
287 3480 338 3504 340
356 3472 447 3507 Deque
461 3480 492 3512 ea
504 3482 533 3499 re
546 3474 682 3504 Curatoris
691 3497 699 3510 ,
713 3478 760 3512 qui
779 3477 826 3503 hac
840 3477 897 3512 lege
907 3479 973 3512 erit,
994 3480 1072 3506 iuris-

39 3503 137 3540 diano,
149 3512 410 3542 reciperatorumque
423 3507 497 3534 datio
514 3507 632 3538 addic'tio
641 3512 705 3539 esto.
744 3515 775 3539 Et
786 3520 814 3548 p.
826 3519 852 3548 p.
867 3513 927 3541 Eius
939 3515 1074 3550 magistra-

39 3546 80 3581 tus
95 3549 127 3582 ει,
143 3541 175 3568 de
191 3551 223 3571 re
238 3542 390 3571 iurisdidlio
410 3544 559 3579 iudicisque
577 3545 650 3573 datio
663 3548 780 3576 addiffio
793 3548 856 3575 esto.
896 3551 987 3587 Nempe
999 3551 1073 3578 addi-

41 3581 108 3604 cmu-
119 3577 212 3611 mdex,
227 3578 342 3612 arbiter,
360 3586 546 3615 recuperator,
564 3587 595 3607 vt
605 3581 715 3609 vidimus
730 3593 756 3611 n.
772 3594 794 3617 3.

75 3617 124 3640 ΑΒ
131 3619 150 3640 D
159 3620 169 3640 1
176 3620 214 3640 sc
221 3620 240 3641 ο
247 3634 257 3647 ,
275 3613 358 3643 didici
365 3635 374 3648 ‚
392 3617 446 3643 Ere.
474 3617 512 3652 [π
526 3617 688 3652 οσμανθοίνω]
725 3619 801 3655 Qafi
819 3619 917 3656 aliquid
932 3622 1021 3650 addere
1040 3622 1075 3649 ad
1103 3602 1115 3618 ³

41 3653 86 3687 “3’.
110 3678 125 3701 ,ἱ
134 3657 146 3675 fl
157 3647 284 3693 didiceris.
319 3651 376 3692 Cic.
389 3651 421 3679 de
435 3652 499 3680 Sene
529 3672 536 3679 .
551 3654 586 3694 26
607 3654 691 3687 Qud,
700 3655 772 3694 quod
787 3655 868 3682 etiam
881 3656 1014 3686 addiscunt
1027 3660 1075 3687 ali-

61 3689 89 3721 m
114 3703 127 3722 :⁴
140 3689 169 3710 vt
189 3683 311 3724 Solonem
329 3696 360 3714 m
376 3687 493 3715 versibus
513 3688 673 3730 gloriantem
691 3689 823 3724 Vidimus,
843 3692 892 3726 qui
909 3693 934 3720 se
951 3695 1074 3730 quotidie

70 3716 144 3757 [quid
160 3717 345 3756 addiscentem,
365 3723 451 3751 senem
472 3723 532 3751 fieri
551 3724 626 3752 dicit.
665 3723 832 3772 Refflfsg⁰’
850 3730 894 3763 qui
909 3729 927 3756 l.
938 3738 972 3757 20
993 3731 1026 3758 D.
1041 3731 1074 3758 de

1130 3442 1195 3469 dum
1207 3442 1294 3468 Scelus
1306 3440 1359 3472 est,
1377 3439 1406 3466 in
1417 3440 1512 3466 funera
1525 3439 1621 3465 Funus.
1657 3436 1734 3469 Spem
1750 3441 1776 3462 et
1788 3435 1891 3464 Metum
1909 3434 1992 3462 alicui
2004 3435 2095 3462 Tacit.
2109 3435 2178 3462 Hist.

1132 3486 1153 3512 1,
1173 3497 1179 3505 .
1200 3497 1207 3504 .
1229 3497 1236 3504 .
1264 3476 1390 3504 Stimulos
1405 3476 1433 3502 in
1449 3474 1549 3510 praelia
1565 3471 1648 3499 menti
1660 3471 1758 3497 Lucan.
1771 3479 1796 3504 1,
1808 3472 1866 3503 263.
1903 3470 1978 3504 Virg.
1993 3471 2089 3506 Georg.
2103 3479 2125 3503 1,
2137 3478 2179 3505 513

1268 3514 1306 3541 Vt
1325 3521 1408 3547 quum
1427 3509 1576 3538 carceribus
1595 3508 1647 3534 sese
1664 3506 1780 3533 effudere
1800 3506 1961 3541 quadrigae,

1271 3548 1379 3576 Addunt
1397 3548 1426 3574 in
1437 3547 1538 3582 Spatia:
1558 3550 1584 3570 et
1601 3542 1698 3569 frustra
1715 3543 1861 3570 retinacula
1874 3542 1983 3568 tendens

1271 3586 1368 3612 Fertur
1380 3584 1456 3619 equis
1469 3582 1575 3615 auriga,
1593 3587 1679 3614 neque
1696 3578 1771 3606 audit
1789 3587 1880 3606 currus
1895 3577 2018 3604 habenas.

1131 3616 1280 3650 Currendo‘
1290 3621 1347 3656 plus
1360 3629 1454 3647 eorum
1471 3618 1559 3645 cursus
1576 3620 1702 3650 augetur,
1719 3615 1834 3642 Seruius.
1870 3613 1944 3649 Conf.
1959 3610 2053 3652 Cerdo,
2072 3614 2103 3638 it.
2117 3613 2183 3641 Bur.

1130 3668 1214 3685 mann.
1234 3657 1267 3685 ad
1279 3655 1410 3691 QuinGtil.
1425 3660 1454 3687 8,
1472 3662 1485 3686 3
1506 3662 1529 3687 p.
1543 3653 1605 3686 706.
1634 3650 1677 3677 vbi
1693 3654 1717 3677 is
1730 3652 1797 3678 locus
1810 3649 1935 3677 laudatur.
1973 3648 2033 3674 Liu.
2048 3649 2092 3681 26,
2113 3669 2121 3675 .
2143 3669 2149 3675 ,
2172 3669 2181 3675 .

1132 3694 1227 3722 Liuor
1246 3693 1309 3721 viro
1337 3691 1404 3718 forti
1430 3689 1496 3716 adde
1516 3687 1621 3720 virgas,
1649 3689 1666 3713 ι’.
1684 3687 1756 3714 caede
1776 3695 1827 3712 eum
1847 3686 1939 3720 virgis.
1987 3683 2069 3710 Plaut.
2084 3684 2181 3719 Amph.

1133 3739 1164 3763 2,
1189 3739 1222 3762 2,
1245 3737 1293 3764 179
1324 3726 1471 3754 Pudicitiae
1496 3723 1575 3750 huius
1597 3722 1703 3750 Vitium
1726 3731 1769 3749 me
1794 3719 1837 3748 hic
1863 3720 1968 3746 absente
1991 3719 2027 3745 est
2051 3719 2181 3747 additum.

2093 3576 2126 3603 Id
2138 3574 2181 3611 est.

43 3750 129 3779 fidene.
141 3752 228 3781 libert.
242 3756 316 3783 uerba
331 3754 375 3784 κᾶν
387 3759 428 3786 τᾶν
440 3752 516 3795 ἕτερον
528 3758 590 3788 πόδα
604 3762 627 3787 ἓν
647 3762 680 3794 τῇ
693 3772 756 3797 σωρῳ
771 3766 821 3796 ε’χω
830 3764 975 3797 nenena-&etv
989 3778 1014 3793 τι
1027 3765 1244 3798 ssa-iooAddidit
1261 3770 1287 3791 et
1301 3763 1411 3799 proprio
1426 3768 1550 3795 germana
1564 3758 1694 3785 vocabula
1711 3765 1775 3785 nato
1795 3755 1887 3784 Claud.
1904 3756 1933 3782 in
1947 3754 2037 3781 Laude
2050 3755 2139 3782 Seren.
2154 3766 2181 3782 v.

43 3788 144 3820 λήμην,
155 3791 193 3829 {ta
202 3789 328 3833 reddidit,
347 3794 397 3821 Etsi
409 3795 521 3836 alterum
531 3796 626 3831 pedem
641 3797 670 3823 in
683 3798 788 3824 tumulo
803 3797 952 3835 haberem,
961 3811 1014 3829 non
1035 3803 1075 3837 pi-

20 3853 22 3867 Ι
43 3828 116 3857 geret
134 3822 235 3858 aliquid
251 3825 388 3858 addiscere.
433 3832 490 3859 Cic.
506 3831 538 3859 de
558 3833 633 3860 Orat.
647 3842 677 3866 3,
695 3838 728 3868 84
755 3843 777 3860 c.
796 3841 828 3866 23
854 3835 889 3861 At
904 3838 1076 3871 QVelocius

20 3869 22 3891 ¹,
43 3867 109 3893 puer
122 3857 296 3895 addidicerat,
311 3863 506 3901 vbifimplieiter
518 3868 619 3896 discere
632 3876 720 3896 notare
733 3869 843 3896 uidetur.
880 3871 1018 3900 Addiseere
1030 3874 1078 3901 ali-

7 3896 23 3925 ’4
41 3893 108 3929 quid
122 3894 189 3934 noui
202 3895 283 3924 Ouid.
294 3898 384 3936 Amor.
397 3910 424 3935 2,
435 3910 459 3936 ς,
472 3910 508 3937 55.

22 3931 23 3938 ’
40 3929 102 3957 Stat.
117 3929 182 3956 suu.
195 3938 218 3963 3,
231 3939 258 3964 1,
277 3952 286 3959 .
305 3952 314 3961 .

76 3972 102 3994 A
108 3972 128 3994 n
136 3972 155 3993 n
164 3973 174 3992 1
181 3966 222 3992 νῑ
231 3973 253 3994 N
262 3974 281 3995 o
288 3987 298 4001 ,
318 3973 370 3997 ire.
390 3972 404 4007 [
409 3958 636 4010 aepomiwwimm]
673 3976 742 4004 Idem
757 3976 932 4014 quedfimplex
944 3980 1075 4008 Diuinar«.

545 3903 688 3932 Addiscere
701 3904 791 3938 tubas,
805 3908 822 3931 ι’.
837 3905 941 3935 camum
955 3909 1076 3946 tubarum.

1133 3810 1189 3835 109.
1226 3802 1328 3828 Vocem
1340 3806 1447 3834 quoque
1463 3795 1542 3822 rebus
1555 3800 1584 3821 vt
1597 3794 1691 3821 addam
1704 3793 1785 3834 Ouid.
1795 3792 1874 3827 Epist.
1883 3792 1921 3823 16,
1930 3799 1955 3823 9.
1993 3790 2092 3818 Sallust.
2102 3791 2183 3834 Catil.

1132 3839 1168 3865 60
1189 3838 1364 3872 Compertum
1377 3833 1463 3860 habeo
1472 3851 1480 3864 ,
1494 3831 1609 3864 milites,
1622 3831 1705 3858 verba
1719 3831 1854 3857 Virtutem
1874 3836 1929 3853 non
1943 3826 2047 3854 addere.
2086 3828 2184 3855 Salmna

1132 3875 1211 3900 multa
1225 3874 1324 3913 wllg’gll
1337 3870 1428 3897 Heius.
1444 3867 1477 3894 ad
1491 3876 1514 3900 3,
1527 3874 1582 3900 350.

1171 3917 1194 3937 Α
1210 3916 1229 3937 D
1239 3915 1258 3936 D
1269 3916 1278 3934 1
1290 3915 1310 3934 Τ
1320 3914 1341 3933 ν
1351 3913 1363 3933 s
1371 3926 1380 3938 ,
1395 3914 1425 3936 a,
1440 3913 1494 3930 um.
1522 3900 1740 3938 [προςεθ-ειμένας]
1778 3898 1872 3926 Partic.
1887 3896 2026 3928 Adfectus,
2040 3894 2183 3924 adiunffus.

1088 3955 1158 3983 ιοςυ.
1179 3955 1204 3983 g.
1226 3944 1339 3972 Flumen
1358 3939 1480 3976 gentibus
1500 3938 1622 3966 additum
1643 3936 1722 3964 victis
1744 3936 1840 3962 Horat.
1862 3934 1914 3962 Od.
1929 3943 1956 3966 2,
1971 3942 1998 3967 9,
2012 3941 2049 3960 21.
2086 3932 2186 3960 Addita

1468 3975 1499 4004 M
1529 3984 1543 4002 2

2092 3974 2187 4000 aetate,
